1626 2917
202 133 297 180 274
414 114 755 162 ΑΜΜΙᾹΝΙ
803 113 1285 163 MARCELLINI

202 221 383 270 vertiss‘e
402 240 412 269 :
432 221 532 285 qui,
560 214 996 282 motu³·1mperatoris
1014 238 1116 269 cum
1140 219 1383 269 abundanti
1405 221 1494 269 mi-

201 298 280 344 lite
304 293 494 358 cognito
513 329 527 348 ‚
562 293 857 355 popularibus
883 292 1067 356 jungere
1092 291 1297 340 festinant
1320 326 1335 351 ‚
1375 294 1494 342 circa

200 372 408 419 Beroeam
443 368 491 414 δε
529 366 798 428 Nicopolim
826 366 1080 429 ingentibus
1110 367 1322 429 praesidiis
1357 367 1494 417 fixis:

203 458 334 505 atque
366 439 490 486 illico
523 453 571 484 ut
600 436 764 484 oblatae
793 439 1019 487 ocafionis
1039 439 1264 487 maturitas
1292 441 1494 504 postula-

200 518 301 569 bat,
324 530 424 559 cum
446 511 716 558 trecentenis
750 511 966 558 militibus
998 528 1078 575 per
1101 511 1302 575 singulos
1338 531 1495 562 nume-

141 593 148 599 *
198 605 276 636 ros
296 585 418 632 lectis
438 622 449 638 ‚
467 583 999 648 Selmstianuspr‘operare
1017 585 1252 649 dispositus
1272 587 1332 635 est
1346 625 1358 645 ‚
1381 606 1494 636 con-

198 663 374 708 ducens
408 658 539 704 rebus
587 658 781 720 publicis
822 657 994 720 aliquid
1019 695 1033 715 ,
1074 674 1123 705 ut
1166 652 1459 722 'promittebat
1478 698 1497 731 3

199 736 390 784 asturus.
421 732 516 792 Qui
550 731 784 778 itineribus
822 732 1023 779 celeratis
1053 732 1330 794 conspectus·
1349 748 1496 798 prope

197 805 577 868 Hadrianopolim
591 841 602 858 ‚
629 804 844 851 obseratis
864 805 911 852 vi
937 800 1081 868 portis
1103 804 1229 866 juxta
1250 807 1369 854 adire
1389 824 1496 871 pro-

197 883 442 931 hibebatur
463 897 474 926 ι
502 877 659 925 veritis
680 877 988 925 defensoribus
1002 914 1015 937 ‚
1029 894 1091 925 'ne
1112 895 1266 942 captus
1295 879 1350 926 ab
1370 880 1496 927 hoste

197 955 381 1006 veniret
417 955 466 1000 &
500 951 766 998 subornatus
787 988 800 1009 ‚
835 965 968 1015 atque
1005 952 1290 1016 contingeret
1326 953 1496 1017 aliquid

197 1031 248 1078 in
278 1026 477 1076 civitatis
509 1025 783 1088 perniciem,
809 1026 1053 1088 quale‘per
1084 1026 1246 1071 Aitum
1271 1025 1495 1072 acciderat

197 1095 463 1150 Comitem:
491 1113 586 1161 quo
624 1114 702 1160 per
732 1096 933 1145 fraudem
974 1098 1296 1161 Magnentiacis
1335 1099 1495 1145 militi—

196 1174 281 1222 bus
306 1184 467 1233 cap10‚
495 1168 678 1216 claustra
701 1167 915 1230 patefafiia
937 1167 1035 1213 sunt
1057 1168 1240 1231 Alpium
1261 1169 1496 1218 Iuliarum.

199 1244 392 1309 Agnitus
422 1254 599 1297 tamen,
623 1241 729 1287 licet
755 1240 884 1298 sem,
915 1241 1220 1299 Sebastianus,
1259 1244 1309 1290 δι
1337 1244 1493 1290 urbem

195 1316 391 1369 introire
422 1315 682 1379 permistus,
706 1314 811 1361 cibo
833 1317 882 1362 &
913 1314 1064 1378 quiete
1095 1315 1258 1362 curatis
1293 1307 1378 1377 pro
1412 1333 1495 1364 co-

199 1393 274 1458 pia
289 1429 302 1450 ,
321 1406 436 1454 quos
461 1389 665 1434 dusiabat
688 1424 701 1446 ,
723 1387 869 1434 secuta
897 1387 998 1434 luce
1026 1385 1195 1450 ‘impetu
1216 1388 1494 1435 clandestino

199 1465 381 1528 erupit:
412 1462 686 1524 vesperaque
718 1460 981 1506 intendente
1000 1496 1011 1515 ,
1041 1461 1308 1507 Gothorum
1344 1460 1494 1508 vasta-

197 1540 347 1587 torios
381 1551 549 1583 cuneos
580 1550 720 1597 prope
745 1532 913 1580 flumen
941 1534 1141 1580 Hebrum
1164 1533 1312 1580 subito
1339 1533 1460 1581 visos
1479 1570 1494 1593 ‚

197 1611 422 1679 paulisper
459 1621 646 1671 opertus
676 1607 906 1670 aggeribus
943 1608 992 1654 &
1035 1605 1267 1665 fruteffis3
1302 1606 1494 1654 obscura

198 1686 332 1732 no&e
354 1680 565 1743 suspensis
589 1679 780 1742 pastibus
808 1678 1141 1740 incompositos
1164 1678 1382 1742 aggressus
1402 1678 1491 1726 est:

198 1759 403 1820 adeoque
423 1753 670 1817 prostravit
686 1788 699 1811 ‚
722 1764 794 1809 ut,
814 1765 974 1814 praeter
1003 1768 1171 1814 paucos
1189 1787 1203 1809 ,
1222 1763 1339 1815 quos
1363 1768 1492 1798 mor-

196 1846 243 1880 te
286 1829 506 1879 velocitas
549 1840 774 1874 exemerat
814 1828 977 1889 pedum
1007 1863 1020 1884 ,
1053 1826 1290 1873 interirent
1329 1826 1490 1890 reliqui

196 1920 357 1953 omnes
378 1922 389 1951 :
408 1903 696 1966 praedamque
711 1901 897 1948 retraxit
918 1901 1201 1947 innumeram
1222 1936 1235 1959 ,
1252 1916 1384 1963 quam
1408 1916 1491 1946 nec

195 1980 360 2028 civitas
391 1977 542 2039 cepit,
578 1992 662 2023 nec
698 1975 905 2038 planities
944 1975 1028 2022 lata
1066 1990 1343 2038 camporum.
1383 1975 1489 2034 Qua

191 2052 324 2102 causa
345 2053 536 2114 percitus
555 2040 852 2114 Fritigernus,
872 2051 922 2097 &
941 2048 1231 2096 extimescens
1250 2084 1263 2106 ‚
1286 2065 1341 2094 ne
1363 2049 1455 2095 (lux
1473 2085 1489 2106 ,

197 2141 251 2175 ut
287 2127 398 2189 saepe
440 2124 674 2183 audierat,
708 2123 1001 2185 impetrabilis
1042 2120 1261 2183 dispersos
1303 2121 1490 2168 licenter

198 2201 382 2248 suorum
404 2199 565 2262 globos
583 2197 819 2260 raptuique
846 2196 1043 2242 intentos
1067 2193 1377 2250 consumeret,
1401 2194 1487 2241 im-

197 2273 409 2337 provisos
429 2271 660 2318 adoriens:
682 2269 906 2317 revocatis
927 2267 1138 2314 omnibus
1163 2283 1307 2329 prope
1327 2267 1486 2330 Caby-

164 2373 167 2375 ·
196 2346 273 2393 len
304 2344 523 2410 oppidum
556 2343 650 2391 cito
677 2341 866 2391 disceffit
883 2376 898 2401 ,
925 2352 976 2388 ut
1002 2350 1180 2403 agentes
1210 2339 1257 2386 in
1285 2336 1485 2402 regioni-
