1626 2917
255 115 536 165 RERUM
585 79 1259 168 MEMORABILIUM.

163 225 240 278 fiyq.
261 224 396 264 urbem
414 222 601 276 direptam
619 223 724 265 exci-

172 281 256 327 dit,
285 282 320 319 &
350 280 542 320 AElianum
566 280 622 319 ibi
650 280 724 320 Co-

169 336 308 373 mitem
331 347 376 373 ac
397 334 589 374 Tribunos
622 336 721 384 pati-

172 388 273 427 bulis
298 389 428 439 affigit.
450 402 567 442 ¹9³9·
589 389 721 439 Singa·

168 455 253 483 ram
289 452 508 493 expugnat,
539 444 574 482 ἃ
609 443 723 493 oppi-

171 500 293 538 danos
315 509 359 536 ac
385 497 555 546 legiones
577 497 669 536 duas
681 498 720 536 in

168 561 340 592 extrema
371 550 526 590 Persidis
563 550 718 601 relegat.

169 621 244 654 20,
260 607 294 645 6.
317 604 518 645 Bezabden
542 617 630 643 cum
653 605 719 643 tri-

167 660 240 699 bus
264 659 478 710 legionibus
509 661 545 698 &
571 658 720 709 sagitta-

166 716 230 754 riis
259 713 462 764 oppidanis
490 714 606 764 capit.
645 727 718 761 20,

165 783 204 821 7.
219 769 384 807 eandem
399 776 612 817 reparatam
629 780 720 817 prae-

166 823 260 862 sidio
281 825 317 862 &
330 819 540 861 necessariis
558 821 716 861 instruit.

166 878 255 919 ibid,
276 877 422 916 Virtam
439 875 570 915 frustra
585 883 717 914 tentat.

166 932 251 970 ibid.
266 931 431 981 quinque
443 930 614 981 regiones
627 941 718 969 cum

167 995 236 1025 xv
253 984 433 1033 castellis,
452 986 488 1024 &
515 983 660 1024 Nifibin
673 996 716 1022 ac

165 1039 364 1089 Singaram
386 1051 480 1089 pace
495 1037 593 1077 faeta
612 1050 633 1076 a
647 1038 716 1085 Jo-

164 1093 277 1132 viano
309 1094 348 1132 A.
383 1095 418 1132 &
450 1091 629 1132 Romanis
654 1103 717 1129 ex-

163 1155 329 1196 torquet.
369 1159 414 1199 25
431 1176 442 1194 ,
469 1159 506 1196 7.
551 1145 714 1194 joviano

162 1209 316 1239 mortuo
329 1231 340 1249 ‚
356 1199 542 1240 Armeniis
557 1211 716 1238 manum

162 1255 300 1303 injicit.
325 1254 395 1302 26,
411 1269 446 1302 4.
464 1253 637 1293 Arsacem
658 1265 715 1290 re-

163 1321 252 1359 gem
275 1309 460 1348 Armeniae
487 1307 622 1346 fraude
646 1319 715 1345 ca-

163 1371 275 1413 ptum
314 1370 506 1408 excaecat,
538 1373 583 1400 ac
615 1361 715 1400 ferro

164 1415 364 1456 consumit.
383 1431 448 1467 27,
466 1430 523 1454 12.
551 1415 715 1455 Hiberia:

162 1469 415 1520 Aspacurem,
454 1469 634 1520 Cylacem
680 1471 716 1508 ὃς

162 1524 422 1565 Artabannem
431 1525 618 1564 Armeniae
629 1536 717 1573 prae-

162 1579 254 1619 ficit.
277 1580 363 1618 ibid.
390 1577 510 1617 multa
527 1579 714 1617 Armeniae

162 1632 281 1672 castra
317 1634 352 1672 δε
393 1631 542 1671 castella
573 1633 609 1670 vi
649 1641 716 1671 aut

164 1687 365 1726 deditione
393 1688 508 1737 capit.
531 1687 616 1725 ibid.
646 1689 715 1725 Ar-

162 1739 385 1791 togerass'am
431 1740 625 1787 incendit,
678 1742 713 1779 8<

161 1807 324 1846 ugrorem
348 1794 489 1834 Arsacis
523 1795 614 1834 inde
642 1795 714 1833 ab»

164 1848 282 1888 ducit.
309 1850 395 1888 ibid.

106 1903 355 1942 Saracenorum
371 1915 495 1942 mores
508 1934 518 1952 ‚
538 1905 573 1943 ἅ
589 1904 714 1941 incur-

160 1957 280 1997 {iones
304 1970 349 1997 ac
371 1957 469 1997 fitus.
499 1972 569 2006 14,
587 1973 621 2006 4.
650 1959 713 1997 Sa-

160 2025 384 2051 racenorum
415 2011 481 2051 aiii
515 2012 711 2059 Julianum

160 2066 200 2104 in
214 2065 315 2106 bello
328 2066 470 2106 Persico
482 2068 625 2115 juvant.
639 2079 685 2117 23
700 2095 711 2113 ,

165 2133 198 2172 5.
219 2135 287 2169 24,
311 2135 341 2159 1.
359 2119 420 2159 alii
436 2122 628 2170 Saporem.
648 2134 710 2169 24,

161 2187 196 2212 2.
211 2173 580 2225 Constantinopolim
597 2187 617 2213 a
635 2174 709 2213 Go-

158 2226 234 2265 this
270 2229 477 2268 victoribus
521 2237 708 2268 tentatam

159 2280 385 2321 defendunt.
441 2296 483 2336 31
501 2313 512 2331 ‚
550 2284 608 2322 16.
657 2282 706 2321 ad

159 2334 260 2373 furta
296 2335 383 2375 belli
414 2350 528 2387 quam
563 2337 612 2375 ad
639 2349 708 2385 pu-

162 2402 254 2438 gnas
268 2390 442 2439 aptiores.
462 2392 545 2429 ibid.
571 2403 705 2428 eorum

158 2443 315 2493 quidam
360 2444 515 2483 crinitus
558 2443 706 2496 sangui-

841 238 931 265 nem
962 239 984 265 e
1013 225 1148 277 jugulo
1173 224 1288 265 hostis
1310 225 1393 266 caefi

842 280 1001 321 exsuxit.
1019 282 1102 318 ibid.

785 332 955 372 Sarmatae
968 334 1198 384 superiorem
1215 332 1392 374 Moefiam

841 390 877 428 ὃ(
910 388 1117 427 secundam
1153 389 1391 428 Pannoniam

840 443 1087 492 populantur.
1120 444 1189 490 16,
1210 456 1266 482 10.
1298 443 1394 481 Pan.

839 497 973 536 nonias
1030 496 1284 546 Moefiamque
1326 509 1394 536 va-

839 550 946 589 stant.
973 562 1047 601 17,
1082 564 1141 589 12.
1175 562 1308 589 eorum
1333 563 1389 589 ar..

839 615 988 643 matura
1022 603 1133 643 hastae
1165 603 1291 655 longae
1327 603 1391 643 seu

839 659 969 706 conti,
996 661 1031 697 δε
1054 658 1179 698 loricae
1198 670 1245 697 ex
1269 658 1395 697 corni-

840 712 910 751 bus
938 712 1036 751 rafis.
1071 714 1157 751 ibid.
1191 713 1296 763 equis
1327 725 1391 751 ca-

838 767 959 805 stratis
993 767 1207 807 utebantur.
1249 768 1333 806 ibid.
1367 779 1391 806 a

839 820 1058 861 Constantio
1077 819 1332 860 Sarmatarum
1351 822 1390 860 δε

838 875 1064 924 Quadorum
1093 875 1170 924 agri
1193 874 1388 914 devastan-

838 938 910 967 tur.
936 930 1020 968 ibid.
1040 929 1216 968 Sarmatae
1238 931 1273 968 ὅ(
1289 929 1392 978 Qua-

837 983 877 1021 di
906 983 1117 1022 Pannonias
1140 983 1387 1033 populantur.

839 1037 886 1075 26
903 1067 913 1083 ‚
937 1054 974 1085 4.

784 1091 996 1128 Saturninus
1019 1090 1199 1140 Magister
1213 1091 1387 1141 equitum

836 1157 856 1182 a
871 1143 1030 1183 Valente
1045 1146 1084 1184 A.
1105 1145 1241 1193 fadius,
1257 1146 1388 1184 adver-

832 1197 892 1236 sus
905 1198 1053 1238 Gothos
1066 1201 1105 1237 in
1117 1199 1280 1239 Thracia
1292 1199 1389 1249 gras-

834 1251 958 1291 santes
989 1253 1162 1292 mittitur.
1192 1266 1258 1304 31,
1281 1253 1316 1292 8.
1346 1255 1388 1292 in

835 1305 973 1355 proelio
993 1307 1095 1357 apud
1120 1307 1385 1357 Hadrianopo-

833 1358 901 1398 lim
929 1360 1019 1411 fuga
1055 1361 1091 1399 se
1113 1361 1286 1411 periculo
1309 1363 1385 1402 exi-

834 1424 915 1454 mit.
945 1427 1006 1466 31,
1029 1428 1087 1467 13.

779 1470 1009 1507 Sauromacen
1039 1469 1136 1507 inter
1156 1471 1192 1509 ἃ
1216 1469 1384 1520 Aspacu-

832 1535 912 1561 rem
945 1522 1111 1562 Hiberiae
1143 1536 1302 1573 regnum
1330 1525 1385 1564 di-

833 1577 984 1616 viditur.
1010 1591 1058 1628 27
1076 1608 1088 1624 ,
1110 1591 1167 1616 12.

779 1632 942 1669 Saxones
973 1642 1060 1669 cum
1088 1631 1240 1670 Francis
1269 1632 1385 1672 Galli-

833 1696 948 1723 canos
985 1687 1123 1725 tracias
1146 1686 1304 1735 praedis,
1327 1687 1383 1726 in-

832 1739 997 1787 cendiis,
1012 1742 1046 1779 ἃ
1061 1741 1294 1790 captivorum
1313 1754 1385 1780 cae-

832 1793 944 1832 dibus
964 1794 1153 1833 infestant.
1177 1808 1250 1845 27,
1271 1795 1306 1834 8.
1329 1808 1388 1835 re-

831 1848 999 1898 pentinis
1012 1847 1220 1887 latrociniis
1233 1861 1277 1887 ac
1292 1862 1385 1899 prae..

832 1902 1049 1942 dationibus
1077 1916 1150 1953 prae
1175 1903 1307 1941 ceteris
1334 1905 1381 1942 ti-

831 1965 992 1996 mentur.
1022 1957 1070 1996 28
1087 1988 1098 2004 ,
1124 1972 1157 1996 2.
1194 1959 1234 1995 in
1261 1956 1385 1996 Gallia

830 2011 914 2061 post
935 2011 1053 2050 facias
1071 2011 1243 2050 inducias
1261 2025 1281 2050 a
1304 2011 1382 2050 Ro-

829 2067 953 2104 manis
987 2065 1130 2104 insidiis
1170 2065 1382 2104 circumve-

829 2119 995 2158 niuntur.
1025 2119 1097 2165 28.
1128 2133 1160 2174 5.

775 2175 923 2214 Scenitae
938 2173 1075 2213 Arabes
1090 2174 1265 2213 Saraceni
1279 2173 1379 2224 post-

828 2241 872 2267 ea
894 2227 1086 2278 appellati.
1112 2241 1181 2280 23,
1201 2229 1238 2267 6.

774 2282 974 2334 Scorpionis
1002 2282 1062 2321 vel
1086 2284 1215 2336 onagri
1241 2279 1376 2321 deseri-

826 2337 918 2386 ptio.
941 2350 1012 2388 23,
1030 2352 1065 2385 4.

772 2391 883 2428 Scotti
903 2390 1114 2429 Britannias
1129 2390 1284 2430 vastant.
1300 2388 1350 2428 26
1358 2417 1375 2443 ⁸,
1413 2436 1419 2445 Ι

825 2459 862 2493 4.
887 2457 934 2497 27
950 2473 963 2492 a
979 2444 1014 2484 8.
