1626 2917
239 175 292 220 16
429 170 1326 219 AMMIANIMARCELLINI

231 281 310 328 sub
343 279 642 336 Constantio,
664 277 740 324 ubi
771 276 945 324 susurro
978 290 1109 326 tenus
1143 279 1240 326 haec
1272 277 1523 326 moveban-

231 366 332 410 tur,
361 368 636 415 quemquam
667 348 936 397 absolutum.

311 430 388 474 VI.
415 431 532 474 lnter
556 425 650 471 haec
681 421 854 469 Orfitus
875 422 1076 470 Praefeffi
1103 422 1320 486 potestate
1342 422 1524 487 regebat

230 500 387 546 urbem
412 513 652 554 aeternam,
673 496 787 542 ultra
809 496 996 543 modum
1014 497 1170 543 delata:
1189 496 1416 560 dignitatis
1435 495 1524 543 sese

232 574 420 621 efferens
447 571 719 618 insolenter:
740 569 812 618 vir
845 570 1026 634 quidem
1051 571 1242 632 prudens
1258 606 1270 628 ‚
1297 571 1345 617 δε
1366 569 1525 616 foren-

231 647 342 692 suum
377 645 662 709 negotiorum
688 643 863 707 oppido
887 639 1046 707 'gnarus
1065 679 1077 701 ,
1103 644 1175 691 sed
1201 644 1438 707 splendore
1469 644 1526 690 li-

232 721 449 768 beralium
467 720 772 767 do&rinarum
795 718 966 776 minus,
985 735 1119 782 quam
1136 719 1337 766 nobilem
1357 721 1526 766 decue·

232 806 328 850 rat,
360 794 618 841 institutus:
644 809 738 856 quo
762 791 1122 851 administrante,
1151 793 1394 841 seditiones
1426 793 1527 840 sunt

234 866 474 914 concitatae
513 882 672 930 graves
711 867 772 912 ob
812 865 1016 928 inopiam
1051 865 1182 914 vini:
1220 865 1348 927 cujus
1381 866 1529 915 avidis

237 939 385 986 usibus
410 940 574 1004 vulgus
606 940 829 986 intentum
853 940 907 985 ad
937 952 1088 986 motus
1111 938 1287 1001 asperos
1309 940 1529 986 excitatur

237 1014 287 1060 &
308 1012 508 1058 crebros.
538 1014 593 1058 Et
611 1011 827 1075 quoniam
849 1011 999 1058 mirari
1021 1013 1142 1074 posse
1162 1012 1378 1075 quosdam
1400 1028 1532 1074 pere-

235 1084 392 1148 grinos
411 1085 619 1131 existimo
640 1085 736 1131 haec
755 1084 969 1141 lefturos,
992 1084 1176 1131 forfitan
1198 1085 1227 1131 si
1251 1086 1525 1149 contigerit,
1594 1115 1602 1130 ,›

237 1158 530 1222 quamobrem
546 1194 560 1213 ,
581 1175 684 1204 cum
707 1157 854 1204 oratio
874 1158 927 1203 ad
953 1175 1002 1204 ea
1025 1157 1312 1204 monstranda
1331 1158 1530 1205 deflexe-

237 1233 321 1291 rit,
345 1250 447 1296 quae
473 1233 633 1278 Romae
653 1247 940 1295 gererentur,
965 1232 1074 1278 nihil
1100 1246 1260 1294 praeter
1289 1232 1532 1280 seditiones

240 1317 466 1363 narratur,
500 1305 550 1351 &
583 1304 815 1361 tabernas,
855 1305 905 1351 &
940 1303 1137 1351 vilitates
1174 1305 1332 1351 harum
1370 1305 1533 1352 similes

239 1376 344 1424 alias
364 1395 375 1424 ε
397 1375 648 1423 summatim
671 1375 819 1422 causas
841 1376 1154 1440 perstringam,
1174 1377 1392 1440 nusquam
1411 1395 1434 1423 a
1455 1394 1534 1426 ve·
1595 1411 1600 1420 .

240 1450 372 1498 ritate
392 1449 551 1513 sponte
571 1449 756 1513 propria
778 1449 1059 1513 digressurus.
1081 1450 1312 1514 Tempore
1329 1468 1422 1515 quo
1443 1450 1534 1513 pri-

241 1524 327 1570 mis
355 1523 562 1586 auspiciis
595 1523 643 1570 in
669 1524 947 1571 mundanum
976 1523 1199 1588 fulgorem
1229 1523 1426 1588 surgeret
1454 1525 1532 1571 vi-

241 1595 366 1642 &ura
382 1631 396 1654 ,
413 1596 520 1642 dum
542 1607 675 1642 erunt
692 1595 900 1643 homines
913 1633 926 1653 ,
947 1598 1094 1643 Roma
1106 1632 1119 1654 ,
1140 1609 1190 1643 ut
1206 1609 1444 1660 augeretur
1463 1597 1531 1643 su·

243 1668 454 1715 blimibus
482 1668 797 1724 incrementis,
827 1667 999 1717 foedere
1026 1669 1146 1732 pacis
1173 1684 1351 1716 aeternae
1378 1669 1534 1716 Virtus

244 1742 468 1794 convenit
506 1756 639 1807 atque
679 1745 908 1803 Fortuna,
942 1743 1209 1808 plerumque
1247 1742 1534 1790 diffidentes:

242 1832 433 1879 quarum
463 1814 492 1861 fi
517 1815 653 1863 altera
685 1816 888 1864 defuisset
903 1854 915 1874 ‚
939 1818 993 1863 ad
1015 1816 1253 1879 perfectam
1276 1833 1371 1863 non
1394 1833 1536 1865 vene·-¹

244 1900 311 1933 rat
335 1887 647 1935 summitatem.
679 1888 786 1950 Ejus
816 1889 1014 1952 populus
1042 1889 1096 1936 ab
1130 1888 1411 1936 incunabulis
1439 1889 1536 1952 pri-

245 1961 329 2008 mis
347 1961 542 2025 adusque
561 1963 762 2025 pueritiae
781 1976 955 2026 tempus
972 1977 1221 2010 extremum
1235 2000 1248 2021 ‚
1266 1964 1391 2027 quod
1406 1964 1536 2011 annis

247 2035 618 2083 circumcluditur
655 2036 747 2084 fere
776 2038 1017 2096 trecentis,
1043 2038 1400 2085 circummurana
1432 2054 1535 2100 pet-

248 2108 354 2154 tulit
380 2108 527 2155 bella:
550 2108 709 2156 deinde
738 2122 911 2157 aetatem
942 2110 1151 2173 ingressus
1182 2109 1372 2156 adultam
1391 2145 1404 2167 ,
1435 2108 1536 2172 post
1596 2131 1603 2168 *J

248 2183 520 2245 multiplices
557 2186 782 2233 bellorum
818 2203 1061 2239 aerumnas,
1097 2185 1232 2247 Alpes
1268 2183 1538 2232 transcendit
1596 2216 1599 2241 ;

249 2257 299 2304 &
327 2256 488 2304 fretum
512 2277 522 2305 ι
546 2258 590 2304 in
620 2258 835 2320 juvenem
857 2261 1026 2307 erechts
1054 2262 1101 2307 &
1121 2259 1269 2306 virum
1288 2295 1300 2317 ‚
1321 2276 1376 2305 ex
1410 2255 1538 2305 omni
1601 2265 1617 2316 ζ».

250 2329 403 2393 plaga,
424 2349 557 2395 quam
580 2331 704 2379 orbis
725 2332 863 2380 ambit
885 2331 1143 2391 immensus,
1168 2333 1419 2395 reportavit
1438 2333 1538 2379 lau-
1599 2349 1601 2359 ¹

251 2419 338 2448 reae
359 2402 611 2466 triumphos
631 2422 642 2452 z
663 2403 840 2468 jamque
864 2421 1052 2470 vergens
1083 2405 1127 2451 in
1149 2405 1316 2451 senium
1333 2443 1344 2463 ,
1375 2406 1424 2453 &
1445 2421 1537 2450 no·

250 2475 371 2524 mine
389 2477 488 2526 solo
514 2477 754 2544 aliquoties
777 2478 995 2540 vincens,
1023 2478 1075 2527 ad
1095 2479 1409 2544 tranquilliora
1430 2478 1537 2531 vitae
1600 2524 1604 2527 .
