1626 2917
388 165 607 212 RERUM
641 165 980 213 GESTARUM
1016 166 1119 212 LIB.
1151 166 1275 214 XlV.
1413 184 1470 232 29

197 272 438 353 planitiem.
460 273 572 321 hanc
592 273 800 320 nobilitat
818 273 1082 331 Antiochia,
1098 274 1268 321 mundo
1289 275 1472 338 cognita

200 346 380 402 civitas,
403 346 479 392 cui
498 362 592 392 non
612 346 849 393 certaverit
872 347 955 393 alia
978 345 1257 394 adveffitiis
1247 359 1307 393 tta
1325 348 1474 395 afflue-

199 437 247 466 re
274 420 418 482 copiis
442 421 493 467 &
526 418 713 466 internis
743 421 791 467 &
821 420 1065 477 Laodicea,
1086 423 1135 468 &
1163 422 1374 484 Apamia,
1400 422 1476 468 iti-

199 493 387 555 demque
405 492 626 551 Seleucia,
642 492 729 553 jam
751 493 854 540 inde
869 511 892 539 a
913 493 1065 555 primis
1082 493 1282 556 auspiciis
1302 493 1476 540 floren-

197 563 382 613 tiffimae.
411 564 513 613 Post
534 566 650 613 hanc
670 565 851 612 acclinis
877 566 1049 612 Libano
1072 566 1217 611 monti
1235 566 1474 625 Phoenice,

197 635 323 698 regio
348 636 480 699 plena
499 637 738 700 gratiarum
762 639 811 686 &
844 637 1113 695 venustatis,
1132 638 1317 684 urbibus
1343 638 1479 685 deco-

196 721 289 755 rata
316 710 488 773 magnis
509 712 558 757 &
578 711 770 772 pulchris
789 729 800 758 :
822 711 868 757 in
889 711 1050 774 quibus
1079 712 1340 758 amoenitate
1361 712 1479 759 cele-

196 780 444 845 britateque
466 783 704 830 nominum
719 784 873 846 Tyrus
891 783 1095 840 excellit,
1111 784 1249 829 Sidon
1273 785 1321 831 &
1343 784 1477 847 Bery-

197 868 268 903 tus
283 893 295 913 ,
317 856 559 920 iisdemque
581 875 704 920 pares
718 895 732 916 ,
752 857 910 903 Emissa
927 894 940 914 ,
960 859 1009 904 ὅ(
1035 858 1277 905 Damascus
1293 894 1306 914 ,
1324 858 1481 905 seculis

198 930 394 977 conditae
414 931 580 993 priscis.
601 932 690 977 Has
710 944 855 976 autem
882 931 1168 993 provincias,
1191 949 1299 995 quas
1318 932 1479 979 Oron-

199 1017 263 1048 tes
297 1004 495 1050 ambiens
527 1004 696 1062 amnis,
733 1004 935 1067 imosque
977 1004 1110 1065 pedes
1142 1005 1275 1052 Caffii
1308 1007 1478 1053 montis

196 1074 316 1122 illius
359 1075 460 1122 celfi
497 1091 836 1139 praetermeans,
869 1075 1071 1122 funditur
1106 1076 1153 1122 in
1190 1077 1479 1125 Parthenium

199 1164 346 1203 mare,
362 1148 450 1196 Cn.
470 1146 727 1210 Pompejm,
754 1148 958 1210 superato
979 1148 1201 1211 Tigrane,
1222 1149 1369 1213 regnis
1393 1154 1481 1196 Ar·-

198 1222 452 1269 meniorum
495 1221 727 1270 abstraEias
767 1222 930 1268 ditioni
964 1222 1183 1269 Romanae
1226 1223 1480 1284 conjunxit.

200 1295 370 1342 Ultima
394 1296 626 1360 Syriarum
653 1297 712 1342 est
738 1295 992 1351 Palaestina,
1025 1312 1102 1357 per
1122 1295 1357 1343 intervalla
1383 1315 1480 1344 ma·-

200 1384 285 1449 gna
307 1381 540 1430 protenta,
561 1369 690 1416 cultis
717 1370 945 1415 abundans
976 1369 1104 1415 terris
1137 1371 1186 1416 δε
1220 1370 1398 1429 nitidis,
1431 1374 1481 1421 ὃς

201 1441 407 1488 civitates
432 1442 599 1488 habens
620 1441 826 1504 quasdam
851 1442 995 1506 egregi
1001 1458 1070 1499 as,
1089 1443 1253 1488 nullam
1276 1444 1387 1490 nulli
1408 1462 1482 1491 ce-

200 1514 408 1570 dentem,
439 1513 513 1559 sed
538 1513 618 1559 fibi
651 1513 836 1561 viciffim
868 1514 995 1559 velut
1024 1513 1077 1559 ad
1106 1514 1480 1576 perpendiculum

202 1549 411 1633 aemulas':
440 1586 711 1644 Caesaream,
745 1603 876 1649 quam
904 1586 958 1632 ad
985 1587 1210 1633 honorem
1238 1588 1482 1639 ORaviani

201 1657 415 1721 principis
434 1656 733 1705 exaedificavit
755 1658 983 1714 Herodes,
1000 1659 1048 1706 ὅ(
1067 1658 1453 1723 Eleutheropolim
1466 1698 1482 1720 ‚

201 1733 251 1778 &
271 1731 513 1794 Neapolim
528 1768 543 1788 ‚
563 1730 804 1794 itidemque
833 1730 1125 1788 Ascalonem,
1152 1733 1318 1779 Gazam
1333 1770 1348 1790 ,
1376 1752 1481 1782 aevo

201 1803 429 1868 superiore
467 1805 718 1852 exstrufiias.
767 1806 815 1849 ln
850 1804 917 1850 his
959 1804 1170 1851 traffibus
1216 1807 1481 1870 navigerum

202 1877 416 1939 nusquam
445 1876 599 1924 visitur
618 1875 815 1922 flumen:
836 1877 884 1922 ὃ(
908 1875 954 1921 in
980 1875 1095 1923 locis
1122 1876 1325 1938 plurimis
1353 1896 1481 1942 aquae

200 1948 353 2011 suapte
376 1962 531 1996 natura
550 1948 743 1996 calentes
764 1960 1021 2011 emergunt,
1040 1948 1093 1994 ad
1114 1948 1212 1995 usus
1231 1965 1344 2013 aptae
1366 1953 1480 1997 mul·

200 2021 422 2084 tiplicium
452 2021 735 2068 medelarum.
760 2022 931 2067 Verum
956 2021 1033 2066 has
1060 2037 1243 2083 quoque
1268 2021 1479 2086 regiones

199 2093 296 2156 pari
312 2092 429 2140 sorte
441 2094 679 2157 Pompeius
697 2128 710 2149 ,
729 2092 888 2140 Judaeis
904 2093 1111 2149 domitis,
1133 2096 1181 2140 δέ
1205 2094 1480 2160 Hierosoly·-

202 2169 286 2217 mis
301 2170 464 2231 captis,
485 2170 531 2216 in
557 2167 810 2232 provinciae
838 2167 1028 2230 speciem
1050 2167 1214 2214 redori
1239 2167 1380 2214 delata
1409 2168 1482 2228 ju.-

203 2240 458 2289 risdiEtione
482 2241 715 2289 formavit.
748 2241 866 2288 Huic
896 2240 1063 2287 Arabia
1084 2241 1145 2287 est
1163 2241 1391 2299 conserta,
1422 2259 1480 2288 ex

203 2312 295 2360 alio
330 2315 472 2363 -la'tere
513 2315 738 2362 Nabataeis
780 2315 993 2378 contigua
1023 2351 1036 2373 ,
1074 2315 1225 2378 opima
1268 2316 1480 2364 varietate

204 2387 613 2444 commerciorum,
646 2385 877 2449 castrisque
911 2387 1096 2449 oppleta
1128 2386 1288 2435 validis
1325 2389 1374 2435 &
1412 2404 1480 2434 can

202 2457 364 2519 stellis,
381 2476 483 2524 quae
510 2460 566 2508 ad
586 2460 867 2525 repellendos
898 2461 1096 2525 gentium
1127 2460 1377 2510 vicinarum
1402 2477 1484 2511 ex·-,
