1626 2917
180 134 272 194 258
375 130 727 180 AMMIANI
777 129 1276 176 MARCELLINI

177 252 330 288 motus
351 240 463 302 saepe
489 238 724 303 contigisse
745 239 1067 288 monstrabunt.
1087 242 1365 289 Inundarunt
1384 243 1468 288 lta-

176 313 281 360 liam
314 329 370 358 ex
394 312 556 358 abditis
588 312 764 359 Oceani
791 311 994 375 partibus
1023 313 1258 361 Teutones
1283 326 1468 376 repente

177 403 280 433 cum
299 383 495 431 Cimbris
520 400 531 430 ε
565 383 639 430 sed
662 383 766 446 post
792 383 981 432 inflictas
1000 384 1064 431 rei
1081 385 1299 432 Romanae
1320 385 1468 432 clades

174 456 412 506 immensas
432 491 448 516 ‚
478 455 646 504 ultimis
683 457 858 519 proeliis
890 474 969 520 per
1007 457 1142 504 duces
1175 458 1469 520 ampliffimos

174 530 404 593 superati,
429 530 537 594 quid
571 530 766 593 potestas
804 531 970 578 Martia
1001 531 1054 578 de
1081 531 1235 578 habitu
1269 532 1468 594 pruden-

173 605 252 652 tiae
281 604 458 662 valeat,
491 603 704 651 radicitus
737 604 967 667 exstirpati
997 603 1325 651 discriminibus
1358 604 1471 651 didi-

174 694 280 726 cere
299 676 527 740 supremis,
547 679 705 725 Marco
724 676 878 723 itidem
901 677 1168 724 moderante
1194 677 1431 740 imperium
1450 712 1466 735 ,

174 768 317 799 unum
349 750 556 814 spirando
590 750 771 797 vesania
805 751 1008 814 gentium
1040 750 1342 808 diffonarum,
1363 751 1467 813 post

173 825 401 874 bellorum
441 822 644 888 fragores
679 822 921 870 immensos
947 859 961 882 ,
996 823 1097 886 post
1123 826 1147 849 ⁴*
1176 823 1240 869 eri
1282 823 1467 870 urbium

173 911 410 961 captarum
443 899 493 945 &
523 897 797 959 direptarum
818 896 868 943 &
901 896 1071 959 pessum
1089 899 1113 921 *
1133 895 1335 943 concitas
1355 912 1468 958 pro·

172 972 336 1022 tatoris
353 975 378 997 ἦ
400 970 605 1017 interitus
624 1006 637 1027 ‚
659 982 807 1032 partes
836 986 996 1016 eorum
1023 969 1203 1033 exiguas
1224 969 1468 1033 reliquiffet

170 1047 366 1096 intactas.
392 1047 565 1091 Verum
594 1061 705 1090 mox
732 1043 834 1106 post
867 1043 1124 1091 calamitosa
1150 1044 1376 1107 dispendia
1397 1060 1467 1090 res

170 1121 222 1170 in
246 1121 469 1182 integrum
491 1116 591 1163 sunt
621 1116 832 1163 restitutae
859 1133 869 1162 :
896 1115 980 1162 hac
1009 1115 1148 1179 gratia
1166 1151 1179 1174 ,
1199 1116 1326 1180 quod
1346 1132 1466 1162 non-

171 1194 282 1240 dum
311 1189 539 1237 solutioris
567 1187 678 1236 vitae
709 1188 902 1235 mollitie
935 1188 1082 1235 sobria
1120 1188 1315 1237 vetustas
1346 1187 1466 1234 infe-

171 1268 265 1323 cta,
293 1281 376 1312 nec
397 1261 642 1310 ambitiosis
659 1260 845 1319 mensis,
866 1277 949 1308 nec
978 1260 1208 1325 flagitiosis
1226 1262 1466 1325 quaestibus

171 1339 374 1387 inhiabat
405 1355 417 1383 ε
452 1335 526 1383 sed
553 1333 832 1381 unanimanti
861 1334 1022 1381 ardore
1052 1334 1212 1380 summi
1239 1336 1289 1382 &
1320 1334 1464 1382 infimi

172 1414 293 1462 inter
324 1410 367 1458 se
405 1423 707 1473 congruentes
727 1442 743 1464 ,
769 1408 823 1454 ad
854 1406 1097 1470 speciosam
1139 1423 1224 1470 pro
1261 1407 1464 1470 republi-

170 1503 224 1535 ca
264 1496 458 1531 mortem
481 1517 494 1540 ,
526 1492 740 1544 tanquam
784 1480 840 1527 ad
878 1493 1063 1543 portum
1101 1480 1296 1544 aliquem
1333 1492 1462 1529 tran-

171 1556 366 1622 quillum
394 1553 700 1617 properabant
730 1553 778 1599 &
799 1551 1036 1615 placidum.
1057 1553 1257 1600 Duobus
1276 1554 1464 1601 navium

172 1631 373 1681 millibus
406 1638 623 1691 perrupto
650 1625 859 1688 Bosporo
898 1626 950 1673 δι
976 1624 1185 1672 litoribus
1211 1627 1464 1689 Proponti-

172 1705 242 1751 dis
261 1699 579 1766 Scythicarum
606 1696 804 1760 gentium
831 1709 1028 1744 catervae
1049 1696 1318 1760 transgreffae
1337 1734 1350 1756 ,
1369 1698 1465 1747 edi-1

172 1775 337 1822 derunt
369 1770 551 1834 quidem
583 1767 764 1815 acerbas
791 1779 908 1814 terra
940 1766 1137 1829 marique
1170 1766 1361 1831 strages:
1389 1767 1462 1815 sed

173 1846 323 1898 amissa
349 1846 530 1892 suorum
561 1854 685 1905 parte
717 1840 910 1887 maxima
941 1852 1239 1888 reverterunt.
1271 1840 1464 1890 Cecide-

173 1934 281 1969 runt
308 1917 565 1965 dimicando
592 1932 696 1963 cum
730 1914 928 1961 barbaris
960 1917 1255 1976 Imperatores
1286 1914 1463 1973 Decii,

172 2004 301 2055 pater
327 1991 377 2039 δι
398 1988 530 2035 filius.
558 1985 753 2034 Obsessae
778 1985 1058 2050 Pamphyliae
1085 1985 1291 2033 civitates
1309 2023 1322 2041 ,
1342 1985 1461 2033 insu·

164 2064 229 2110 '1ae
266 2061 496 2125 populatae
532 2058 817 2121 complures,
849 2056 1122 2104 inflammata
1155 2058 1461 2116 Macedonia3

168 2134 324 2183 omnis
353 2133 431 2180 diu
464 2131 710 2179 multitudo
744 2129 1107 2191 Thessalonicam
1141 2129 1459 2187 circumsedit,

170 2208 419 2270 itidemque
446 2206 688 2269 Cyzicum.
707 2203 957 2250 Anchialos
985 2194 1114 2265 capta
1132 2238 1145 2259 ‚
1178 2205 1227 2251 δι
1251 2216 1459 2266 tempore

169 2283 333 2330 eodem
360 2280 630 2342 Nicopolis,
655 2295 789 2342 quam
820 2277 1040 2325 indicium
1069 2276 1274 2323 victoriae
1297 2289 1458 2324 contra

172 2356 333 2403 Dacos
369 2350 591 2412 Traianus
632 2349 838 2399 condidit
875 2352 1135 2412 Imperator.
1170 2349 1274 2396 Post
1310 2349 1457 2396 clades

171 2441 375 2492 acceptas
411 2425 640 2489 illatasque
664 2424 825 2472 multas
843 2426 893 2473 &
910 2422 1047 2474 saevas
1065 2458 1081 2485 ‚
1105 2422 1249 2472 excisa
1269 2422 1328 2470 est
1348 2422 1454 2469 Phi-
