1626 2917
226 111 319 160 300
588 96 1140 145 EXCERPTA

224 205 319 250 &os
352 202 512 250 limites
541 216 786 265 eruperunt
809 240 821 259 ,
841 205 890 251 &
919 203 1084 250 vastata
1107 204 1298 251 Thracia
1319 205 1366 252 &
1386 208 1505 252 Moe-

221 278 281 324 fia
310 278 479 340 praedas
509 294 639 340 agere
663 291 917 339 coeperunt.
949 279 1081 324 Tunc
1112 278 1395 325 Constantini
1417 292 1504 325 ter-

221 366 326 397 rore
357 353 405 397 &
434 350 602 411 impetu
621 350 797 413 repreffi
816 387 831 410 ,
861 350 1069 412 captivos
1095 350 1159 395 illi
1178 350 1406 413 impetrata
1429 369 1506 414 pa-

221 439 272 469 ce
302 422 605 470 reddiderunt.
637 424 719 470 sed
749 424 839 472 hoc
870 423 1070 470 Licinius
1095 436 1252 470 contra
1289 422 1418 470 fidem
1442 424 1504 471 fa·

220 493 337 540 &um
369 493 547 556 questus
575 493 659 552 est,
686 495 812 558 quod
846 506 989 557 partes
1021 494 1106 541 suae
1137 494 1193 541 ab
1222 494 1311 540 alio
1340 494 1506 542 fuerint.

220 547 477 614 vindicatae.
501 566 682 614 Deinde
708 585 808 616 cum
831 569 1035 615 variasset
1072 568 1188 615 inter
1216 567 1506 630 supplicantia

219 641 272 686 &
298 639 480 702 superba
498 641 723 698 mandata,
745 641 853 689 iram
882 642 1166 690 Constantini
1191 642 1352 688 merito
1378 643 1506 689 exci-

220 714 350 761 tavit.
375 716 455 760 Per
483 727 711 776 tempora,
734 716 894 779 quibus
916 717 1117 763 nondum
1146 716 1378 779 gerebatur
1408 715 1505 761 bel-

220 787 313 832 lum
347 787 485 833 civile
505 824 518 845 ,
551 788 623 834 sed
649 789 751 835 item
783 791 1017 849 parabatur
1035 826 1050 846 ‚
1074 789 1271 836 Licinius
1305 788 1467 834 scelere
1487 822 1503 843 ‚

219 859 402 906 avaritia
424 895 437 916 ‚
465 860 727 907 crudelitate
748 897 761 916 ‚
788 861 974 907 libidine
1002 860 1209 907 saeviebat
1230 879 1243 907 τ
1263 860 1420 907 occisis
1442 859 1507 905 ob

219 931 403 979 divitias
422 932 623 994 pluribus
639 969 652 990 ‚
674 933 893 980 uxoribus
914 951 1072 981 eorum
1093 935 1332 996 corruptis.
1357 935 1506 995 Rupta

218 1002 306 1065 jam
339 1021 446 1066 pace
475 1005 702 1068 utriusque
733 1006 1326 1063 exercitus‚Constantinus
1357 1005 1508 1053 Caesa-

217 1094 311 1122 rem
352 1076 557 1136 Crispum
589 1094 693 1124 cum
730 1077 885 1140 grandi
931 1078 1061 1124 classe
1098 1078 1153 1123 ad
1196 1077 1507 1139 occupandam

219 1150 362 1196 Asiam
391 1149 603 1195 miserat:
628 1149 699 1196 cui
732 1150 786 1196 de
817 1162 941 1211 parte
973 1149 1136 1196 Licinii
1170 1150 1369 1195 similiter
1402 1166 1506 1196 cum

217 1222 456 1268 navalibus
485 1221 630 1284 copiis
664 1223 894 1269 Amandus
931 1223 1145 1268 obstabat.
1165 1221 1363 1268 Licinius
1391 1238 1507 1269 vero

219 1296 339 1342 circa
367 1295 745 1356 Hadrianopolim
776 1294 977 1342 maximo
1000 1295 1199 1342 exercitu
1226 1295 1359 1340 latera
1379 1295 1507 1342 ardui

216 1367 387 1416 montis
412 1366 693 1428 impleverat.
715 1367 826 1414 Illuc
855 1380 959 1414 toto
981 1367 1157 1431 agmine
1180 1367 1505 1415 Constantinus

216 1440 409 1488 inflexit.
452 1440 571 1486 Cum
613 1440 779 1485 bellum
826 1453 941 1486 terra
981 1439 1179 1502 marique
1224 1440 1467 1486 traheretur
1490 1471 1509 1495 ,

216 1512 424 1577 quamvis
456 1528 537 1574 per
553 1512 743 1559 arduum
778 1511 864 1559 suis
889 1512 1162 1569 nitentibus,
1192 1524 1385 1558 attamen
1417 1512 1508 1558 dis-

216 1585 383 1648 ciplina
414 1584 597 1631 militari
643 1585 694 1632 &
735 1583 947 1632 felicitate
984 1584 1306 1632 Constantinus
1343 1584 1507 1632 Licinii

217 1659 455 1707 confusum
488 1662 537 1707 &
564 1659 654 1706 fine
675 1659 835 1705 ordine
865 1672 1069 1722 agentem
1091 1658 1205 1705 vicit
1231 1657 1507 1715 exercitum,

216 1734 378 1780 leviter
402 1727 574 1779 femore
603 1732 834 1780 sauciatuS.
874 1732 1057 1779 Dehinc
1098 1731 1273 1795 fugiens
1309 1730 1508 1777 Licinius

218 1806 487 1871 Byzantium
507 1805 646 1868 petit:
667 1822 760 1868 quo
782 1806 888 1852 dum
907 1805 1149 1852 multitudo
1167 1804 1365 1866 diffipata
1390 1819 1506 1850 con·-

217 1881 450 1937 tenderet,
479 1879 629 1927 clauso
649 1879 873 1943 Byzantio
895 1878 1094 1925 Licinius
1114 1877 1393 1924 obsidionem
1414 1891 1506 1923 ter-

217 1970 370 2001 renam
407 1952 538 1999 maris
576 1951 755 1999 securus
797 1952 989 2014 agitabat
1024 1970 1035 1999 :
1072 1950 1146 1997 sed
1182 1950 1506 1998 Constantinus

218 2024 394 2072 classem
426 2024 608 2087 collegit
637 2040 693 2070 ex
722 2023 927 2070 Thracia.
950 2023 1132 2070 Dehinc
1158 2023 1285 2070 solita
1310 2022 1506 2069 vanitate

218 2097 417 2145 Licinius
435 2096 754 2143 Martinianum
772 2096 850 2142 fibi
871 2097 1087 2144 Caesarem
1111 2096 1289 2160 [fecit]
1322 2096 1509 2158 Crispus

217 2188 333 2217 vero
363 2188 462 2218 cum
494 2171 619 2217 classe
652 2171 937 2218 Constantini
974 2171 1235 2233 Callipolim
1265 2170 1505 2233 pervenit,

217 2246 296 2292 ubi
325 2245 445 2292 bello
465 2246 690 2291 maritimo
719 2246 777 2292 fic
800 2246 1055 2292 Amandum
1077 2244 1187 2291 vicit
1204 2281 1219 2301 ‚
1243 2258 1290 2291 ut
1320 2245 1399 2290 vix
1426 2261 1505 2307 per

219 2335 299 2365 eos
314 2354 329 2377 ,
347 2317 423 2382 qui
442 2318 487 2363 in
508 2319 642 2365 litore
667 2318 966 2364 remanserant
986 2354 1000 2376 ,
1027 2317 1162 2364 vivus
1185 2318 1413 2365 Amandus
1435 2316 1504 2364 ef-

222 2391 406 2457 fugeret.
430 2392 585 2441 Claffis
604 2410 718 2443 vero
750 2392 913 2442 Licinii
943 2393 1018 2444 vel
1039 2392 1258 2457 oppreffa,
1278 2392 1354 2443 vel
1377 2405 1504 2456 capta
