1626 2917
227 161 316 204 144
416 146 761 191 AMMIANI
818 145 1306 193 MARCELLINI

223 253 370 300 verbis
399 253 553 298 acerba
574 252 867 298 meditabatur
886 252 929 297 in
956 253 1132 300 multos.
1170 257 1221 300 Et
1244 254 1389 316 primo
1408 254 1500 300 Ru-

221 326 357 373 finam
389 344 487 372 cum
521 327 738 373 universis
767 327 1022 373 auctoribus
1050 327 1248 372 adulterii
1283 327 1501 373 commisii

221 400 295 445 vel
323 399 511 446 consciis
536 399 759 445 interfecit
776 435 789 455 ,
822 399 947 460 super
968 400 1130 461 quibus
1147 399 1398 446 Ursicinum
1430 415 1501 444 re-

221 472 366 519 tulisse
394 472 682 534 praediximus
712 491 721 517 :
747 471 857 518 alios
891 472 1048 518 deinde
1084 473 1337 534 complures
1375 472 1501 517 nullo

221 546 469 592 noxiorum
510 545 762 592 discrimine
804 545 878 591 vel
916 545 1177 591 insontium.
1226 549 1271 591 ln
1310 558 1507 591 cruento.

215 618 341 664 enim
376 619 618 664 certamine
658 636 759 665 cum
793 619 1048 664 Maximino
1089 619 1210 664 velut
1248 618 1503 679 antepilano

220 690 305 738 suo
337 691 613 737 contendens
630 727 644 747 ,
667 690 870 752 superare
891 708 990 737 eum
1015 691 1058 736 in
1081 690 1354 737 succidendis
1378 689 1503 735 fami·

218 763 377 809 liarum
408 763 626 809 nobilium
661 763 813 809 nervis
840 762 1036 809 studebat
1059 781 1069 809 z
1095 762 1279 809 Busirim
1306 777 1504 807 veterem

219 838 274 882 &
293 836 502 882 Antaeum
523 835 718 881 imitatus
734 871 746 890 ,
768 837 815 882 &
836 835 1053 881 Phalarim
1069 850 1142 892 ,ut
1160 850 1310 881 taurus
1330 834 1370 879 ei
1391 833 1507 878 solus

219 907 364 954 deesse
383 908 610 953 videretur
640 908 972 972 Agrigentinus.
1007 908 1086 953 His
1116 907 1160 952 in
1183 908 1300 953 hunc
1320 905 1504 951 modum

221 1000 275 1030 ac
302 982 462 1028 talibus
486 981 698 1038 aftitatis,
723 980 947 1044 Hesychia
975 982 1176 1044 quaedam
1197 994 1398 1026 matrona
1415 1015 1427 1035 ,
1446 978 1509 1023 ob

220 1053 489 1103 intentatum
507 1056 675 1101 crimen
693 1091 704 1111 ,
728 1057 770 1099 in
792 1056 931 1100 domo
950 1054 1216 1116 apparitoris
1231 1091 1243 1109 ,
1263 1054 1333 1100 cui
1361 1051 1506 1098 custo-

220 1130 386 1175 dienda
409 1127 468 1173 est
488 1127 666 1181 tradita,
688 1127 825 1172 multa
857 1127 1166 1188 pertimescens
1187 1128 1234 1172 &
1258 1125 1370 1170 saeva
1386 1159 1397 1181 ,
1418 1124 1506 1169 ful-

221 1220 305 1251 cro
329 1203 512 1264 plumeo
546 1202 677 1247 vultu
711 1203 941 1248 contra&o
973 1200 1205 1255 incubuit,
1237 1201 1285 1246 &
1315 1199 1506 1245 animam

221 1275 411 1324 occluso
442 1276 614 1322 narium
638 1274 908 1337 spiramento
942 1274 1112 1320 effudit.
1148 1273 1416 1333 Adiunctum
1448 1272 1507 1319 est

221 1348 292 1395 his
326 1348 443 1393 aliud
482 1347 600 1393 haud
633 1347 782 1393 mitius
819 1347 997 1392 malum.
1034 1347 1274 1392 Eumenius
1311 1346 1429 1392 enim
1458 1348 1507 1393 &

223 1421 447 1478 Abienus,
473 1420 608 1467 ambo
635 1437 689 1466 ex
719 1433 843 1466 coetu
879 1420 1143 1481 ampliffimo
1162 1456 1175 1478 ‚
1202 1419 1402 1466 infamati
1431 1419 1508 1465 sub

224 1495 480 1541 Maximino
513 1493 558 1539 in
584 1492 836 1540 Fausianam
873 1492 1081 1538 feminam
1116 1509 1209 1538 non
1245 1492 1507 1549 obscuram,

224 1566 327 1630 post
346 1565 569 1612 Victorini
590 1565 784 1622 obitum,
806 1581 898 1628 quo
919 1564 1102 1624 juvante
1124 1565 1277 1610 vixere
1298 1564 1510 1622 securius,

226 1640 446 1701 Simplicii
474 1639 671 1685 adventu
699 1637 1029 1701 perterrefacti,
1050 1655 1142 1683 non
1163 1637 1282 1684 secus
1313 1639 1510 1684 volentis

225 1731 388 1776 magna
414 1730 516 1759 cum
543 1711 675 1758 minis
695 1747 708 1767 ,
731 1711 786 1756 ad
814 1711 974 1757 secreta
1011 1712 1291 1773 receptacula
1323 1710 1363 1756 se
1396 1727 1510 1756 con-

226 1789 442 1834 tulerunt.
473 1786 556 1832 Sed
591 1785 797 1831 Fausiana
831 1786 1036 1830 damnata
1070 1784 1184 1830 inter
1218 1800 1316 1829 reos
1342 1782 1507 1844 recepti

227 1859 476 1922 vocatique
517 1858 702 1916 ediffis,
741 1857 873 1903 semet
915 1856 1146 1902 abstrusius
1186 1857 1507 1902 amandarum:

230 1949 425 1995 quorum
464 1931 663 1978 Abienus
694 1931 808 1991 apud
840 1929 1069 1992 Anepsiam
1110 1930 1184 1975 diu
1219 1928 1511 1974 delitescebat.

229 2006 315 2050 Sed
351 2019 400 2051 ut
429 2004 572 2050 solent
600 2003 808 2065 insperati
838 2002 957 2049 casus
985 2019 1224 2066 aggravare
1244 2001 1510 2047 miserabiles

230 2079 376 2124 clades
394 2113 406 2134 ,
426 2077 686 2138 Apaudulus
709 2076 914 2133 nomine,
937 2076 1087 2122 servus
1111 2075 1328 2136 Anepsiae,
1347 2074 1510 2119 verbe-

233 2162 341 2196 ratae
371 2149 574 2212 conjugis
605 2149 764 2194 dolore
784 2149 1028 2211 perculsus,
1058 2148 1285 2209 negotium
1314 2148 1366 2193 ad
1398 2146 1509 2192 Sim·

233 2224 416 2288 plicium
445 2225 603 2270 detulit
636 2226 765 2271 nocte
795 2224 1068 2286 progressus:
1104 2222 1301 2284 miliique
1335 2221 1510 2283 appari-

235 2310 358 2344 tores
380 2297 600 2344 indicatos
629 2314 651 2343 e
679 2297 855 2343 latebris
886 2296 1202 2342 abstraxerunt.
1232 2299 1281 2340 Et
1313 2294 1509 2341 Abienus

233 2369 414 2430 quidem
435 2406 446 2424 ‚
468 2383 727 2432 exaggerato
759 2370 945 2416 crimine
973 2367 1134 2428 stupri,
1164 2369 1285 2432 quod
1319 2366 1507 2412 intulisse

237 2443 466 2491 dicebatur
504 2444 733 2506 Anepsiae,
772 2456 917 2491 morte
959 2442 1192 2507 mulc'lfitus
1236 2441 1308 2488 est.
1348 2440 1510 2486 Mulier
