1626 2917
247 181 334 229 180
430 180 772 227 AMMIANI
822 179 1325 226 MARCELLINI

237 286 347 350 {efiia
363 324 377 346 ‚
398 287 701 351 percussorum
723 286 924 333 dexteras
953 285 1186 349 fatigavit,
1210 284 1447 333 tormentis
1465 286 1517 335 &

236 360 425 423 plumbo
450 360 499 406 &
530 358 794 405 verberibus
824 371 926 404 ante
947 358 1202 404 debilitata:
1234 357 1516 420 sumtumque

237 433 298 477 est
327 433 381 478 de
399 431 663 495 quibusdam
690 431 778 477 fine
803 430 1073 493 spiramento
1103 430 1176 476 vel
1199 446 1325 476 mora
1347 429 1516 493 suppli-

237 506 356 552 cium
372 539 387 560 ‚
414 505 514 552 dum
539 504 753 567 quaeritur
768 540 781 561 ,
802 521 857 550 an
879 504 989 552 sumi
1010 503 1190 549 deberet
1209 521 1219 550 :
1241 504 1289 550 &
1309 517 1358 549 ut
1376 520 1515 566 pecu-

237 581 345 626 dum
364 579 530 643 ubique
554 579 797 626 trucidatio
818 578 1095 625 cernebatur.
1114 576 1293 623 Deinde
1313 576 1511 640 congesti

236 655 460 701 innumeri
482 655 691 712 codices,
719 655 769 702 ὅ(
790 653 944 701 acervi
974 652 1261 699 voluminum
1286 652 1414 698 multi
1438 651 1516 699 sub

237 727 473 789 conspe&u
511 726 708 787 judicum
746 724 1022 773 concremati
1054 723 1177 781 sunt,
1213 741 1269 771 ex
1306 724 1516 772 domibus

233 802 350 847 eruti
378 801 515 848 variis
536 814 586 847 ut
610 799 783 855 illiciti,
803 799 856 845 ad
884 798 1133 845 leniendam
1158 797 1368 845 caesorum
1391 797 1518 845 invi-

234 873 351 921 diam
368 909 381 929 ‚
402 890 501 921 cum
529 872 665 919 essent
690 872 890 935 pictique
911 871 1158 917 liberalium
1182 870 1517 932 disciplinarum

233 945 405 992 indices
443 946 666 991 variarum
704 948 754 992 &
788 943 910 1006 juris.
941 943 1098 1005 Neque
1135 942 1194 989 ita
1233 943 1376 990 multo
1414 942 1515 1006 post

234 1018 459 1067 Maximus
487 1018 559 1064 ille
581 1017 902 1080 philosophus,
923 1016 994 1064 vir
1020 1015 1191 1081 ingenti
1215 1016 1402 1064 nomine
1430 1017 1518 1063 do-

234 1092 498 1148 &rinarum‚
519 1090 643 1152 cujus
667 1108 722 1138 ex
745 1091 982 1138 uberrimis
1003 1090 1282 1139 sermonibus
1302 1091 1357 1138 ad
1377 1090 1516 1138 scien-

234 1166 341 1212 tiam
377 1164 588 1227 copiosus
615 1165 813 1213 Julianus
844 1164 1011 1212 exstitit
1038 1166 1315 1227 Imperator,
1344 1164 1518 1212 oraculi

235 1237 364 1299 supra
391 1236 495 1283 diffi
524 1235 677 1283 versus
704 1236 866 1283 audisse
896 1235 1199 1284 insimulatus:
1227 1236 1358 1300 seque
1386 1254 1518 1284 com-

234 1311 390 1374 periffe
424 1309 642 1369 affensus,
672 1309 747 1357 sed
784 1309 1009 1358 reticenda
1051 1310 1334 1373 professionis
1370 1312 1518 1359 consi-

234 1385 469 1431 deratione
503 1400 598 1431 non
636 1384 857 1442 effudisse,
891 1400 1049 1430 verum
1087 1384 1207 1430 ultro
1244 1386 1518 1447 praedixiffe,

234 1457 518 1505 consultores
553 1456 673 1519 ipsos
706 1455 935 1519 suppliciis
972 1456 1231 1519 poenalibus
1261 1458 1516 1521 perituros:

235 1531 456 1596 Ephesum
477 1532 531 1578 ad
552 1529 791 1594 genuinam
813 1530 998 1594 patriam
1019 1531 1189 1589 ducitis,
1204 1531 1356 1595 ibique
1372 1532 1515 1595 capite

236 1618 494 1663 truncatus,
515 1604 644 1651 sensit
675 1604 868 1651 docente
889 1604 1092 1668 periculo
1114 1604 1368 1667 postremo,
1392 1624 1518 1671 quae-

236 1679 383 1727 fitoris
403 1677 683 1741 iniquitatem
702 1676 919 1724 omnibus
938 1676 1020 1723 effe
1049 1675 1309 1724 criminibus
1329 1678 1519 1741 gravio-

236 1770 345 1800 rem.
367 1750 646 1798 Constrifihis
672 1750 802 1797 etiam
823 1751 1057 1813 Diogenes
1079 1750 1243 1813 laqueis
1268 1751 1415 1814 impiae
1434 1753 1522 1800 fala

237 1824 396 1883 fitatis,
428 1825 502 1871 vir
528 1824 675 1872 nobili
702 1822 907 1887 prosapia
941 1823 1107 1882 editus,
1135 1823 1319 1887 ingenio
1336 1860 1349 1882 ,
1366 1825 1520 1874 facun-

239 1899 309 1946 dia
329 1896 517 1956 forenfi,
531 1896 838 1961 suavitateque
857 1897 1088 1960 praestans,
1106 1897 1274 1944 dudum
1291 1897 1519 1962 Bithyniae

238 1973 414 2030 reeior,
443 1983 493 2018 ut
518 1971 720 2035 opimum
753 1971 1076 2035 patrimonium
1105 1971 1199 2034 ejus
1224 1970 1519 2033 diriperetur,

239 2044 419 2107 capitali
444 2044 505 2091 est
525 2061 662 2108 poena
681 2044 869 2092 affefiffls.
890 2045 1006 2091 Ecce
1028 2056 1172 2090 autem
1190 2042 1384 2106 Alypius
1404 2062 1522 2107 quo-

237 2133 327 2181 que
364 2133 421 2163 ex
462 2117 640 2164 vicario
678 2115 1036 2172 Britanniarum,
1075 2113 1343 2177 placiditatis
1376 2116 1521 2164 homo

239 2188 472 2250 jucundae,
496 2187 596 2250 post
629 2186 821 2233 otiosam
854 2188 904 2234 &
928 2185 1165 2250 repositam
1195 2186 1335 2232 vitam
1368 2186 1521 2250 (quo-

241 2261 361 2308 niam
404 2261 494 2308 huc
534 2260 672 2324 usque
713 2258 926 2322 injustitia
964 2258 1209 2305 tetenderat
1243 2258 1434 2322 manus)
1472 2260 1521 2306 in

241 2333 445 2398 squalore
481 2333 680 2380 maximo
714 2335 967 2390 volutatus,
994 2343 1044 2378 ut
1079 2330 1289 2378 veneficii
1323 2348 1423 2378 reus
1451 2332 1520 2380 ci-

242 2418 361 2453 tatus
393 2405 455 2452 est
497 2423 601 2453 cum
631 2406 844 2453 Hierocle
881 2403 1004 2461 filio,
1040 2404 1316 2452 adolescente
1354 2403 1521 2450 indolis

242 2481 404 2543 bonae,
433 2493 622 2545 urgente
649 2481 861 2545 Diogene
891 2477 1088 2543 quodam
1117 2478 1167 2528 δι
1196 2477 1280 2528 vili
1312 2479 1361 2527 &
1393 2475 1522 2536 solo,
