1626 2917
237 134 467 181 RERUM
491 131 831 179 GESTARUM
867 129 970 175 ΜΒ.
1000 128 1142 201 XIV,
1308 141 1328 191 ς

52 237 278 288 collaticia
305 235 565 286 vietitabant
585 253 594 282 :
619 237 668 282 &
689 234 816 281 civili
837 233 1043 297 justoque
1065 231 1257 296 irnperio
1279 232 1334 278 acl

45 311 324 361 voluntatem
345 307 572 356 converso
595 318 823 354 cruentam
839 341 852 363 ,
875 304 1191 351 claudebantur
1211 320 1332 365 opu-

46 385 179 430 lentae
211 383 371 428 domus
403 383 453 429 &
483 380 628 428 clarae.
658 381 755 427 Nec
785 396 879 428 vox
908 371 1178 426 accusatoris
1209 377 1336 435 ulla,

44 453 150 502 licet
168 451 408 512 subditicii,
424 453 471 499 in
492 451 560 499 his
580 451 804 498 malorum
828 450 1112 514 quaerebatur
1134 449 1302 496 acervis
1316 484 1332 507 ,

47 539 97 575 ut
132 526 282 573 saltem
318 525 464 588 specie
497 537 627 571 tenus
660 523 850 571 crimina
884 521 1147 586 praescriptis
1183 521 1333 585 legum
1384 527 1388 531 '

47 600 470 657 committerentur,
502 599 631 663 quod
659 598 899 662 aliquoties
933 597 1078 644 fecere
1108 594 1337 659 principes

46 673 156 720 saevi
176 691 186 720 ε
209 672 281 719 sed
300 672 519 736 quidquid
545 671 729 719 Caesaris
759 669 1113 734 implacabilitati
1135 669 1305 715 sediffet
1320 705 1337 728 ‚

47 744 96 791 id
125 744 251 792 velut
277 741 350 792 fas*
366 743 522 806 jusque
543 743 810 806 perpensum
834 742 1068 790 confestim
1092 742 1336 805 urgebatur

49 817 241 880 impleri.
257 817 575 880 Excogitatum
600 817 661 863 est
680 816 807 878 super
824 816 890 861 his
907 851 920 872 ,
941 827 988 861 ut
1009 814 1216 860 homines
1235 812 1338 876 qui-

48 891 154 938 dam
184 890 354 954 ignoti,
379 890 551 937 vilitate
576 890 665 952 ipsa
689 907 846 952 parum
876 887 1098 945 cavendi,
1125 888 1179 933 ad
1206 886 1338 933 colli-

52 962 223 1026 gendos
244 977 446 1008 rumores
473 977 551 1024 per
570 960 827 1009 Antiochiae
854 959 990 1007 latera
1016 960 1172 1007 cun&a
1203 958 1338 1004 desti-

50 1046 293 1092 narentur,
313 1033 526 1092 relaturi,
547 1051 647 1097 quae
665 1033 884 1081 audirent.
904 1032 963 1079 Hi
985 1043 1273 1095 peragranter
1287 1032 1338 1077 δε

51 1107 370 1173 diffirnulanter
397 1107 728 1154 honoratorum
749 1106 930 1154 circulis
947 1104 1181 1151 affistendo
1201 1120 1338 1165 ,per-

51 1179 352 1242 vadendoque
373 1179 569 1228 divitum
588 1181 750 1227 domus
767 1179 993 1243 egentium
1014 1178 1192 1236 habitu,
1210 1177 1338 1239 quid-

52 1251 161 1315 quid
187 1252 372 1299 noscere
405 1265 617 1315 poterant
652 1254 727 1299 vel
761 1252 938 1310 audire,
971 1252 1159 1297 latenter
1190 1251 1340 1296 intro-

6 1374 7 1379 ,
53 1324 166 1372 miffi
194 1341 271 1387 per
290 1324 483 1388 posticas
507 1325 554 1370 in
577 1325 744 1388 regiam
761 1360 773 1379 ,
798 1325 1094 1371 nuntiabant:
1117 1324 1162 1370 id
1185 1322 1340 1370 obser-

56 1411 214 1445 vantes
243 1396 576 1460 conspiratione
605 1398 854 1456 concordi,
884 1410 935 1444 ut
967 1395 1189 1460 fingerent
1216 1413 1341 1459 quae-

58 1472 156 1518 dam
171 1507 186 1531 ‚
206 1474 255 1520 &
278 1466 461 1535 cognita
489 1471 768 1533 duplicarent
791 1471 835 1517 in
866 1469 990 1533 pejus
1014 1488 1023 1517 :
1047 1470 1198 1516 laudes
1224 1485 1342 1517 vero

59 1543 383 1606 supprimerent
397 1542 607 1599 Caesaris,
627 1559 734 1606 quas
751 1541 905 1589 invitis
920 1542 1230 1604 compluribus
1248 1540 1343 1588 for-

59 1617 184 1664 mido
216 1617 438 1664 malorum
471 1616 823 1679 impendentium
857 1617 1147 1679 exprimebat.
1184 1618 1238 1661 Et
1270 1608 1344 1661 inss

0 1735 1 1739 ,
62 1689 237 1736 terdum
262 1688 511 1745 acciderat,
534 1702 584 1735 ut
618 1689 647 1735 fi
678 1689 786 1752 quid
815 1689 860 1735 in
895 1689 1110 1752 penetrali
1140 1687 1308 1734 secreto
1329 1722 1349 1744 ,

63 1763 191 1824 nullo
220 1763 444 1811 citerioris
465 1763 572 1810 vitae
594 1763 799 1809 ministro
825 1763 1065 1826 praesente,
1086 1760 1345 1825 paterfami-

0 1849 2 1887 ζ
63 1834 144 1882 lias
170 1834 305 1882 uxori
333 1834 582 1882 susurrasset
611 1835 659 1881 in
691 1852 874 1893 aurem,
912 1835 1039 1882 velut
1070 1835 1347 1897 Amphiarao

0 1937 3 1949 ,
65 1906 311 1965 referente,
341 1919 419 1953 aut
453 1906 652 1964 MartiO,
683 1908 911 1970 quondam
938 1908 1117 1956 vatibus
1150 1905 1314 1954 inclitis
1332 1941 1353 1964 ,

54 1977 283 2041 *postridie
301 1977 485 2025 disceret
501 1978 760 2041 imperator.
790 1979 987 2042 Ideoque
1008 1979 1139 2025 etiam
1161 1978 1353 2041 parietes,

0 2093 4 2261 l

0 2300 3 2367 ῑ

2 2418 5 2465 l

3 2524 6 2612 l

5 2779 10 2917 l

0 2085 2 2092 »
68 2067 336 2098 arcanorum
362 2051 444 2098 soli
464 2051 633 2099 conscii
655 2052 939 2101 timebantur.
958 2052 1254 2099 Adolescebat
1274 2068 1350 2098 au-

71 2136 161 2170 tem
204 2125 476 2172 obstinatum
513 2125 794 2188 propositum
835 2142 942 2189 erga
978 2125 1076 2172 haec
1111 2127 1161 2172 δέ
1195 2123 1354 2170 similia

71 2197 211 2245 multa
236 2198 483 2256 scrutandi,
514 2199 716 2246 stimulos
743 2200 1015 2247 admovente
1044 2199 1193 2263 regina
1211 2234 1225 2257 ,
1250 2215 1355 2261 quae

74 2270 262 2334 abrupte
297 2272 445 2319 mariti
477 2272 682 2319 fortunas
709 2273 914 2320 trudebat
944 2273 990 2319 in
1013 2273 1203 2319 exitium
1234 2288 1352 2334 prae-

76 2358 178 2405 ceps
198 2362 208 2389 ε
230 2361 331 2392 cum
357 2362 458 2392 eum
481 2344 633 2408 potius
659 2344 839 2392 lenitate
862 2345 1054 2409 feminea
1077 2345 1133 2391 ad
1156 2342 1361 2393 veritatis.

76 2416 445 2482 humanitatisque
473 2419 590 2468 viam
628 2417 838 2470 reducere
868 2418 993 2466 utilia
1019 2417 1245 2465 suadendo
1276 2417 1357 2464 dem

997 2496 1035 2539 Α
1078 2509 1098 2554 3
