1626 2917
302 200 521 248 RERUM
552 200 892 248 GESTARUM
926 199 1031 247 LIB.
1065 200 1194 247 XVI.
1303 215 1386 261 115

113 320 260 356 tamen
281 308 517 373 aliquoties
536 326 762 356 armorum
783 309 982 372 pondere
1000 308 1148 373 pulsus
1168 308 1276 356 loco
1299 310 1395 356 Ro·

112 397 303 428 manus:
332 381 577 444 lassatisque
604 382 832 445 impressus
861 373 1046 446 genibus
1068 418 1083 439 ‚
1116 382 1283 428 laevum
1318 398 1394 429 re-
1444 393 1450 401 ²

111 453 291 500 flectens
313 455 530 518 poplitem
556 457 770 503 barbarus
792 455 1058 513 subsidebat,
1079 455 1250 504 hostem
1272 456 1395 505 ultro
1466 468 1470 471 “

111 526 320 574 lacessens
339 546 350 574 ε
367 529 492 590 quod
522 528 736 576 indicium
758 529 818 575 est
839 528 1152 576 obstinationis
1169 541 1395 579 extremae.

110 600 303 648 Exsiluit
335 601 486 665 itaque
519 601 668 649 subito
693 602 850 648 ardens
887 602 1171 665 optimatium
1196 600 1358 666 globus
1377 639 1394 662 ‚

111 672 230 719 inter
248 689 364 736 quos
382 673 680 720 decernebant
698 675 746 722 ὅ(
763 691 907 737 reges,
919 677 989 732 &,
1008 674 1215 737 sequente
1232 676 1395 738 vulgo,

113 758 218 792 ante
252 745 362 791 alios
397 746 571 808 agmina
600 745 857 792 nostrorum
886 746 1075 809 irrupit,
1114 748 1164 793 &
1199 746 1283 793 iter
1315 748 1399 796 fibi

113 819 358 882 aperiendo
378 818 570 882 adusque
592 821 897 883 primanorum
919 820 1141 883 legionem
1161 823 1397 883 pervenit,

112 891 304 940 locatam
326 892 372 940 in
397 893 571 950 medio,
590 892 722 957 (quae
746 892 1035 940 confirmatio
1059 893 1209 940 Castra
1226 908 1399 956 praeto-

113 965 180 1012 ria
212 965 470 1029 dictitatur)
507 967 584 1013 ubi
618 966 795 1012 densior
835 968 884 1014 &
916 965 1150 1012 ordinibus
1186 967 1396 1031 frequens

114 1039 266 1096 miles,
286 1038 418 1085 instar
437 1039 626 1085 turrium
645 1038 733 1085 fixa
760 1037 969 1085 firmitate
989 1039 1252 1100 consistens,
1276 1060 1399 1105 proeo

113 1109 224 1157 lium
245 1108 414 1172 majore
435 1109 591 1172 spiritu
616 1110 832 1173 repetivit
854 1128 864 1157 :
885 1111 934 1158 &
966 1110 1230 1159 vulneribus
1257 1115 1398 1162 decli-

113 1182 272 1229 nandis
297 1182 520 1239 intentus,
540 1181 673 1245 seque
701 1181 748 1229 in
765 1182 953 1229 modum
981 1183 1268 1233 mirmillonis
1286 1204 1397 1251 ope-

113 1255 232 1303 riens
250 1292 266 1312 ,
284 1255 478 1302 hostium
499 1255 635 1303 latera
651 1291 665 1314 ‚
683 1272 784 1318 quae
811 1255 1003 1303 nudabat
1023 1257 1087 1303 ira
1112 1258 1401 1322 flagrantior,

114 1329 321 1377 districtis
347 1330 502 1394 gladiis
522 1329 792 1393 perforabat.
818 1333 876 1377 At
898 1330 963 1376 illi
992 1332 1227 1396 prodigere
1257 1336 1400 1385 vitam

113 1420 201 1468 pro
221 1403 414 1451 vffloria
433 1403 757 1450 contendentes
772 1438 785 1461 ,
804 1403 1036 1450 tentabant
1053 1406 1239 1467 agminis
1260 1410 1401 1458 nostri

116 1479 263 1524 laxare
297 1493 575 1539 compagem.
617 1476 702 1521 Sed
740 1475 999 1522 continuata
1033 1477 1140 1525 serie
1169 1497 1400 1543 peremto-

115 1566 214 1596 rum
231 1584 243 1604 ‚
260 1565 375 1611 quos
397 1549 625 1594 Romanus
643 1546 730 1607 jam
751 1546 963 1593 fidentior
985 1548 1168 1610 stravit,
1187 1553 1399 1603 succede-

118 1624 226 1670 bant
247 1622 419 1669 barbari
447 1621 693 1683 superstites
726 1621 1000 1668 interfectis:
1032 1624 1279 1690 auditoque
1313 1646 1399 1677 oc-

118 1696 426 1743 cumbentium
456 1695 620 1758 gemitu
652 1697 840 1754 crebr0‚
860 1714 1031 1759 pavore
1057 1698 1219 1760 perfusi
1242 1714 1402 1766 torpe-

118 1769 241 1817 bant.
264 1769 370 1815 Feffi
399 1767 591 1830 denique
612 1780 681 1815 tot
707 1769 917 1816 aerumnis
934 1806 947 1828 ‚
968 1773 1016 1819 &
1035 1771 1089 1818 ad
1113 1771 1252 1821 solam
1271 1776 1401 1826 dein·-

120 1860 226 1906 ceps
253 1843 417 1890 strenui
447 1842 594 1906 fugam
610 1879 624 1901 ,
646 1861 724 1906 per
753 1844 956 1892 diversos
975 1846 1173 1895 tramites
1204 1861 1301 1898 tota
1326 1870 1403 1901 ce-

119 1915 292 1962 leritate
311 1915 459 1979 egredi
477 1915 742 1963 festinabant
762 1933 772 1962 ε
792 1928 840 1962 ut
858 1932 881 1963 e
901 1916 1055 1964 mediis
1082 1917 1305 1969 saevientis
1326 1940 1402 1986 pe-

119 1989 207 2052 lagi
244 1989 448 2035 fluffibus
481 2026 494 2048 ‚
528 2006 803 2053 quocunque
839 1991 1039 2038 avexerit
1071 2005 1266 2055 ventus,
1300 1997 1405 2060 ejici

120 2060 289 2109 nautici
323 2075 569 2124 properant
601 2063 650 2109 δε
680 2064 918 2110 νεὲὶοτεετ
949 2063 1074 2126 quod
1112 2067 1212 2113 voti
1237 2072 1402 2134 magis,

121 2151 255 2198 quam
285 2134 401 2198 spei,
429 2135 581 2193 fuiss'e,
603 2134 812 2181 fatebitur
839 2135 1027 2198 quilibet
1056 2148 1165 2184 tunc
1194 2143 1404 2201 praesens,

123 2208 375 2271 Aderatque
395 2209 625 2272 propitiati
646 2209 840 2256 numinis
857 2209 1086 2256 arbitrium
1105 2211 1300 2261 clemens
1321 2235 1330 2263 :
1352 2220 1404 2266 δε

123 2279 273 2328 secans
303 2296 422 2346 terga
454 2283 708 2329 cedentium
730 2283 880 2334 miles,
901 2299 1001 2330 cum
1032 2282 1255 2333 interdum
1275 2288 1403 2338 flexis

125 2351 298 2398 ensibus
330 2352 517 2400 feriendi
538 2371 632 2402 non
653 2354 939 2417 suppeterent
965 2354 1282 2419 instrumenta,
1300 2362 1404 2424 ipsis

126 2423 320 2471 barbaris
341 2425 423 2472 tela
442 2442 602 2473 eorum
623 2426 834 2474 vitalibus
853 2427 1165 2491 immergebat:
1187 2449 1268 2480 nec
1287 2434 1406 2496 quisa

126 2513 263 2561 quam
283 2499 616 2549 vulnerantium
638 2501 846 2566 sanguine
862 2501 972 2549 iram
995 2503 1222 2569 explevit,
1243 2524 1324 2557 nec
1345 2507 1405 2556 sa⁹

1010 2575 1053 2622 ‚H
1092 2593 1116 2623 π.
