1626 2917
207 218 312 278 ἥς

288 399 737 469 AMMIANI
794 401 1399 474 MARCELLINI

202 600 686 691 RERUM
745 601 1476 697 GESTARUM

470 823 818 882 LIBER
897 824 1171 884 XVIII.

195 1157 370 1208 Julianus
405 1157 447 1198 C.
486 1157 681 1199 Gallorum
719 1159 934 1198 commodis
971 1159 1155 1208 consulit,
1187 1162 1224 1200 δε
1255 1160 1394 1211 ubique
1421 1160 1470 1200 ab

249 1220 429 1260 omnibus
451 1223 512 1270 jus
536 1221 764 1261 servandum
785 1230 903 1260 curat.
926 1223 961 1261 C.
979 1222 1009 1261 Ι.
1034 1220 1278 1261 Castellorum
1298 1223 1344 1260 ad
1368 1221 1472 1274 Rhe-

249 1298 342 1323 num
357 1315 368 1332 ,
382 1298 463 1335 quae
483 1294 701 1334 receperat,
725 1285 866 1323 moenia
881 1295 1047 1335 reparat:
1070 1285 1244 1325 Rhenum
1267 1285 1393 1323 transit
1407 1315 1417 1330 ,
1433 1287 1470 1324 &

247 1345 377 1384 hostili
390 1342 618 1384 Alamanniae
639 1356 742 1396 parte
756 1345 893 1384 vastata
909 1376 920 1393 ‚
934 1346 966 1383 V
984 1345 1280 1384 Alamannorum
1302 1359 1405 1396 reges
1421 1346 1471 1385 ad

247 1419 384 1458 pacem
423 1409 627 1458 petendam
667 1409 703 1448 δε
734 1408 904 1458 captivos
937 1409 1155 1447 reddendos
1188 1409 1395 1458 compellit.
1421 1410 1470 1448 II.

248 1470 466 1510 Barbationi
483 1471 656 1523 magistro
679 1470 855 1520 peditum
877 1471 912 1509 ἃ
932 1471 1037 1508 uxori
1061 1472 1142 1518 ejus
1164 1483 1230 1508 cur
1249 1470 1371 1520 capita
1398 1470 1472 1509 ab-

249 1530 354 1570 scissa
384 1531 456 1570 fint
480 1531 578 1580 juffu
610 1530 817 1570 Constantii
853 1531 892 1570 A.
920 1530 988 1570 III.
1020 1530 1101 1570 Rex
1137 1530 1327 1570 Persarum
1352 1532 1471 1581 Sapor

248 1593 446 1633 Romanos
470 1593 558 1632 totis
580 1593 720 1632 viribus
745 1592 897 1643 aggredi
915 1600 1032 1642 parat.
1057 1592 1120 1630 IV.
1148 1593 1359 1632 Antoninus
1378 1606 1471 1643 pro-

250 1657 371 1694 tec'tor
387 1667 473 1693 cum
495 1654 568 1693 suis
588 1655 767 1694 omnibus
788 1655 836 1693 ad
862 1655 1045 1704 Saporem
1061 1654 1284 1705 transfugit:
1306 1666 1472 1704 eumque

250 1717 289 1755 in
319 1716 462 1756 bellum
494 1717 709 1758 Romanum
746 1718 880 1768 sponte
909 1719 989 1767 jam
1028 1727 1176 1756 motum
1211 1718 1383 1769 impellit.
1425 1719 1468 1756 V.

250 1779 447 1818 Ursicinus*
466 1781 638 1831 magister
657 1780 819 1819 militum
841 1793 888 1820 ex
909 1781 1054 1819 oriente
1069 1792 1269 1827 evocatus,
1287 1793 1374 1819 cum
1390 1783 1470 1828 jam

249 1842 403 1881 venisi'et
422 1842 460 1881 in
473 1842 676 1883 Thraciam
692 1874 703 1891 ‚
730 1843 934 1882 remittitur
958 1843 998 1882 in
1023 1841 1366 1892 Mesopotamiam:
1391 1856 1467 1893 quo

247 1905 437 1953 reversus,
469 1919 536 1955 per
570 1906 839 1946 Marcellinum
866 1905 1018 1956 Saporis
1046 1905 1252 1943 adventum
1280 1904 1469 1954 explorat.

253 1966 314 2004 VI.
342 1965 460 2016 Sapor
486 1979 573 2006 cum
600 1968 867 2007 Chionitarum
896 1970 930 2007 Sc
954 1967 1182 2007 Albanorum
1210 1967 1360 2017 regibus
1384 1966 1470 2006 Me-

248 2025 496 2076 sopotamiam
530 2032 655 2070 intrat.
689 2031 853 2070 Romani
880 2029 964 2070 suos
995 2029 1061 2080 ipfi
1090 2042 1198 2080 agros
1230 2029 1467 2069 incendunt,

248 2093 406 2140 agrestes
428 2094 465 2131 in
491 2095 633 2144 oppida
657 2094 918 2144 compellunt,
943 2106 987 2132 ac
1008 2095 1219 2132 citeriorem
1249 2095 1368 2143 ripam
1393 2093 1469 2132 Eu-

249 2153 393 2203 phratis
418 2156 575 2195 castellis
604 2156 854 2207 praefidiisque
886 2155 1164 2194 communiunt.
1199 2156 1279 2195 VII.
1313 2154 1470 2204 Septin-

250 2216 352 2265 genti
378 2218 521 2266 equites
543 2218 747 2269 lllyriciani
776 2217 1045 2267 necopinantes
1069 2229 1089 2254 a
1120 2216 1230 2255 Pei-lis
1255 2215 1469 2262 conjiciun-

250 2288 311 2315 tur
331 2278 368 2316 in
392 2279 534 2329 fugam.
560 2281 739 2320 Evadunt
758 2280 848 2319 hinc
863 2279 1052 2320 Ursicinus
1066 2310 1076 2325 ‚
1099 2279 1187 2317 inde
1204 2276 1465 2318 Marcellinus.

253 2341 357 2379 VIII.
386 2341 600 2392 Descriptio
618 2343 783 2392 Amidae,
805 2345 947 2394 &quot
971 2350 1052 2380 tum
1078 2341 1127 2380 ibi
1152 2341 1318 2390 legiones
1332 2351 1375 2378 ac
1392 2350 1472 2377 tur.

251 2413 322 2440 mae
348 2401 386 2440 in
412 2403 580 2452 praesidio
607 2404 759 2445 fuerint.
781 2406 852 2445 IX.
881 2405 999 2455 Sapor
1022 2403 1098 2443 duo
1123 2402 1271 2443 castella
1293 2402 1466 2442 Romana

252 2462 294 2506 in
313 2463 430 2504 fidem
452 2466 598 2517 recipit.
621 2468 674 2505 X.
