1626 2917
271 155 491 226 RERUM
525 156 865 204 GESTARUM
899 157 1002 202 LIB.
1035 155 1212 201 XXXI.
1298 171 1389 217 249

110 263 201 312 villis
230 275 472 328 perpetua3
489 266 538 312 &
563 279 836 328 quocunque
855 262 1011 321 ierint,
1030 261 1123 309 illic
1150 260 1395 325 genuinum

116 339 367 387 existimant
391 340 542 387 larem:
567 341 781 385 Armenta
800 355 889 400 prae
912 336 955 384 se
979 336 1159 401 agentes
1177 353 1277 383 cum
1297 352 1396 399 gre-

116 412 245 476 gibus
281 414 498 475 pascunt:
528 411 815 475 maximeque
847 409 1001 474 equini
1030 408 1207 472 pecoris
1239 408 1300 455 est
1332 407 1397 457 eis

114 487 492 537 sollicitiorcura.
511 487 576 533 Ibi
596 486 741 549 campi
760 485 930 548 semper
946 482 1235 541 herbescunt,
1256 482 1398 531 inter-

115 557 205 605 fitis
230 558 465 621 pomiferis
489 557 602 605 locis
623 575 634 604 τ
659 568 790 619 atque
809 555 914 604 ideo
946 555 1222 602 transeuntes
1245 552 1400 616 quoli-

107 630 220 688 bet,
245 647 327 678 nec
348 631 569 678 alimentis
595 646 677 677 nec
702 629 875 692 pabulis
898 628 1127 692 indigent:
1147 626 1274 689 quod
1297 624 1400 671 effi-

115 701 180 749 cit
206 701 463 750 humessum
497 702 643 750 solum
674 703 723 750 δε
756 701 901 749 crebri
931 700 1171 746 fluminum
1208 709 1398 760 praeter-

114 775 361 821 meantium
388 775 554 823 cursus.
582 775 746 821 Omnis
772 775 908 838 igitur
938 787 1044 820 aetas
1073 774 1123 820 &
1155 772 1281 818 sexus
1310 770 1398 815 im-

114 844 245 892 bellis
278 845 398 893 circa
426 846 637 894 vehicula
665 846 756 908 ipsa
792 846 1022 910 versatur,
1048 844 1300 904 muniisque
1330 842 1400 888 di-

113 917 346 981 stringitur
365 920 606 967 mollibus:
632 919 842 980 juventus
873 935 988 964 vero
1013 915 1244 981 equitandi
1264 914 1340 960 usu
1373 931 1399 960 a

115 991 258 1052 prima
288 993 477 1054 pueritia
505 984 783 1050 coalescens,
803 992 1011 1039 incedere
1034 989 1220 1051 pedibus
1248 987 1398 1034 existi-

114 1075 206 1110 mat
229 1062 321 1110 vile
341 1081 354 1111 ι
375 1065 426 1111 &
448 1081 607 1111 omnes
626 1063 867 1125 multiplici
895 1063 1126 1126 disciplina
1156 1062 1398 1124 prudentes

115 1134 217 1182 sunt
242 1135 496 1184 bellatores.
525 1135 658 1183 Unde
678 1135 810 1182 etiam
835 1135 1004 1191 Persae,
1028 1134 1106 1195 qui
1133 1133 1234 1180 sunt
1252 1131 1400 1195 origi-

116 1205 235 1253 nitus
264 1207 474 1270 Scythae,
508 1208 738 1271 pugnandi
768 1207 870 1269 sunt
911 1205 1172 1270 peritiffimi.
1216 1205 1400 1253 Proceri

115 1291 263 1326 autem
284 1279 417 1326 Alani
437 1297 564 1342 paene
587 1279 686 1327 sunt
711 1298 870 1328 omnes
897 1282 946 1328 &
965 1279 1145 1343 pulchri
1163 1315 1178 1337 ‚
1199 1278 1401 1325 crinibus

114 1352 405 1400 mediocriter
436 1352 595 1411 flavis,
631 1354 872 1401 oculorum
903 1364 1146 1416 temperata
1181 1351 1401 1397 torvitate

116 1423 368 1481 terribiles,
401 1423 452 1470 &
482 1439 713 1471 armorum
746 1425 932 1472 levitate
950 1425 1168 1482 veloces,
1198 1422 1400 1469 Hunnis-

115 1511 206 1559 que
236 1511 316 1558 per
343 1495 498 1541 omnia
523 1495 757 1558 suppares,
778 1512 940 1543 verum
971 1495 1095 1544 victu
1115 1495 1318 1542 mitiores
1349 1498 1401 1542 &

115 1567 273 1615 cultu:
299 1567 614 1615 latrocinando
641 1571 690 1617 δέ
720 1569 933 1615 venando
959 1568 1157 1632 adusque
1186 1566 1399 1614 Maeotica

114 1642 266 1706 stagna
285 1643 335 1690 &
352 1641 645 1690 Cimmerium
680 1641 918 1704 Bosporon
935 1678 948 1701 ,
978 1641 1222 1705 itidemque
1243 1642 1400 1688 Arme-

115 1713 221 1761 nios
262 1713 554 1761 discurrentes
595 1717 644 1762 &
678 1715 891 1762 Mediam.
941 1717 1094 1778 thue
1136 1715 1399 1761 hominibus

116 1787 279 1852 qui-etis
312 1789 363 1835 &
394 1787 580 1850 placidis
609 1787 752 1834 otium
782 1788 843 1834 est
869 1788 1182 1852 voluptabile3
1210 1788 1271 1835 ita
1292 1789 1399 1836 illos

108 1861 318 1923 pericula
341 1860 502 1921 juvant
534 1861 585 1908 δι
615 1861 743 1908 bella.
768 1863 791 1910 J
796 1862 998 1910 udicatur
1023 1863 1087 1909 ibi
1105 1864 1259 1909 beatus
1275 1898 1290 1919 ‚
1314 1863 1395 1925 qui

114 1932 166 1979 in
196 1932 365 1996 proelio
383 1932 636 1995 profuderit
654 1933 847 1981 animam
868 1953 879 1982 :
907 1935 1177 1984 senescentes
1196 1936 1315 1984 enim
1348 1938 1398 1985 &

114 2006 315 2054 fortuitis
351 2006 576 2055 mortibus
604 2007 777 2055 mundo
812 2007 1050 2071 digressos,
1076 2020 1126 2055 ut
1159 2010 1397 2074 degeneres

109 2082 169 2128 ’δε
201 2080 395 2144 ignavos
437 2079 666 2129 conviciis
706 2079 936 2127 atrocibus
977 2079 1242 2129 infestantur
1272 2097 1283 2126 :
1311 2098 1397 2127 nec

118 2151 365 2217 quidquam
393 2152 482 2210 est,
501 2153 627 2216 quod
653 2151 809 2200 elatius
839 2152 1024 2213 jactent,
1048 2170 1182 2217 quam
1209 2154 1396 2200 homine

119 2225 326 2287 quolibet
345 2224 498 2272 occiso
521 2243 532 2273 :
550 2241 724 2288 proque
751 2225 929 2271 exuviis
950 2225 1159 2291 gloriosis
1174 2263 1186 2285 ‚
1209 2226 1396 2272 interfe-

118 2292 293 2344 &orum
312 2297 474 2346 avulsis
507 2297 723 2360 capitibus
744 2297 956 2345 detra&as
979 2298 1114 2360 pelles
1136 2316 1221 2362 pro
1243 2300 1397 2362 phale-

113 2371 179 2418 ·ris
212 2369 422 2432 jumentis
458 2369 805 2419 accommodant
842 2369 1102 2420 bellatoriis.
1147 2372 1244 2418 Nec
1281 2385 1396 2418 tern-

115 2441 240 2505 plum
260 2444 377 2506 apud
396 2459 475 2491 eos
499 2443 684 2502 visitur,
708 2454 786 2490 aut
804 2442 1038 2491 delubrum
1052 2480 1067 2506 ,
1093 2461 1148 2492 ne
1166 2445 1394 2508 tugurium
