1626 2917
171 180 283 216 XXX

310 339 731 399 NOTITIA
786 331 1321 392 LITERARIA

764 480 858 521 DE

182 622 705 706 AMMIANO·
769 614 1440 697 MARCELLINO

774 781 875 827 EX

219 926 290 982 Jo.
312 928 416 976 Alb.
444 922 634 973 Fabricii
666 920 945 970 bibliotheca
979 917 1135 966 Latina
1162 928 1187 965 a
1219 918 1289 966 10.
1318 917 1434 982 Aug.

331 1011 506 1061 Ernesti
528 1011 695 1059 auffius
717 1009 831 1057 edita
847 1010 984 1056 Tom.
1004 1011 1088 1067 111,
1107 1025 1204 1072 cap.
1224 1008 1328 1056 X11.

445 1156 1187 1181 ψ

195 1248 612 1366 AMMIANUS
657 1307 1054 1362 MARCELUNUS,
1091 1305 1403 1355 Antiochenus
1430 1317 1478 1368 ¹3

195 1389 343 1434 homo
376 1385 564 1430 Graecus
589 1382 639 1428 ὅ(
658 1378 892 1436 militaris,
922 1378 996 1424 sed
1030 1378 1213 1439 doetus,
1242 1379 1321 1427 sub
1343 1383 1477 1428 Cone.

256 1543 274 1569 1
292 1526 574 1570 Antiochenum
588 1524 707 1576 patria
719 1523 808 1563 fuis-

201 1583 241 1624 se
255 1614 267 1632 ,
282 1584 335 1624 H.
356 1581 523 1622 Valesius
541 1579 771 1619 demonstrat
787 1591 808 1617 e

201 1637 354 1680 Libanii
369 1636 418 1675 ad
434 1633 704 1675 Marcellinum
725 1633 810 1682 Epi-

204 1689 410 1742 stola.1pse
424 1689 579 1739 quidem
600 1687 810 1737 expeditio-

204 1747 249 1786 ni
277 1744 416 1794 Juliani
446 1743 545 1792 Imp.
580 1741 620 1779 in
653 1740 810 1780 Parthos

205 1797 413 1839 interfuiffe
433 1795 470 1835 se
495 1795 618 1834 innuit
648 1793 785 1835 XXW
799 1825 810 1843 ,

210 1869 246 1896 z.
281 1852 467 1893 Gesnerus
500 1849 682 1900 putabat,
708 1848 812 1887 hunc

209 1907 377 1948 eundem
402 1904 475 1944 effe
500 1916 589 1943 cum
622 1902 815 1943 Marcelli-

209 1975 288 2009 no,
320 1974 342 1999 a
367 1972 443 2010 quo
474 1958 591 1996 vitam
615 1956 816 2008 Thucydi-

213 2016 271 2055 dis
286 2015 414 2054 Graece
427 2012 602 2062 scriptam
615 2010 814 2050 habemus.

214 2070 312 2119 Quae
328 2067 461 2118 opinio
486 2065 652 2116 speciem
665 2064 743 2104 veri
757 2076 818 2103 ac-

213 2123 310 2174 cipit
348 2134 396 2161 ex
433 2133 479 2159 eo
515 2132 594 2158 non
636 2130 789 2169 parvam
806 2147 817 2166 ,

215 2176 322 2228 quod
338 2174 558 2215 Ammianus
580 2173 699 2214 Marc.
715 2172 819 2212 haud

215 2230 350 2282 paucis
365 2229 404 2267 in
418 2228 512 2267 locis
533 2228 704 2266 imitatur
714 2225 820 2267 Thu-

218 2284 414 2335 cydidem,
431 2284 465 2322 &
482 2281 664 2320 nonnulla
677 2293 724 2320 ex
738 2282 820 2329 ejus

217 2338 324 2377 libris
352 2344 545 2375 mutuatus
560 2335 634 2382 est,
654 2345 697 2374 ut
717 2345 823 2373 nota·

219 2392 278 2433 vit
293 2390 469 2429 Valesius.
490 2389 568 2428 Viri
589 2389 692 2428 docti
714 2387 823 2427 illum

220 2447 308 2485 vitae
323 2443 585 2496 Thucydideae
603 2443 824 2495 scriptorem

873 1524 1188 1575 putanteundem
1198 1524 1369 1565 effecum
1379 1525 1477 1566 Mar-

875 1577 1017 1617 cellino
1036 1578 1227 1629 Rhetore‚
1249 1582 1357 1628 cujus
1372 1592 1477 1621 com-

876 1633 1051 1671 mentarii
1067 1632 1115 1670 ad
1140 1633 1403 1684 Hermognem
1417 1648 1479 1674 ex-

875 1687 982 1725 stant.
1023 1686 1119 1726 Vide
1143 1686 1310 1726 Vossium
1338 1701 1375 1738 p.
1402 1700 1477 1741 253

878 1741 926 1779 de
940 1740 1033 1780 Hist.
1053 1740 1201 1780 Graecis.
1223 1741 1399 1780 Nostrum
1417 1755 1482 1781 ve-

878 1808 934 1842 ro,
948 1795 1068 1833 virum
1085 1794 1304 1842 militarem,
1321 1798 1355 1835 &-
1367 1796 1480 1837 rebus

880 1848 1054 1899 gerendis
1062 1849 1224 1897 vitaeque
1237 1851 1481 1900 pragmaticae

883 1903 1076 1942 addiciunt
1092 1931 1103 1949 ‚
1123 1900 1329 1943 Rhetorem
1346 1904 1458 1954 egisse
1471 1935 1486 1952 ,

880 1958 944 1997 vix
966 1955 1039 1995 effe
1065 1956 1259 1995 credibile.
1298 1958 1414 2006 Quod
1429 1959 1483 1998 est

881 2010 970 2050 sane
989 2009 1212 2060 speciosum.
1237 2010 1311 2051 Sed
1332 2025 1408 2051 non
1431 2013 1485 2052 est

881 2064 1153 2106 necessarium,
1187 2064 1396 2104 Rhetorem
1426 2068 1485 2105 in-

884 2118 1055 2168 telligere
1081 2117 1128 2156 de
1151 2117 1315 2158 Rhetore
1336 2119 1486 2159 schola-

883 2173 974 2212 stico
1008 2174 1043 2211 ὁὶ
1081 2172 1308 2211 umbratico.
1357 2173 1487 2214 Potuit

885 2228 986 2266 enim
1021 2226 1070 2265 sic
1099 2227 1173 2265 dici
1190 2258 1199 2271 ‚
1222 2227 1307 2276 quia
1330 2228 1377 2266 de
1402 2237 1485 2268 arte

888 2281 1049 2320 oratoria
1078 2278 1239 2329 scripsit,
1268 2284 1302 2320 &-
1327 2281 1424 2320 forte
1437 2281 1486 2322 de

888 2334 1099 2374 oratoribus
1143 2343 1255 2384 atque
1305 2335 1490 2377 historicis

889 2387 1132 2435 clarioribus,
1157 2390 1265 2436 cujus
1290 2389 1375 2427 talis
1398 2403 1489 2439 ope-

890 2444 939 2483 ris
960 2442 1217 2493 fragmentum
1247 2442 1491 2496 Thucydidis
