1626 2917
0 194 25 242 5
146 186 492 239 AMMIANI
536 182 1032 232 MARCELLINI·

0 322 24 350 a
49 302 303 364 colligantur
326 295 370 345 δ’
389 311 528 343 cauta.
553 295 749 340 Vixdum
777 291 1162 355 adolestensspecie
1181 309 1239 339 te·
1544 288 1626 330 Ψ]

0 395 11 422 ε
34 390 294 438 purpuratus
331 369 414 436 (ut
444 368 614 437 nostis)
640 367 773 436 vestrae
799 369 934 414 tutelae
957 383 1065 414 nutu
1094 370 1188 414 coele
1221 367 1238 413 i
1543 347 1626 416 ⁶5⁶⁵

0 447 164 513 vmiffits
177 482 192 506 ,
220 461 443 507 nunquam
465 456 494 490 a
505 441 725 508 proposito
749 440 847 489 reft'e
865 443 1037 488 vivendi
1059 439 1240 498 dejeHus
1541 422 1626 510 ξ-’ῧῲ

0 543 19 570 rt
43 541 59 569 :
78 522 291 584 vobiscum
314 521 362 565 in
384 518 504 566 omni
519 519 659 566 labore
671 517 946 579 perspicuus,
969 534 1062 563 cum
1081 517 1240 578 disper·
1539 516 1626 554 W*

1 598 189 664 gentium
213 596 497 655 confidentia,
509 593 606 661 post
622 595 841 641 civitatum
866 594 1037 640 excidia
1050 626 1064 651 ‚
1078 610 1241 653 pet-em·
1538 581 1626 631 {iot-im

0 692 47 719 ue
63 675 283 718 innumera
300 671 525 716 hominum
541 670 684 715 millia
698 701 714 725 ‚
731 683 875 729 pauca
887 700 902 723 ,
923 665 1240 728 quaesemiinte-
1541 675 1578 724 pro
1593 657 1626 705 ιὰ

18 749 127 810 sunt
155 746 323 803 relic‘la,
343 747 482 791 cladis
505 743 764 808 immensitas
787 740 1046 805 persultaret.
1080 743 1145 788 Et
1175 760 1239 788 re-
1544 736 1626 788 &urla

0 841 59 870 ere
71 822 335 888 superfluum
352 834 486 883 puto,
504 822 664 882 quoties
681 820 811 866 hieme
827 818 959 865 cruda
978 850 993 876 ‚
1012 818 1240 880 rigentique
1548 808 1626 856 1¹0ssOE

0 902 29 944 'o
42 931 58 956 ,
75 914 156 958 quo
177 912 351 956 tempore
376 908 487 941 terra
506 913 559 941 ac
584 896 724 940 maria
741 911 857 955 opere
874 894 1039 939 Martio
1053 907 1211 940 vacant
1223 926 1239 947 ,
1553 899 1624 932 umen

0 973 163 1019 {onzitos
189 986 318 1017 antea
336 987 430 1016 cum
444 967 620 1028 jac7ura
639 968 796 1016 virium
816 968 997 1030 suarum
1014 969 1242 1029 repulimus
1559 960 1626 1022 {mn

0 1060 223 1090 amarmos.
243 1043 302 1088 Id
305 1042 419 1103 sane
437 1059 511 1087 nec
528 1042 791 1102 praetermitti
810 1039 1056 1107 ssaequum,
1082 1058 1157 1087 nec
1175 1056 1242 1087 ta·
1560 1053 1598 1085 rm
1610 1058 1626 1086 ει

0 1120 40 1176 Ξ,
62 1119 178 1179 quod
193 1135 288 1163 cum
311 1134 442 1178 prope
468 1119 800 1178 Argentoratum
823 1112 1026 1179 ilmxiffit
1050 1117 1121 1162 ille
1148 1117 1244 1162 bea·
1558 1114 1616 1164 ’·.·,’·

0 1193 114 1239 imus
143 1194 233 1240 dies
252 1226 267 1250 ,
286 1193 437 1239 vehens
465 1193 779 1252 quodammodo
810 1190 976 1238 Galliis
1002 1207 1246 1252 perpetuam

0 1283 159 1316 ertatem
178 1303 193 1325 ,
220 1268 330 1314 inter
355 1265 653 1330 confertiffima
679 1270 762 1314 tela
785 1285 850 1313 me
875 1267 922 1312 di
945 1282 1149 1325 currente,
1167 1259 1245 1314 vos

0 1361 70 1391 ore
92 1342 266 1405 ustisque
281 1342 560 1388 diuturnitate
574 1331 786 1400 fundati,
805 1342 1139 1390 velutincitatos
1157 1357 1246 1388 tor-

3 1432 62 1464 tes
76 1451 92 1476 ‚
121 1417 250 1485 hostes
296 1416 518 1477 abruptius
562 1417 822 1463 inundantes
842 1451 857 1474 ‚
871 1416 1102 1484 superastis
1124 1417 1245 1478 ferro

0 1492 152 1558 stratos
166 1525 182 1550 ,
201 1494 269 1537 vel
269 1489 478 1556 fluminis
490 1487 713 1550 profundo
722 1490 964 1553 submersos
981 1522 996 1546 ‚
1008 1492 1168 1552 paucis
1184 1510 1246 1537 re-

0 1567 42 1614 ·'is
71 1565 328 1634 nostrorum,
350 1583 525 1628 quorum
552 1565 775 1627 exsequias
801 1568 1110 1635 honestavimus
1138 1571 1242 1614 cele-

0 1642 149 1702 potius
167 1642 316 1698 laude,
332 1658 457 1701 quam
475 1637 599 1685 luc‘t'u.
625 1641 730 1708 Post
739 1659 846 1702 quae,
865 1643 1033 1702 opinor,
1051 1656 1176 1688 tanta
1196 1636 1241 1686 6⁴

0 1720 41 1764 ia
66 1735 140 1763 nec
163 1717 444 1782 pcsteritatem
464 1715 692 1761 tacituram
718 1717 769 1762 de
787 1716 928 1783 vestris
951 1717 1000 1762 in
1018 1717 1244 1778 rempubli-

0 1809 24 1836 rt
53 1793 213 1836 meritis
239 1793 286 1836 irz
302 1791 495 1852 gentibus
528 1787 768 1851 cunffis,si
778 1793 904 1850 plene
919 1822 935 1847 ,
955 1807 1073 1851 quem
1093 1790 1242 1835 altiore

0 1865 98 1929 Hgio
113 1864 342 1933 majestatis
359 1864 536 1929 ornastis
553 1897 568 1922 ,
594 1866 744 1910 virtute
757 1865 1043 1926 gravitateque
1055 1861 1126 1927 ,si
1135 1863 1243 1923 quid

0 1938 153 2000 verficm
175 1940 373 2002 ingruerit
389 1974 402 1995 ,
421 1936 676 1998 defendatis.
695 1937 758 1983 Ut
776 1952 914 1983 autem
933 1952 1067 1982 rerum
1088 1936 1243 1996 integer

0 2015 34 2060 ‚Vo
50 2013 265 2074 servetur,
277 2015 533 2075 praemiaque
549 2013 733 2058 virorum
741 2008 928 2070 fortium
948 2024 1150 2055 maneant
1171 2010 1240 2054 ia-

0 2101 124 2148 rupta
137 2120 152 2143 ‚
172 2105 245 2134 nec
258 2088 431 2133 honores
446 2087 624 2132 ambitio
635 2083 860 2146 praeripiat
883 2081 1141 2147 clandestina
1155 2117 1171 2137 ‚
1191 2083 1243 2128 id

0 2162 237 2206 ''reverenda
258 2160 426 2225 consilii
440 2161 556 2226 vestri
560 2158 682 2219 facie
685 2158 855 2226 statuo,
876 2172 922 2203 ut
947 2166 1125 2212 NEQUE
1157 2169 1239 2202 CI-

0 2247 63 2282 LIS
81 2246 362 2290 QUISQUAM
388 2247 561 2281 JUDEX
577 2269 595 2292 ,
627 2245 726 2280 NEC
747 2242 971 2279 MILITIAE
996 2241 1205 2277 RECTOR
1223 2264 1240 2289 ,

0 2321 55 2355 [O
87 2321 320 2364 QUODAM
342 2320 558 2355 PRAETER
588 2319 791 2355 MERITA
825 2316 1204 2352 SUFFRAGANTE
1221 2339 1238 2362 ²

0 2403 3 2421 ³
30 2393 307 2428 POTIOREM
328 2394 529 2428 VENIAT
557 2393 791 2428 GRADUM
812 2414 827 2434 ,
849 2389 962 2424 NON
992 2390 1108 2424 SINE
1146 2390 1238 2424 DE·

0 2466 212 2502 ,IMENTO
239 2467 463 2502 PUDORIS
487 2466 584 2511 EO,
605 2467 701 2511 QUI
731 2465 831 2500 PRO
854 2464 1118 2509 QUOLIBET
1153 2465 1237 2498 PE·

0 2543 61 2578 [m
89 2541 285 2578 TENTA'·
306 2543 424 2579 Emr
441 2565 458 2593 ,
477 2541 803 2581 msczssum.
823 2527 924 2577 Hac
947 2523 1116 2576 fiducia
1142 2524 1236 2590 spei
