1626 2917
183 78 275 127 232
410 79 747 126 AMMIANI
790 79 1247 126 MARCELLINI

179 186 301 232 ribus
343 203 528 249 campos
568 186 829 249 implerunt.
870 188 1069 234 Diremit
1109 188 1203 237 haec
1243 205 1470 252 nunquam

178 258 421 322 pensabilia
448 260 639 317 damna,
673 258 807 325 (quae
831 277 995 324 magno
1023 261 1154 308 rebus
1187 263 1340 309 stetere
1372 265 1472 308 Ro-

178 334 379 397 manis‚)
410 334 538 380 nullo
572 334 810 396 splendore
844 334 989 382 lunari
1019 352 1113 381 nox
1146 335 1338 401 fulgens.
1371 339 1471 384 Pri-

177 423 340 469 maque
362 407 552 470 caligine
578 408 860 454 tenebrarum
888 406 1005 454 inter
1030 409 1255 472 gregarios
1278 413 1472 472 [mpera-

176 489 268 536 tor‚
289 490 337 525 ut
358 480 536 542 opinari
560 480 764 537 dabatur,
781 479 951 544 (neque
972 480 1091 526 enim
1115 480 1270 527 vidiffe
1293 480 1332 526 se
1351 481 1473 544 quis-

177 569 340 616 quam,
364 553 438 600 vel
458 552 621 616 praesto
644 553 796 612 suiffe,
826 552 1127 617 asseveravit)
1149 553 1300 616 sagitta
1326 553 1474 615 perni-

177 625 300 672 ciose
335 626 508 674 saucius
538 626 659 674 ruit:
697 626 941 690 spirituque
973 643 1083 673 mox
1122 626 1362 674 consumto
1393 627 1474 672 de-

177 697 332 754 ceffit‚
368 714 451 745 nec
489 699 640 760 postea
678 691 879 761 repertus
919 699 980 746 est
1026 698 1224 762 usquam.
1264 698 1474 745 Hostium

177 769 299 817 enim
332 770 512 833 paucis,
533 771 755 835 spoliandi
786 772 925 837 gratia
948 786 1158 820 mortuos
1191 789 1270 834 per
1294 789 1341 818 ea
1372 772 1476 818 loca

177 842 254 889 diu
291 842 502 902 versatis,
535 845 684 892 nullus
705 845 964 908 fugatorum
989 846 1064 891 vel
1093 845 1349 892 accolarum
1368 844 1476 892 illuc

177 915 300 962 adire
336 915 398 962 est
442 915 586 963 ausus.
622 917 768 964 Simili
803 918 928 965 clade
963 918 1182 965 Caesarem
1222 918 1478 980 accepimus

176 987 406 1045 Decium,
445 988 740 1037 dimicantem
776 1008 877 1038 cum
916 991 1115 1038 barbaris
1148 990 1334 1047 acriter,
1371 989 1477 1052 equi

176 1059 304 1122 lapsu
343 1060 646 1122 prostratum,
682 1079 816 1126 quem
861 1063 1114 1111 ferventem
1149 1064 1341 1110 retinere
1380 1079 1477 1108 non

178 1131 326 1178 valuit
351 1167 366 1190 ,
401 1131 714 1196 abjeEtumque
751 1134 798 1180 in
842 1135 1048 1196 paludem
1075 1170 1089 1193 ‚
1123 1151 1206 1182 nec
1249 1151 1477 1198 emergere

175 1204 397 1268 poruiffe,
427 1221 510 1252 nec
539 1205 753 1253 inveniri.
786 1207 878 1253 Alii
899 1207 1085 1264 dicunt,
1109 1208 1347 1253 Valentem
1376 1208 1477 1254 ani-

162 1293 298 1345 ,mam
326 1292 422 1322 non
448 1277 676 1324 exhalasse
705 1278 971 1336 confestim,
992 1279 1064 1325 sed
1094 1296 1195 1325 cum
1215 1280 1479 1328 Candidatis

180 1351 232 1398 &
255 1350 534 1413 spadonibus
567 1351 723 1415 paucis
751 1369 895 1415 prope
927 1354 982 1400 ad
1008 1353 1219 1417 agrestem
1247 1353 1389 1400 casam
1411 1371 1479 1401 re-

177 1424 319 1471 latum
349 1424 543 1472 secunda
575 1427 921 1491 contignatione
949 1427 1071 1474 fabre
1099 1427 1315 1474 munitam
1333 1463 1346 1486 ,
1374 1428 1480 1475 dum

176 1496 368 1545 fovetur
389 1494 597 1547 manibus
627 1499 876 1562 imperitis,
902 1499 1231 1548 circumsessum
1253 1500 1308 1547 ab
1335 1500 1478 1561 hosti-

177 1572 292 1630 bus,
324 1570 401 1636 qui
425 1571 553 1630 effer,
580 1571 899 1635 ignorantibus
916 1609 929 1630 ,
951 1573 1173 1621 dedecore
1204 1573 1480 1636 captivitatis

177 1657 422 1692 exemtum.
453 1647 571 1693 Cum
601 1645 720 1692 enim
756 1645 1054 1708 oppessulatas
1087 1643 1241 1705 januas
1273 1661 1479 1708 perrum-

179 1737 285 1784 pere
312 1720 467 1768 conati
483 1757 499 1778 ,
521 1720 598 1783 qui
630 1719 768 1767 secuti
801 1720 921 1778 sunt,
940 1737 964 1766 a
997 1730 1118 1783 parte
1140 1718 1295 1782 pensili
1317 1719 1480 1767 domus

179 1793 345 1857 sagittis
378 1793 727 1852 incess'eremur,
766 1810 820 1840 ne
856 1810 935 1856 per
972 1809 1121 1840 moras
1153 1787 1479 1856 inexpedibiles

177 1865 430 1928 populandi
449 1866 704 1913 amitterent
732 1867 940 1929 copiam,
967 1866 1190 1931 congestis
1212 1867 1381 1930 stipulae
1414 1866 1478 1913 fa-

180 1938 327 1986 scibus
346 1939 396 1986 &
415 1937 642 2002 lignorum
657 1976 670 1995 ‚
688 1939 958 2004 flammaque
978 1938 1221 2002 supposita,
1242 1937 1480 1986 aedificium

180 2028 284 2059 cum
315 2011 576 2059 hominibus
601 2026 879 2061 torruerunt.
913 2013 1043 2060 Unde
1066 2013 1245 2076 quidam
1276 2012 1329 2058 de
1355 2013 1480 2058 Can-

180 2084 340 2132 didatis
371 2101 448 2147 per
475 2084 714 2133 fenestram
743 2085 916 2149 lapsus,
947 2084 1188 2149 captusque
1222 2103 1244 2132 a
1278 2085 1480 2132 barbaris

180 2159 384 2223 prodidit
403 2160 592 2220 facium,
609 2163 658 2209 &
676 2177 755 2208 eos
774 2178 972 2208 moerore
994 2161 1177 2216 afflixit,
1197 2177 1356 2224 magna
1376 2160 1479 2224 glo-

181 2233 247 2280 ria
281 2231 600 2292 defraudatos,
629 2234 755 2296 quod
786 2235 1008 2280 Romanae
1039 2231 1103 2279 rei
1134 2233 1352 2280 refforem
1382 2248 1478 2279 non

187 2322 347 2370 cepere
380 2305 671 2371 superstitem.
706 2310 744 2355 Is
763 2306 855 2371 ipse
885 2305 1090 2370 juvenis,
1120 2306 1301 2356 occulte
1326 2305 1479 2371 postea
