1626 2917
209 205 272 254 68
409 204 1296 252 AMMIANIMARCELLINI

202 314 371 373 jamque
401 314 592 357 elucentis
619 310 823 374 industria
843 310 1061 366 juvenem,
1083 313 1128 355 in
1165 311 1339 369 Caefaris
1365 311 1488 355 adhi-

209 389 294 431 here
305 386 538 452 potestatem
557 399 704 443 exopto
715 417 727 438 ‚
747 385 885 443 coeptis
901 382 970 446 ‚si
987 385 1182 428 videntur
1199 385 1318 427 utilia
1335 417 1348 439 ,
1363 385 1486 427 etiam

210 457 336 523 vestra
368 454 623 518 consenfione
639 455 883 512 firmandis.
919 454 1085 500 Dicere
1112 452 1240 514 super
1267 452 1333 498 his
1361 453 1488 514 plura

209 540 452 577 conantem
491 524 779 587 interpellans
814 525 981 572 concio
1017 523 1160 571 lenius
1191 523 1486 586 prohibebat,

209 599 441 648 arbitrium
470 595 627 644 summi
655 595 851 642 numinis
885 595 930 641 id
955 596 1065 652 effe,
1095 612 1190 642 non
1217 594 1376 641 mentis
1403 597 1487 642 hu-

207 691 376 730 manae,
403 671 529 719 velut
563 670 739 734 praescia
770 669 952 717 venturi
979 669 1239 733 praedicans,
1271 670 1485 733 Stansque

206 751 455 810 Imperator
482 742 752 802 immobilis,
775 743 882 789 dum
911 741 1111 801 filerent,
1141 744 1311 791 refidua
1340 743 1485 791 fiden-

206 821 294 868 tius
320 819 595 881 explicavit:
632 820 747 878 Quia
779 819 907 877 igitur
932 817 1097 882 vestrum
1119 836 1270 878 quoque
1289 818 1484 876 favorem

207 893 335 958 adeffi
343 893 541 953 fremitus
567 894 729 938 indicat
754 897 894 948 laetus,
923 892 1156 951 adolescens
1181 895 1336 953 vigoris
1366 909 1486 937 tran-

208 971 347 1031 quilii,
364 965 482 1022 cujus
499 966 708 1025 temperati
729 982 855 1010 mores
873 967 1073 1009 imitandi
1081 965 1187 1025 sunt
1194 967 1350 1024 potius,
1362 984 1484 1025 quarn

201 1041 490 1104 praedicandi,
520 1041 581 1082 ad
601 1040 793 1082 honorem
818 1037 1098 1097 prosperatum
1119 1037 1313 1098 exsurgat
1329 1055 1344 1083 .·
1370 1038 1487 1095 cujus

200 1116 443 1174 praeclaram
474 1111 654 1154 indolem
686 1111 806 1154 honis
837 1111 996 1154 artibus
1027 1111 1257 1176 institutam
1291 1113 1367 1155 boc
1394 1112 1485 1173 ipso

204 1190 323 1248 plene
346 1187 483 1230 videor
501 1180 730 1244 exposuzffi
746 1216 758 1238 ‚
780 1185 892 1242 quod
913 1183 1023 1242 elegi.
1058 1183 1174 1242 Ergo
1194 1199 1283 1226 eum
1299 1183 1488 1242 praesente

208 1273 311 1304 nutu
346 1257 435 1302 Dei
472 1253 634 1316 coelestis
669 1252 820 1297 amic‘t'u
848 1254 1082 1313 principali
1123 1254 1279 1298 vetabo.
1321 1252 1486 1299 Dixit:

206 1342 410 1389 moxque
436 1324 639 1370 indutum
671 1323 791 1369 avita
818 1340 1014 1385 purpura
1041 1324 1287 1382 Julianum,
1307 1326 1355 1372 &
1383 1327 1486 1372 Cae-

206 1402 346 1451 sarem
378 1416 478 1446 cum
511 1397 729 1443 exercitus
760 1396 925 1457 gaudio
956 1397 1249 1456 declaratum,
1277 1399 1344 1444 his
1370 1400 1487 1445 allo-

207 1474 361 1540 quitur
381 1468 680 1518 contraffiore
702 1468 831 1515 vultu
854 1467 1164 1516 submoestum:
1186 1472 1483 1536 Recepistipri-

208 1565 360 1596 maevus
400 1546 572 1606 originis
606 1558 683 1588 tuae
706 1543 987 1603 splendidum¹
1003 1545 1182 1608 florem,
1215 1545 1485 1608 amantiffime

207 1624 310 1670 mihi
339 1622 524 1666 omnium
543 1616 710 1674 frater:
739 1615 858 1661 αιιὲἶα
885 1619 1021 1678 gloria
1052 1636 1140 1663 mea
1161 1619 1379 1677 confiteor,
1414 1625 1485 1681 qui

195 1696 335 1760 justus
365 1696 413 1739 in
444 1690 660 1749 deferenda
682 1689 892 1750 superiori
913 1691 1106 1756 potestate
1137 1692 1354 1737 nobilitati
1380 1695 1485 1738 milii

200 1771 443 1834 propinqua?
459 1800 472 1822 ‚
496 1782 618 1825 quam
652 1764 745 1824 ipsa
771 1763 990 1829 potestate,
1010 1765 1152 1808 videor
1175 1762 1246 1825 effi
1265 1766 1482 1824 sublimis.

208 1843 363 1908 Adesto
382 1841 510 1902 igitur
528 1840 713 1884 laborum
734 1842 1085 1898 periculorumque
1099 1842 1332 1898 particeps,
1354 1836 1396 1883 δ’
1416 1856 1484 1885 tu-

207 1920 330 1964 telam
364 1914 574 1980 ministerii
593 1912 758 1973 suscipe
791 1913 1055 1968 Galliarum,
1086 1915 1199 1957 omni
1227 1914 1482 1971 beneficentia

201 2007 342 2053 partes
361 1994 568 2034 levaturus
589 1986 764 2052 affliilas
783 2003 797 2031 :
819 1983 916 2049 &st
937 1986 1112 2049 hostibus
1133 1989 1319 2046 congredi
1329 1986 1394 2049 stt
1409 2006 1483 2032 ne-

209 2062 300 2127 ceffe
313 2098 326 2118 ,
340 2063 437 2120 fixo
452 2063 585 2123 gradu
602 2059 759 2127 consiste
779 2062 882 2104 inter
887 2057 1114 2123 signiferos
1131 2058 1242 2118 ipsos
1256 2092 1269 2114 ,
1299 2061 1482 2105 audendi

206 2140 255 2183 in
289 2152 461 2195 ternpore
489 2133 764 2197 consideratus
795 2134 1002 2186 hortator,
1020 2147 1257 2191 pugnantes
1288 2135 1481 2178 accedens

202 2212 421 2273 praeeundo
458 2206 706 2268 caudffime,
741 2207 999 2266 turbatosque
1025 2204 1226 2266 subsidiis
1261 2206 1480 2265 fulciens,

206 2276 373 2346 modeste
406 2284 620 2340 increpans
663 2279 841 2344 destdes,
877 2277 1097 2340 veriffi'mus
1133 2279 1237 2343 testis
1277 2277 1480 2341 affitturus

208 2356 418 2420 industriis
443 2351 484 2399 δ’
504 2354 683 2414 ignavis.
708 2353 889 2398 Proinde
908 2367 1065 2412 urgente
1087 2354 1142 2396 rei
1165 2353 1478 2413 magnitudine,

205 2445 322 2491 perge
339 2425 543 2485 virfortis
559 2461 572 2481 ,
589 2425 780 2471 duc‘lurus
796 2427 907 2470 viros
929 2425 1070 2470 itidem
1078 2422 1227 2482 fortes.
1253 2427 1481 2470 Aderimus

212 2504 330 2550 nobis
359 2499 531 2566 viciffim
552 2502 707 2547 amoris
739 2501 897 2567 robusta
923 2499 1174 2564 constantia,
1202 2499 1478 2545 militabimus
