1626 2917
281 147 499 196 RERUM
535 147 877 195 GESTARUM
908 148 1012 195 LIB.
1045 148 1219 195 XX1X.
1314 165 1395 211 191

118 271 355 319 parumper
374 255 436 301 ob
466 256 670 302 tenebras
699 254 862 302 morati
882 256 1149 313 maumas,
1170 255 1401 303 exsiliente

116 328 354 391 procineiu
389 330 631 391 pergebant
654 328 866 384 ulterius,
897 328 1108 375 itinerum
1143 328 1288 391 gnaris
1322 330 1402 375 du-

117 399 348 459 centibus,
380 402 578 464 equitatu
612 418 713 448 cum
746 401 1009 449 Theodosio
1042 402 1213 450 reuore
1244 402 1403 465 praeire

114 473 328 537 disposito
371 474 542 537 equitat
573 487 665 522 erat
684 510 843 523 ......
882 479 904 501 *
939 478 962 501 *
998 486 1202 536 tempore
1233 473 1402 536 jaceat,

115 558 300 594 extento
319 546 501 609 strepitu
530 546 709 593 suorum
740 546 801 593 est
823 546 1063 609 impeditus
1085 565 1095 593 :
1119 546 1280 609 quibus
1298 546 1401 593 affi-

113 619 198 665 due
230 619 470 677 mandans,
490 632 541 666 ut
571 619 790 666 incendiis
820 620 868 666 &
901 618 1070 681 rapinis
1101 618 1400 678 abstinerent,

115 691 353 754 impetrare
382 709 475 739 non
507 692 670 755 potu-it.
707 691 878 754 Ignium
911 692 1030 738 enim
1061 691 1236 754 crepitu
1265 692 1401 739 diffo-

114 765 268 829 nisque
287 766 557 813 clamoribus
577 765 782 813 satellites
809 764 945 812 exciti
960 801 974 821 ‚
996 764 1154 827 idque,
1175 765 1298 828 quod
1323 782 1399 812 ac-

115 838 311 895 ciderat,
332 838 533 902 suspeffi,
548 850 770 901 >carpento
792 838 941 886 veloci
961 838 1220 900 impositum
1246 854 1399 901 regem

114 911 301 975 angusto
321 911 443 962 aditu
461 910 778 959 circumfraffis
796 911 986 958 collibus
1004 909 1285 958 abdiderunt.
1300 911 1398 959 Hac

113 982 452 1030 Valentinianus
487 981 630 1045 gloria
664 981 977 1039 defraudatus,
1005 997 1089 1028 nec
1125 980 1199 1028 sua
1234 981 1397 1044 culpa,

111 1071 195 1102 nec
221 1054 383 1102 ducum
400 1090 413 1112 ‚
433 1054 504 1101 sed
532 1053 874 1116 intemperantia
895 1053 1072 1110 militis,
1093 1070 1194 1116 quae
1216 1053 1396 1116 dispen-

113 1127 195 1173 diis
222 1125 433 1190 gravibus
459 1124 572 1188 saepe
599 1143 692 1173 rem
720 1127 971 1177 Romanam
992 1125 1179 1182 afflixit,
1201 1125 1395 1189 adusque

109 1196 602 1260 quinquagentefimum
642 1196 832 1258 lapidem
872 1195 1001 1242 terris
1045 1195 1283 1243 hostilibus
1318 1197 1394 1242 in-

109 1269 370 1328 flammatis,
402 1269 534 1316 rediit
563 1271 794 1316 Treveros
822 1268 1022 1315 moestus.
1055 1268 1148 1316 Ubi
1177 1281 1390 1332 tanquam

108 1345 183 1391 leo
203 1343 265 1390 ob
287 1359 474 1390 cervum
491 1341 694 1388 amissum
713 1340 786 1387 vel
805 1356 1005 1402 capream
1027 1338 1199 1386 morsus
1220 1357 1393 1387 vacuos

108 1430 387 1477 concrepans
402 1450 417 1472 ,
437 1415 541 1461 dum
562 1414 753 1461 hostium
780 1412 956 1474 disjeRa
982 1411 1205 1475 frangeret
1225 1411 1391 1472 timor,

107 1489 158 1535 in
195 1486 416 1534 Macriani
452 1485 607 1533 locum
644 1483 1060 1542 Bucinobantibus,
1094 1499 1196 1547 quae
1230 1497 1390 1531 contra

108 1561 454 1625 Mogontiacum
487 1576 592 1623 gens
620 1560 681 1607 est
702 1560 950 1607 Alamanna
968 1593 981 1616 ,
1004 1574 1153 1620 regem
1180 1559 1390 1605 Fraoma-

108 1633 229 1680 rium
257 1633 521 1680 ordinavit:
547 1649 678 1696 quem
703 1631 837 1696 paulo
868 1629 1047 1693 postea,
1074 1629 1291 1692 quoniam
1319 1647 1388 1676 re-

105 1723 213 1775 cens
240 1705 453 1755 excursus
484 1708 672 1754 eundem
709 1704 887 1770 penitus
918 1703 1170 1751 vastaverat
1197 1720 1388 1767 pagum,

105 1781 154 1828 in
183 1781 419 1828 Britannos
447 1782 708 1828 translatum
737 1776 954 1842 potestate
978 1775 1146 1822 tribuni
1177 1775 1383 1822 Alaman-

107 1870 273 1901 norum
293 1853 551 1917 praesecerat
581 1868 769 1900 numero
786 1887 801 1909 ‚
819 1847 1102 1896 multitudine
1124 1847 1385 1911 viribusque

105 1942 158 1972 ea
179 1926 437 1989 tempestate
462 1926 674 1973 florenti:
698 1922 972 1972 Bitheridum
998 1936 1111 1968 vero
1138 1921 1188 1968 δε
1216 1920 1383 1967 Horta·

104 1999 221 2045 rium
250 1998 446 2046 nationis
466 1998 658 2060 ejusdem
681 1998 886 2060 primates
917 1993 1023 2039 item
1052 2008 1202 2056 regere
1220 1992 1383 2039 milites

103 2071 225 2133 juffit
242 2089 253 2118 ε
271 2088 295 2117 e
323 2071 485 2134 quibus
520 2071 756 2117 Hortarius
772 2106 784 2125 ,
805 2065 1009 2131 proditus
1033 2064 1250 2110 relatione
1273 2065 1380 2111 Flo-

104 2143 236 2190 rentii
256 2144 509 2191 Germaniae
535 2144 686 2200 ducis,
712 2157 871 2190 contra
901 2137 1222 2199 rempublicam
1255 2155 1377 2202 quae-

102 2217 205 2264 dam
237 2217 291 2263 ad
318 2218 596 2267 Macrianum
619 2218 826 2281 scripsisse
857 2212 1151 2276 barbarosque
1184 2214 1377 2275 optima-

104 2306 169 2337 tes
184 2325 197 2348 ,
218 2291 405 2339 veritate
437 2292 673 2340 tormentis
690 2290 885 2354 express‘a
900 2324 916 2345 ,
934 2286 1236 2351 conflagravit
1251 2286 1376 2334 flam·

103 2379 175 2409 ma
205 2363 389 2425 poenali.

184 2437 238 2494 V.
278 2433 455 2482 Abhinc
496 2435 612 2483 inter
648 2438 671 2463 ¹*
706 2438 729 2461 ⁷*
763 2436 787 2461 ff
822 2437 845 2459 *
881 2436 904 2460 ἢ
940 2435 962 2456 ‘²‘
998 2430 1245 2494 proximo,
1279 2430 1374 2476 haec
