1626 2917
249 131 340 198 238
470 134 807 181 AMMIANI
842 135 1321 184 MARCELLINI

246 238 353 301 quia
388 238 552 285 timore
581 257 687 287 mox
724 239 1035 304 frangebatur,
1066 255 1114 288 ut
1143 244 1402 292 Antoninus
1429 241 1534 293 Pius

246 332 340 364 erat
365 318 540 364 serenus
563 321 613 365 &
636 318 844 366 clemens.
871 319 1044 366 Judices
1070 337 1302 384 nunquam
1321 320 1533 368 consulto

245 393 466 455 malignos
491 393 656 457 elegit:
676 393 746 439 sed
773 393 803 439 fi
832 394 964 441 semel
995 407 1237 457 promotos
1263 413 1390 460 agere
1412 395 1532 442 didi·

245 471 307 518 cit
344 471 624 527 immaniter,
658 473 894 536 Lycurgos
932 472 1150 520 invenisse
1187 473 1229 520 se
1262 474 1532 537 praedicabat

243 553 296 598 δε
328 552 525 610 Cassios,
563 552 794 599 columina
829 552 1011 600 Justitiae
1046 553 1215 615 prisca:
1250 553 1532 615 scribensque

244 630 510 677 hortabatur
527 630 710 684 affidue,
727 643 774 675 ut
793 648 938 677 nox-as
961 631 1033 677 vel
1055 631 1179 678 leves
1200 631 1402 677 acerbius
1423 630 1533 676 vin·

243 708 458 755 dicarent.
500 709 598 755 Nec
634 707 826 766 afflietis,
860 709 888 754 si
923 708 1016 755 fors
1052 708 1282 772 ingruisset
1308 706 1531 765 inferior,

244 801 337 835 erat
374 787 515 834 ullum
557 787 604 833 in
647 787 865 849 Principis
912 787 1185 851 benignitate
1232 785 1485 850 perfugium
1517 801 1531 833 ε

242 864 372 928 quod
397 863 567 926 semper
591 877 639 908 ut
666 862 833 926 agitato
856 863 967 909 mari
988 861 1180 924 jadiatis,
1207 875 1364 925 portus
1386 860 1532 924 patuit

242 956 497 1007 exoptatus.
528 945 652 989 Finis
678 946 785 988 enim
797 942 903 1010 justi
929 944 1108 1003 imperii,
1131 953 1180 987 ut
1203 941 1419 1003 sapientes
1443 941 1532 988 do-

243 1035 372 1078 cent,
393 1025 558 1069 utilitas
579 1022 852 1066 obedientium
874 1022 1095 1086 aestimatur
1115 1017 1307 1081 &salum

307 1101 386 1146 IX.
416 1097 781 1144 Consentaneum
813 1095 873 1142 est
908 1096 1063 1143 venire
1092 1096 1189 1158 post
1225 1096 1320 1143 haec
1352 1095 1406 1142 ad
1436 1094 1531 1157 ejus

241 1178 362 1225 afflus
399 1175 649 1238 sequendos
682 1175 797 1221 reste
834 1174 1123 1221 sentientibus
1153 1176 1203 1221 &
1237 1174 1532 1236 probandosz

241 1272 343 1303 cum
369 1253 529 1317 quibus
556 1253 586 1298 si
612 1252 785 1314 reliqua
805 1253 1113 1313 temperasset,
1138 1252 1315 1298 vixerat
1336 1267 1383 1299 ut
1410 1256 1530 1300 Tra-

241 1335 369 1397 janus
390 1334 438 1379 &
460 1334 650 1378 l‘vlarcus.
682 1332 732 1377 In
760 1329 1064 1392 provinciales
1083 1330 1324 1377 admodum
1344 1349 1530 1394 parcus,

241 1414 516 1461 tributorum
553 1410 723 1473 ubique
756 1410 966 1457 molliens
1000 1406 1217 1457 sarcinas:
1252 1411 1528 1474 oppidorum

242 1494 294 1539 δε
326 1490 519 1537 limitum
559 1487 774 1536 conditor
808 1489 1132 1552 tempestivus:
1163 1490 1365 1538 militaris
1398 1491 1532 1539 disci·

241 1573 378 1634 plinae
421 1569 581 1618 censor
616 1569 835 1627 exin-iius,
871 1570 917 1616 in
953 1570 1044 1616 hoc
1085 1582 1257 1617 tantum
1296 1572 1529 1630 deerrans,

241 1648 369 1713 quod
392 1665 491 1695 cum
519 1647 821 1711 gregariorum
848 1648 980 1695 etiam
1007 1649 1126 1695 levia
1149 1649 1328 1711 puniret
1357 1663 1529 1710 errata,

241 1726 474 1790 potiorum
502 1726 666 1772 ducum
687 1724 855 1788 flagitia
877 1726 1084 1788 progredi
1105 1725 1272 1773 finebat
1289 1727 1334 1772 in
1353 1727 1496 1788 majus
1513 1763 1531 1785 ‚

243 1805 300 1852 ad
327 1804 529 1869 querelas
556 1804 601 1850 in
631 1820 710 1851 eos
741 1815 885 1850 motas
905 1803 1143 1866 aliquoties
1173 1804 1492 1853 obsurdescens
1514 1822 1529 1852 ε

244 1884 363 1931 unde
389 1882 635 1930 Britannici
669 1881 899 1945 strepitus,
929 1884 978 1930 &
1013 1881 1238 1928 Africanae
1272 1883 1444 1942 clades,
1478 1885 1531 1932 δε

245 1962 423 2010 vastitas
451 1961 625 2008 emersit
651 1961 837 2025 lllyrici.
871 1960 1013 2007 Omni
1044 1962 1271 2024 pudicitiae
1299 1963 1423 2008 cultu
1445 1963 1530 2010 do-

243 2040 307 2087 mi
331 2039 472 2087 castus
491 2042 539 2087 &
561 2039 703 2099 foris,
725 2039 854 2085 nullo
876 2040 1092 2104 contagio
1115 2040 1400 2087 conscientiae
1422 2043 1530 2089 vio·‘

247 2118 362 2165 latus
382 2116 637 2174 obscoenae,
659 2117 770 2163 nihil
790 2117 1004 2164 incestum
1021 2135 1031 2164 :
1048 2118 1250 2181 hancque
1269 2119 1330 2164 ob
1351 2119 1527 2166 causam

244 2209 459 2259 tanquam
486 2195 744 2242 retinaculis
774 2195 1064 2258 petulantiam
1093 2194 1284 2242 frenarat
1315 2197 1426 2242 aulae
1456 2213 1528 2243 re-

245 2274 388 2338 galis:
413 2275 538 2338 quod
570 2274 795 2321 custodire
827 2274 957 2321 facile
985 2273 1163 2337 potuit,
1197 2275 1529 2322 neceffitudini-

244 2352 328 2400 bus
359 2350 444 2399 suis
477 2351 588 2398 nihil
621 2351 886 2415 indulgens,
920 2369 1026 2415 quas
1063 2365 1137 2398 aut
1169 2353 1215 2399 in
1250 2352 1351 2399 otio
1384 2352 1530 2415 repri⁴

246 2431 422 2493 mebat,
446 2443 524 2480 aut
552 2431 839 2479 mediocriter
869 2431 1143 2493 honoravit,
1168 2431 1329 2497 absque
1361 2430 1494 2480 fratre
1511 2448 1528 2482 z
