1626 2917
300 95 519 143 RERUM
549 93 884 143 GESTARUM
913 93 1017 142 LIB.
1047 93 1220 141 XXVI,
1339 111 1395 155 71

125 204 318 262 incerta,
341 205 559 269 nulloque
585 222 735 253 errore
762 205 972 268 deinceps
999 202 1264 266 obumbrata
1284 200 1400 247 ratio

125 278 317 326 coelestis
335 292 559 343 appareat,
582 283 630 329 &
643 281 810 328 menses
830 294 1035 342 tempora
1052 278 1272 325 retineant
1290 292 1404 338 prae-

124 350 285 399 stituta.
330 354 437 401 Haec
479 354 684 400 nondum
719 353 909 400 extentis
951 351 1083 398 fusius
1119 350 1287 414 regnis,
1325 347 1402 393 diu

122 423 387 485 ignoravere
414 427 634 484 Romani,
665 441 832 490 perque
863 425 1008 472 secula
1034 424 1172 471 multa
1199 420 1401 469 obscuris

123 495 457 546 difficultatibus
488 498 727 562 implicati,
756 511 861 544 tunc
884 497 1021 560 magis
1051 512 1255 542 errorum
1289 508 1401 556 pro-

121 565 261 615 funda
283 570 468 634 caligine
492 571 788 628 fluctuabant,
808 585 910 616 cum
933 568 979 614 in
1001 568 1248 614 sacerdotes
1269 577 1401 628 pote-

121 640 275 689 statem
293 643 608 692 transtulissent
623 643 915 692 intercalandi
935 660 945 688 :
966 643 1042 704 qui
1060 642 1247 686 licenter
1267 637 1404 701 grati-

120 711 304 762 ficantes
331 716 675 778 publicanorum
708 716 782 764 vel
813 715 1082 780 litigantium
1115 710 1402 767 commodis,

121 786 177 831 ad
198 787 428 835 arbitrium
454 789 577 837 suum
598 788 915 836 subtrahebant
943 800 1146 847 tempora
1173 784 1246 831 vel
1265 799 1402 845 auge-

122 858 244 906 bant.
282 861 478 925 Hocque
508 877 564 908 ex
595 873 753 923 coepto
787 858 1059 907 emerserunt
1079 857 1162 903 alia
1183 856 1401 918 plurima,

121 948 222 995 quae
248 932 486 992 fallebant,
521 950 716 997 quorum
750 931 994 979 meminisse
1031 947 1151 977 nunc
1185 929 1400 992 superva-

123 1022 257 1052 cuum
279 1018 406 1069 puto.
434 1006 615 1068 Quibus
633 1005 838 1064 abolitis,
859 1004 1133 1053 Oetavianus
1157 1003 1401 1066 Augustus,

121 1079 310 1125 Graecos
336 1078 538 1137 secutus,
557 1079 672 1127 hanc
700 1078 1047 1126 inconstantiam
1081 1077 1282 1126 correfila
1309 1087 1405 1121 tur-

118 1151 305 1199 batione
339 1152 621 1217 composuit,
647 1152 797 1216 spatiis
829 1152 1070 1199 duodecim
1103 1149 1320 1197 mensium
1353 1150 1404 1196 &

119 1223 195 1270 sex
230 1225 447 1272 horarum
491 1242 651 1288 magna
689 1225 1011 1273 deliberatione
1045 1223 1245 1272 collectis
1277 1240 1288 1269 ε
1324 1238 1405 1285 per

118 1315 220 1361 quae
237 1299 478 1346 duodecim
496 1300 685 1347 siderum
705 1299 936 1346 domicilia
953 1298 1018 1344 sol
1037 1297 1282 1345 discurrens
1303 1311 1402 1342 mo-

122 1370 239 1416 tibus
265 1370 569 1434 sempiternis,
591 1371 698 1419 anni
723 1371 864 1418 totius
893 1370 1128 1419 intervalla
1157 1368 1403 1418 concludit.

122 1444 274 1503 Quam
308 1444 528 1491 rationem
562 1443 737 1492 bissexti
770 1445 1034 1507 probatam,
1057 1443 1190 1490 etiam
1225 1442 1402 1489 vistura

121 1534 226 1563 cum
257 1516 413 1564 seculis
441 1519 586 1565 Roma
617 1516 880 1579 adjumento
906 1515 1101 1564 numinis
1132 1515 1278 1565 divini
1297 1514 1403 1563 fun-

121 1590 261 1639 davit.
295 1591 490 1638 Proinde
516 1607 748 1656 pergamus
776 1593 830 1637 ad
856 1591 1041 1654 reliqua.

187 1665 237 1711 Π.
268 1664 432 1726 Elapso
459 1664 529 1711 die
557 1681 715 1731 parurn
737 1676 844 1726 apto
872 1664 926 1709 ad
950 1662 1225 1710 inchoandas
1252 1679 1402 1710 rerum

120 1737 480 1802 magnitudines,
501 1751 549 1785 ut
566 1738 745 1800 quidam
768 1737 1019 1784 existimant
1034 1773 1048 1794 ,
1071 1736 1405 1799 propinquante

120 1809 210 1873 jam
233 1810 413 1871 vespera
446 1811 624 1856 monitu
644 1809 839 1872 praefeffi
866 1809 1053 1855 Sallustii
1075 1808 1153 1855 sub
1179 1808 1304 1854 exitii
1325 1808 1404 1853 de-

122 1883 408 1930 nuntiatione
442 1883 647 1930 statutum
680 1882 741 1928 est
766 1894 940 1943 promta
974 1880 1264 1928 consenfione
1291 1898 1406 1927 cun-

125 1956 325 2014 ctorum,
347 1973 401 2002 ne
423 1956 617 2019 potioris
645 1954 876 2018 quisquam
906 1953 1180 2002 auetoritatis
1195 1990 1208 2012 ,
1229 1954 1304 2001 vel
1333 1953 1406 1998 su-

126 2029 296 2092 spectus
328 2031 488 2077 altiora
520 2029 698 2086 conari,
729 2029 994 2091 procederet
1020 2028 1229 2091 postridie
1261 2044 1407 2074 mane.

127 2104 333 2165 Cumque
364 2103 610 2150 multorum
641 2102 805 2159 taedio,
825 2118 940 2163 quos
972 2114 1189 2148 votorum
1219 2100 1408 2146 inanitas

130 2175 386 2232 crucia-bat,
420 2176 598 2222 tandem
633 2174 759 2222 finita
789 2175 920 2220 noste
946 2174 1025 2219 lux
1053 2173 1329 2220 advenisset:
1360 2172 1406 2218 in

128 2261 269 2292 unum
296 2246 481 2309 quaesito
515 2247 653 2293 milite
683 2247 834 2301 omni,
856 2246 1105 2309 progressus
1135 2244 1409 2292 Valentinia-

130 2335 213 2365 nus
244 2318 290 2364 in
325 2336 560 2383 campum,
594 2320 908 2383 permissusque
942 2320 1137 2367 tribunal
1174 2319 1408 2366 ascendere

131 2390 283 2440 celsius
301 2390 504 2441 strtxstum
515 2430 529 2454 ,
545 2394 835 2442 comitiorum
855 2392 879 2439 s
874 2393 997 2457 pecie
1011 2428 1024 2452 ,
1041 2392 1278 2440 voluntate
1298 2407 1408 2454 prae-

1035 2468 1071 2514 E
1094 2486 1125 2526 4
