1626 2917
236 228 458 277 RERUM
494 227 835 275 GESTARUM
874 227 977 274 LIB.
1007 227 1157 275 XXII.
1255 242 1344 292 305

63 336 316 395 lonstoma,
342 350 551 401 quartum
581 335 894 383 Pseudostoma
915 353 925 382 ε
957 352 1057 382 nam
1078 336 1354 384 Boreonsto-

63 428 138 459 ma
160 427 211 458 ac
241 409 402 456 deinde
434 409 747 455 Sthenostoma
775 407 910 471 longe
940 409 1118 455 minora
1148 407 1247 454 sunt
1278 425 1356 456 ce-

63 483 457 547 teriszseptimum
486 482 641 546 ingens
677 484 726 530 &
763 481 944 545 palustri
975 481 1118 544 specie
1151 481 1350 545 nigrum.

65 557 234 604 Omnis
264 567 410 603 autem
434 554 700 602 circumfluo
722 554 892 601 ambitu
913 566 1078 616 pontus
1094 589 1107 611 ,
1137 555 1186 601 &
1208 555 1354 601 nebu-

64 630 188 678 losus
207 629 292 690 est,
318 633 365 678 δι
385 629 563 676 dulcior
589 645 825 693 aequorum
854 628 1036 685 ceteris,
1055 629 1105 675 &
1130 627 1320 676 vadosus
1341 646 1354 676 ε

65 704 197 767 qnod
217 704 265 751 &
284 701 531 750 concrescit
551 719 624 748 aer
648 719 704 748 ex
725 702 963 751 humorum
985 701 1220 764 spiramine
1240 703 1356 767 saepe

67 773 276 820 densatus
293 808 306 830 ,
326 772 659 820 &irruentium
679 773 897 819 undarum
920 773 1226 836 magnitudine
1243 786 1357 821 tern-

68 857 277 908 petatur,
305 846 356 893 &
393 843 619 907 consurgit
646 844 693 890 in
734 844 889 890 brevia
926 844 1130 892 tortuosa
1146 880 1160 903 ,
1196 845 1358 894 limum

68 917 318 982 globosque
339 929 572 980 aggerente
593 916 876 963 multitudine
900 916 1358 966 circumvenientium

68 990 365 1038 fluentorum.
382 994 435 1037 Et
451 990 647 1049 constat,
664 990 718 1037 ab
739 990 905 1037 ultimis
926 990 1065 1037 nostri
1085 989 1248 1038 finibus
1263 1009 1360 1038 ma-

71 1065 133 1113 ris
153 1064 410 1131 agminatim
431 1066 486 1111 ad
504 1065 623 1111 hunc
646 1064 853 1112 secessum
881 1066 1081 1127 pariendi
1111 1066 1250 1130 gratia
1281 1084 1361 1129 pe-

73 1152 167 1186 tere
198 1137 366 1201 pisces,
393 1150 444 1184 ut
478 1155 689 1201 aquarum
724 1137 938 1186 suavitate
973 1139 1188 1187 salubrius
1221 1139 1360 1186 foetus

73 1211 293 1268 educant,
313 1210 359 1256 in
388 1211 677 1274 receptaculis
698 1212 960 1277 cavis,quae
989 1213 1087 1259 sunt
1116 1214 1176 1261 ibi
1201 1213 1360 1260 densis·

73 1284 206 1340 fima,
245 1282 386 1330 securi
421 1283 657 1331 voracium
692 1284 937 1331 belluarum
961 1303 971 1331 ε
1007 1285 1120 1332 nihil
1156 1286 1274 1333 enim
1312 1287 1363 1335 itt

74 1356 228 1403 Ponto
260 1353 517 1414 hujusmodi
544 1355 782 1418 aliquando
805 1354 867 1402 est
889 1356 1031 1402 visum
1049 1394 1062 1416 ‚
1097 1371 1257 1420 praeter
1288 1359 1363 1405 in-

75 1428 246 1477 noxios
276 1428 506 1490 delphinas
532 1430 580 1476 &
601 1445 786 1492 parvos.
817 1427 1054 1493 Quidquid
1076 1444 1221 1477 autem
1242 1430 1363 1494 ejus-

78 1504 180 1550 dem
204 1501 381 1565 pontici
409 1501 527 1548 finus
546 1500 777 1565 Aquilone
797 1500 980 1547 caeditur
1010 1502 1058 1548 &
1078 1502 1249 1564 pruinis
1268 1539 1281 1562 ,
1299 1505 1363 1552 ita

79 1574 390 1640 perstringitur
408 1573 532 1637 gelu,
549 1586 597 1620 ut
617 1590 700 1620 nec
714 1573 910 1620 amnium
931 1573 1080 1621 cursus
1099 1575 1364 1626 subtervol-

80 1649 133 1697 vi
151 1649 415 1705 credantur,
436 1663 517 1694 nec
543 1663 621 1709 per
641 1645 826 1693 infidum
858 1646 1055 1694 &labile
1075 1648 1219 1696 solum
1242 1652 1366 1714 gres-

81 1721 153 1769 sus
170 1720 368 1767 hominis
386 1718 518 1784 poffit
545 1719 621 1766 vel
637 1717 825 1781 jumenti
842 1718 1005 1768 firmari
1023 1737 1034 1767 ε
1053 1724 1178 1785 quod
1200 1724 1365 1775 vitium

82 1811 313 1857 nunquam
358 1809 479 1839 mare
519 1791 735 1839 sincerum
754 1829 767 1851 ,
802 1792 875 1839 sed
921 1794 1192 1856 permixtum
1238 1800 1367 1862 aquis

83 1864 271 1916 amnicis
289 1878 445 1913 tentat.
466 1864 627 1912 perlati
645 1865 992 1929 aliquantorsum
1010 1866 1209 1931 longius,
1227 1887 1367 1934 quam

83 1941 390 2005 sperabamus,
421 1955 654 2002 pergamus
678 1938 731 1985 ad
759 1938 942 2002 reliqua.
967 1940 1218 1988 Accesserat
1245 1943 1368 1991 aliud

84 2015 142 2062 ad
172 2012 434 2078 gaudiorum
473 2011 755 2074 praesentium
790 2012 1047 2069 cumulum,
1080 2012 1154 2060 diu
1182 2014 1367 2077 quidem

85 2086 326 2149 speratum,
342 2083 413 2130 sed
431 2082 696 2130 dilationum
710 2084 892 2147 ambage
907 2084 1145 2147 multiplici
1161 2089 1368 2137 transtum.

86 2157 355 2205 Nuntiatum
385 2155 445 2203 est
470 2156 588 2202 enim
615 2173 694 2218 per
713 2156 954 2219 Agilonem
977 2157 1024 2204 &
1045 2156 1225 2204 Jovium
1245 2160 1371 2221 post-

86 2248 140 2280 ea
160 2230 423 2295 quaestorem
440 2267 454 2288 ‚
478 2229 697 2294 Aquileiae
717 2230 970 2277 defensores
998 2232 1216 2294 longioris
1246 2234 1371 2281 obsi-

90 2306 155 2353 dii
184 2305 320 2352 taedio
337 2340 350 2363 ‚
376 2305 657 2369 cognitoque
684 2305 937 2352 Constantii
969 2306 1170 2364 excessu,
1201 2308 1369 2369 patefa-

91 2377 170 2425 &is
190 2376 333 2439 portis
357 2375 549 2440 egressos
565 2412 579 2435 ‚
599 2378 801 2427 att&ores
830 2377 1071 2440 prodidisse
1103 2379 1333 2427 turbatum
1356 2397 1370 2429 t

87 2448 330 2509 iisdemque
350 2447 471 2496 vivis
489 2449 672 2505 exustis,
690 2463 740 2496 ut
758 2448 885 2511 supra
903 2448 1089 2496 relatum
1114 2450 1190 2505 est,
1210 2467 1371 2500 omnes

45 2580 49 2585 ¹
90 2522 422 2573 concessionem
444 2522 690 2585 impetrasse
710 2523 974 2572 deliflorum
995 2526 1045 2574 &
1061 2526 1259 2574 veniam.

151 2597 375 2645 Ammian.
402 2597 638 2647 Marcellin.
672 2599 717 2644 V
715 2601 766 2645 ol.
788 2599 827 2645 I.
1167 2599 1213 2651 V,
