1626 2917
223 124 314 171 216
417 123 770 170 AMMIANI
805 122 1309 170 MARCELLINI

222 240 486 289 perpetuam
517 244 813 274 aerumnarum
840 227 1010 274 causam
1045 228 1179 275 deleri
1209 228 1385 291 penitus
1409 227 1502 276 suad

223 299 354 345 debat
385 300 669 346 Armeniam:
692 299 721 344 si
744 299 788 345 id
817 298 1134 360 displicuisset,
1153 298 1271 345 aliud
1294 299 1503 361 poscens,

223 384 273 416 ut
296 372 492 418 Hiberiae
511 372 733 420 divisione
756 372 971 429 cessante,
992 370 1262 433 remotisque
1284 372 1387 418 inde
1408 388 1504 434 par-

222 445 278 491 tis
298 447 515 492 Romanae
538 446 749 509 praesicliis
765 483 777 501 ‚
798 445 1043 509 Aspacures
1061 445 1178 492 solus
1199 462 1381 509 regnare
1402 462 1505 508 per-

222 518 505 576 mitteretur,
535 537 670 583 quem
703 520 795 582 ipse
827 518 1090 581 praefecerat
1124 518 1257 582 genti.
1298 520 1368 566 Ad
1404 536 1505 582 quae

222 589 387 638 Valens
418 592 464 639 in
504 592 619 640 hanc
645 592 874 655 respondit
904 591 1162 639 sententiam
1186 627 1199 650 ,
1231 591 1343 638 nihil
1376 592 1507 638 dero·

223 680 328 726 gare
358 664 399 712 se
429 665 551 727 posse
582 665 758 728 placitis
788 682 845 712 ex
876 664 1092 713 consensu
1124 663 1308 710 firmatis
1327 698 1340 719 ,
1362 664 1433 710 sed
1459 679 1508 710 ea

176 761 180 764 -
223 734 372 782 studio
389 736 614 783 curatiore
633 736 886 783 defendere.
902 735 1120 783 Glori0so
1142 735 1375 796 proposito
1397 751 1508 780 con-

226 806 376 852 trariae
396 808 512 870 regis
531 807 670 854 literae
690 806 835 854 bieme
860 806 948 868 jam
966 820 1166 853 extrema
1185 806 1365 867 perlatae
1382 805 1510 862 sunt,

227 893 346 923 vana
376 877 593 925 causantis
630 880 679 926 δε
699 878 882 926 tumida.
917 878 1206 925 Affeverabat
1239 877 1356 923 enim
1378 912 1393 934 ,
1415 893 1512 924 non

227 949 352 1012 posse
380 950 544 997 semina
578 950 790 998 radicitus
820 951 1037 1013 amputari
1067 949 1414 1007 discordiarum,
1434 948 1515 995 nifi

229 1020 573 1070 intervenissent
603 1023 774 1070 conscii
813 1023 933 1084 pacis
967 1022 1198 1069 foederatae
1230 1040 1331 1071 cum
1359 1021 1515 1069 Jovia-

229 1108 294 1138 no
315 1128 329 1150 ‚
360 1109 557 1156 quorum
591 1094 766 1156 aliquos
796 1093 890 1141 vita
917 1093 1129 1139 didicerat
1157 1092 1407 1140 abscessisse.
1438 1095 1515 1137 In-

230 1164 522 1229 gravescente
557 1165 658 1229 post
686 1167 782 1212 haec
818 1165 946 1212 altius
978 1182 1082 1212 cura
1102 1201 1115 1222 ‚
1151 1168 1398 1227 Imperator
1431 1165 1516 1210 eli-

233 1255 336 1301 gere
366 1239 548 1286 confilia
566 1276 581 1297 ,
602 1256 734 1303 quam
757 1238 965 1285 invenire
981 1274 995 1296 ‚
1014 1238 1232 1285 sufficiens
1248 1274 1261 1295 ‚
1279 1238 1323 1283 id
1342 1238 1516 1285 condu-

232 1327 334 1358 cere
368 1312 499 1358 rebus
537 1312 786 1359 existimans
806 1346 819 1370 ,
843 1312 1073 1358 Vi&orem
1107 1312 1361 1375 magistrum
1393 1311 1518 1375 equi-

231 1395 331 1430 tum
362 1387 411 1433 &
438 1385 673 1433 Urbicium
694 1385 1036 1448 Mesopotamiae
1065 1386 1223 1433 ducem
1243 1385 1306 1432 ire
1326 1401 1521 1447 propere

233 1455 351 1519 juffit
369 1457 416 1503 in
433 1458 606 1516 Persas,
631 1457 891 1520 responsum
919 1457 1171 1504 absolutum
1194 1460 1242 1505 &
1266 1455 1522 1504 uniusmodi

235 1526 511 1588 perferentes
534 1547 544 1575 :
577 1529 704 1591 quod
735 1546 810 1575 rex
833 1529 969 1590 justus
997 1532 1046 1577 &
1073 1529 1155 1575 suo
1185 1541 1446 1586 contentus,
1472 1539 1523 1576 ut

234 1597 488 1659 jactitabat,
519 1599 694 1647 sceleste
725 1599 1015 1662 concupiscat
1050 1600 1303 1646 Armeniam
1323 1635 1335 1658 ,
1369 1600 1422 1646 ad
1454 1616 1522 1645 ar-

236 1671 421 1719 bitrium
452 1672 574 1719 suum
603 1673 762 1718 vivere
789 1672 1038 1720 cultoribus
1068 1672 1160 1733 ejus
1188 1672 1428 1736 permistis:
1450 1672 1523 1719 sed

238 1742 288 1790 ni
307 1744 568 1794 Sauromaci
600 1743 798 1806 praesidia
825 1744 1017 1790 militum
1045 1744 1269 1808 impertita
1293 1743 1523 1805 principio

241 1815 463 1880 sequentis
488 1817 620 1874 anni,
648 1831 698 1863 ut
718 1816 977 1879 dispositum
1010 1815 1098 1874 est,
1123 1815 1428 1878 impraepedita
1454 1831 1522 1861 re-

243 1891 495 1946 venerint,
528 1891 698 1938 invitus
733 1907 783 1938 ea
815 1890 1062 1954 complebit
1083 1926 1097 1948 ‚
1125 1907 1228 1953 quae
1260 1888 1418 1951 sponte
1452 1888 1524 1936 sua

246 1960 392 2009 facere
410 1961 661 2024 supersedit.
691 1964 807 2023 Quae
826 1963 989 2026 legatio
1011 1964 1123 2010 reita
1145 1961 1325 2025 quidem
1345 1962 1394 2008 &
1412 1961 1525 2007 libe-

243 2053 317 2094 ra,
342 2036 388 2081 ni
409 2036 620 2097 deviasset
641 2037 687 2082 in
709 2053 789 2095 eo,
808 2036 935 2100 quod
963 2035 1125 2099 absque
1157 2033 1372 2082 mandatis
1395 2034 1526 2081 obla-

244 2121 312 2157 tas
343 2110 423 2155 fibi
457 2110 663 2173 regiones
696 2109 741 2155 in
776 2111 928 2156 eadem
962 2107 1171 2156 Armenia
1207 2107 1395 2170 suscepit
1429 2107 1527 2154 exi-

245 2198 366 2247 guas.
397 2183 503 2242 Qua
529 2182 714 2246 regressa
734 2219 746 2239 ‚
776 2181 956 2229 advenit
997 2183 1164 2228 Surena
1199 2179 1427 2242 potestatis
1464 2180 1528 2226 se-

247 2256 407 2303 cundae
436 2255 534 2317 post
556 2272 705 2319 regem
724 2290 735 2312 ,
753 2255 830 2301 has
851 2253 1021 2301 easdem
1051 2253 1312 2315 Imperatori
1334 2253 1530 2300 offerens

247 2341 396 2389 partes
422 2362 434 2383 ,
467 2343 575 2389 quas
605 2327 809 2373 audaEier
836 2325 976 2372 nostri
1014 2325 1203 2371 sumsere
1243 2324 1387 2387 legati.
1418 2325 1529 2384 Quo

250 2398 454 2465 suscepto
485 2398 724 2448 liberaliter
752 2401 800 2448 &
828 2396 1059 2463 magnifice
1078 2432 1090 2455 ,
1114 2396 1186 2444 sed
1211 2413 1367 2462 parum
1393 2396 1532 2463 impe·
