1626 2917
147 227 240 281 '172'
352 215 1210 267 AMMIANIMARCELLINI

146 323 361 386 potestate
380 323 602 370 translata.
631 323 771 382 Quod
802 322 905 370 ideo
925 340 1003 386 per
1021 325 1231 373 molestos
1249 324 1422 372 forma:

149 408 271 443 tores
298 396 470 458 imperii
503 395 776 452 struebatur,
805 406 855 441 ut
883 395 914 440 s1
942 395 1078 442 Persae
1103 397 1257 444 frustra
1281 394 1429 444 habit?

148 468 353 514 redissent
373 468 425 514 ad
449 467 541 525 sua,
560 468 682 514 ducis
715 467 829 514 novi
850 467 1005 514 virtuti
1037 467 1206 516 facinus
1234 470 1423 533 affignaq

148 555 272 589 retur
294 542 514 605 egregium
535 560 545 588 ε
565 542 595 588 fi
621 541 800 589 fortuna
826 541 1003 605 sequior
1024 543 1276 607 ingruisset,
1294 543 1422 592 Ursi-

150 615 277 662 cinus
305 630 402 660 reus
432 615 641 677 proditor
672 615 931 678 reipublicae
961 615 1220 665 deferretur.
1254 615 1423 681 Agitati

150 686 284 748 igitur
312 686 401 733 fine
426 687 697 744 rationibus,
717 689 791 734 diu
812 689 1028 747 ευηξὶεῐί,
1052 690 1332 755 reversique,
1354 689 1426 736 fa-

150 757 265 803 stidii
281 757 458 819 plenum
479 758 766 805 Sabinianum
788 759 1063 818 invenimus,
1082 761 1311 808 hominem
1329 776 1426 807 me-

151 829 319 876 diocris
338 829 508 876 staturae
521 867 533 885 ‚
553 831 603 877 &
632 830 762 892 parvi
779 831 1036 895 angustique
1059 832 1218 891 animi,
1237 833 1316 879 vix
1335 832 1428 878 fine

151 902 272 965 turpi
297 915 418 949 metu
439 903 727 950 sufficientem
757 904 811 950 ad
837 904 984 951 levem
1007 904 1238 959 convivii,
1260 904 1427 950 nedum

154 973 307 1037 proelii
323 974 548 1037 strepitum
571 974 895 1036 perferendum.
911 975 1084 1021 Tamen
1105 975 1317 1039 quoniam
1337 974 1429 1037 spe-

155 1047 378 1093 culatores
397 1061 630 1110 apparatus
651 1064 806 1093 omnes
827 1047 942 1110 apud
962 1046 1108 1094 hostes
1127 1046 1297 1094 fervere
1319 1063 1430 1093 con«

153 1119 282 1167 stanti
303 1121 622 1167 asseveratione
649 1120 843 1183 perfugis
865 1119 1211 1167 concinentibus
1240 1120 1431 1167 affirma-

156 1193 289 1250 bant,
314 1192 532 1240 oscitante
559 1193 840 1240 homunculo
872 1192 1046 1238 Nisibin
1073 1209 1267 1255 propere
1300 1192 1430 1238 veni-

156 1283 253 1314 mus
271 1266 396 1313 utilia
413 1267 629 1328 paraturi,
651 1283 704 1312 ne
725 1267 1037 1313 diflimulantes
1056 1266 1273 1313 obsidium
1292 1264 1431 1312 Persae

157 1338 332 1386 civitati
358 1338 697 1401 supervenirent
718 1339 922 1386 incautae.
953 1340 1167 1403 Dumque
1194 1339 1309 1385 intra
1328 1355 1431 1384 mu-

156 1427 233 1458 ros
262 1410 518 1457 maturanda
546 1424 916 1474 perurgerentur,
947 1412 1096 1458 fumus
1129 1410 1431 1474 micantesque

159 1484 283 1546 ignes
315 1484 480 1531 affidue
512 1501 537 1530 a
566 1483 750 1547 Tigride
777 1500 855 1546 per
880 1483 1027 1531 ‘castra
1059 1485 1320 1530 Maurorum
1338 1518 1350 1540 ‚
1383 1484 1435 1530 &

161 1558 297 1606 Sisara
311 1595 324 1617 ‚
348 1559 398 1606 &
419 1557 651 1606 collimitia
668 1558 839 1622 reliqua
861 1557 1052 1621 adusque
1078 1557 1304 1604 civitatem
1325 1572 1435 1603 con-

162 1632 278 1681 tinui
317 1632 605 1695 perlucebant
651 1631 783 1678 solito
816 1632 1088 1688 crebriores,
1122 1630 1309 1694 erupisse
1350 1630 1438 1676 ho-

163 1706 293 1753 stium
323 1706 580 1752 vastatorias
611 1722 764 1753 manus
789 1705 993 1769 supe-rato
1017 1704 1203 1751 flumine
1224 1719 1437 1767 permon-

162 1779 359 1826 strantes.
391 1780 495 1838 Qua
514 1777 638 1826 causa
665 1796 720 1826 ne
744 1790 1072 1841 occuparentur
1101 1778 1282 1829 itinera,
1302 1775 1438 1823 celeri

167 1853 298 1900 cursu
324 1852 571 1916 praegrefli,
592 1870 693 1901 cum
725 1854 779 1900 ad
808 1853 1046 1900 secundum
1076 1851 1270 1914 lapidem
1292 1848 1438 1896 venis-

168 1926 311 1973 semus
325 1961 338 1984 ,
358 1926 526 1973 liberali
552 1925 696 1973 forma
718 1942 902 1990 puerum
924 1927 1208 1987 Torquatum
1222 1958 1239 1980 ,
1263 1934 1312 1969 ut
1330 1937 1439 1967 con-

167 1993 459 2058 jeflabamus,
495 1995 729 2042 ORennem
747 2031 759 2052 ‚
787 1995 833 2041 in
866 1994 1034 2058 aggeris
1064 1992 1213 2038 medio
1244 1990 1441 2038 vidimus

171 2069 443 2132 ejulantem,
484 2068 665 2132 ingenui
703 2066 927 2131 cujusdam
966 2064 1106 2112 filium
1127 2101 1141 2123 ,
1173 2076 1225 2111 ut
1260 2062 1402 2126 ajebat
1426 2079 1443 2109 t

173 2159 305 2206 quem
341 2154 510 2200 mater,
546 2142 652 2189 dum
683 2140 1009 2189 imminentium
1039 2139 1231 2187 hostium
1269 2151 1443 2184 terrore

171 2216 338 2281 percita
373 2216 573 2280 fugeret,
609 2217 869 2279 impeditior
903 2214 1168 2277 trepidando
1202 2213 1443 2276 reliquerat

174 2290 333 2338 solum.
363 2291 496 2337 Hunc
519 2290 622 2337 dum
643 2290 861 2353 imperatu
879 2289 1004 2336 ducis
1026 2286 1217 2334 miserati
1239 2302 1447 2333 commo-

173 2363 324 2427 tique,
341 2362 594 2426 impofitum
620 2380 741 2426 equo
771 2381 862 2426 prae
887 2379 958 2410 me
983 2360 1127 2408 ferens
1145 2361 1200 2406 ad
1219 2360 1446 2407 civitatem

175 2436 343 2483 reduco
354 2470 369 2494 ,
385 2435 730 2483 circumvallato
745 2451 973 2482 murorum
995 2433 1164 2480 ambitu
1178 2432 1450 2496 praedatores

177 2509 308 2557 latius
328 2509 617 2574 vagabantur.
643 2510 699 2556 Et
718 2508 821 2573 quia
840 2523 910 2556 me
927 2505 1230 2554 obsidionales
1241 2519 1452 2552 aerumnae
