<?xml version="1.0" encoding="UTF-8"?>
<!DOCTYPE html PUBLIC "-//W3C//DTD XHTML 1.0 Transitional//EN"
    "http://www.w3.org/TR/xhtml1/DTD/xhtml1-transitional.dtd">
<html xmlns="http://www.w3.org/1999/xhtml" xml:lang="en" lang="en">
 <head>
  <title>
</title>
<meta http-equiv="Content-Type" content="text/html;charset=utf-8" />
  <meta name='ocr-system' content='tesseract 3.04.00' />
  <meta name='ocr-capabilities' content='ocr_page ocr_carea ocr_par ocr_line ocrx_word'/>
</head>
<body>
  <div class='ocr_page' id='page_1' title='image "./rerumgestarumqui00ammiuoft_0673.png"; bbox 0 0 1626 2917; ppageno 0'>
   <div class='ocr_carea' id='block_1_1' title="bbox 255 150 1374 216">
    <p class='ocr_par' dir='ltr' id='par_1_1' title="bbox 255 150 1374 216">
     <span class='ocr_line' id='line_1_1' title="bbox 255 150 1374 216; baseline 0.003 -20"><span class='ocrx_word' id='word_1_1' title='bbox 255 150 476 198; x_wconf 81' lang='lat' dir='ltr'>RERUM</span> <span class='ocrx_word' id='word_1_2' title='bbox 509 152 847 199; x_wconf 82' lang='lat' dir='ltr'>GESTARUM</span> <span class='ocrx_word' id='word_1_3' title='bbox 880 153 986 200; x_wconf 66' lang='grc' dir='ltr'>ΜΒ.</span> <span class='ocrx_word' id='word_1_4' title='bbox 1020 151 1181 199; x_wconf 78' lang='lat' dir='ltr'><strong>xxx,</strong></span> <span class='ocrx_word' id='word_1_5' title='bbox 1282 167 1374 216; x_wconf 80' lang='lat'>239</span> 
     </span>
    </p>
   </div>
   <div class='ocr_carea' id='block_1_2' title="bbox 89 257 1385 2427">
    <p class='ocr_par' dir='ltr' id='par_1_2' title="bbox 89 257 1383 2190">
     <span class='ocr_line' id='line_1_2' title="bbox 89 257 1379 322; baseline 0.003 -20"><span class='ocrx_word' id='word_1_6' title='bbox 89 271 226 318; x_wconf 85' lang='lat' dir='ltr'>quem</span> <span class='ocrx_word' id='word_1_7' title='bbox 252 258 467 319; x_wconf 85' lang='lat' dir='ltr'>temporis</span> <span class='ocrx_word' id='word_1_8' title='bbox 497 258 753 321; x_wconf 88' lang='lat' dir='ltr'>compulsus</span> <span class='ocrx_word' id='word_1_9' title='bbox 782 258 1018 322; x_wconf 81' lang='lat' dir='ltr'>angustiis,</span> <span class='ocrx_word' id='word_1_10' title='bbox 1042 258 1087 305; x_wconf 90' lang='lat' dir='ltr'>in</span> <span class='ocrx_word' id='word_1_11' title='bbox 1115 257 1379 321; x_wconf 88' lang='lat' dir='ltr'>amplitudi-</span> 
     </span>
     <span class='ocr_line' id='line_1_3' title="bbox 90 333 1377 401; baseline 0.002 -19"><span class='ocrx_word' id='word_1_12' title='bbox 90 333 160 382; x_wconf 85' lang='lat' dir='ltr'>nis</span> <span class='ocrx_word' id='word_1_13' title='bbox 195 333 280 381; x_wconf 87' lang='lat' dir='ltr'>suae</span> <span class='ocrx_word' id='word_1_14' title='bbox 313 335 566 383; x_wconf 88' lang='lat' dir='ltr'>societatem</span> <span class='ocrx_word' id='word_1_15' title='bbox 600 337 803 385; x_wconf 85' lang='lat' dir='ltr'>affumfit.</span> <span class='ocrx_word' id='word_1_16' title='bbox 837 338 1132 401; x_wconf 71' lang='lat' dir='ltr'>Scrupulosus</span> <span class='ocrx_word' id='word_1_17' title='bbox 1166 338 1212 384; x_wconf 89' lang='lat' dir='ltr'>in</span> <span class='ocrx_word' id='word_1_18' title='bbox 1253 338 1377 385; x_wconf 87' lang='lat' dir='ltr'>defe-</span> 
     </span>
     <span class='ocr_line' id='line_1_4' title="bbox 90 413 1378 479; baseline 0.005 -21"><span class='ocrx_word' id='word_1_19' title='bbox 90 413 241 460; x_wconf 87' lang='lat' dir='ltr'>rendis</span> <span class='ocrx_word' id='word_1_20' title='bbox 275 414 568 475; x_wconf 84' lang='lat' dir='ltr'>potestatibus</span> <span class='ocrx_word' id='word_1_21' title='bbox 597 415 751 462; x_wconf 80' lang='lat' dir='ltr'>celsis:</span> <span class='ocrx_word' id='word_1_22' title='bbox 786 432 868 462; x_wconf 88' lang='lat' dir='ltr'>nec</span> <span class='ocrx_word' id='word_1_23' title='bbox 900 416 1146 477; x_wconf 82' lang='lat' dir='ltr'>imperante</span> <span class='ocrx_word' id='word_1_24' title='bbox 1175 432 1232 462; x_wconf 90' lang='lat' dir='ltr'>eo</span> <span class='ocrx_word' id='word_1_25' title='bbox 1268 432 1378 479; x_wconf 90' lang='lat' dir='ltr'>pro-</span> 
     </span>
     <span class='ocr_line' id='line_1_5' title="bbox 90 492 1378 551; baseline 0.002 -11"><span class='ocrx_word' id='word_1_26' title='bbox 90 492 289 541; x_wconf 80' lang='lat' dir='ltr'>vinciam</span> <span class='ocrx_word' id='word_1_27' title='bbox 321 493 644 540; x_wconf 78' lang='lat' dir='ltr'><strong>nummularius</strong></span> <span class='ocrx_word' id='word_1_28' title='bbox 672 493 810 551; x_wconf 80' lang='lat' dir='ltr'>rexit,</span> <span class='ocrx_word' id='word_1_29' title='bbox 833 507 907 540; x_wconf 90' lang='lat' dir='ltr'>aut</span> <span class='ocrx_word' id='word_1_30' title='bbox 931 494 1256 542; x_wconf 86' lang='lat' dir='ltr'>administratio</span> <span class='ocrx_word' id='word_1_31' title='bbox 1292 512 1378 543; x_wconf 89' lang='lat' dir='ltr'>ve-</span> 
     </span>
     <span class='ocr_line' id='line_1_6' title="bbox 91 569 1379 636; baseline 0.004 -22"><span class='ocrx_word' id='word_1_32' title='bbox 91 569 329 627; x_wconf 83' lang='lat' dir='ltr'>numdata,</span> <span class='ocrx_word' id='word_1_33' title='bbox 361 569 440 617; x_wconf 80' lang='lat' dir='ltr'>nisi</span> <span class='ocrx_word' id='word_1_34' title='bbox 468 570 584 617; x_wconf 86' lang='lat' dir='ltr'>inter</span> <span class='ocrx_word' id='word_1_35' title='bbox 606 569 795 634; x_wconf 85' lang='lat' dir='ltr'>[initia]</span> <span class='ocrx_word' id='word_1_36' title='bbox 819 583 870 617; x_wconf 86' lang='lat' dir='ltr'>ut</span> <span class='ocrx_word' id='word_1_37' title='bbox 892 571 1036 618; x_wconf 88' lang='lat' dir='ltr'>solent</span> <span class='ocrx_word' id='word_1_38' title='bbox 1063 572 1379 636; x_wconf 82' lang='lat' dir='ltr'>occupationis</span> 
     </span>
     <span class='ocr_line' id='line_1_7' title="bbox 92 645 1380 711; baseline 0.004 -19"><span class='ocrx_word' id='word_1_39' title='bbox 92 645 167 707; x_wconf 89' lang='lat' dir='ltr'>spe</span> <span class='ocrx_word' id='word_1_40' title='bbox 197 648 271 692; x_wconf 88' lang='lat' dir='ltr'>vel</span> <span class='ocrx_word' id='word_1_41' title='bbox 301 646 483 709; x_wconf 84' lang='lat' dir='ltr'>impune</span> <span class='ocrx_word' id='word_1_42' title='bbox 513 648 714 711; x_wconf 83' lang='lat' dir='ltr'>quaedam</span> <span class='ocrx_word' id='word_1_43' title='bbox 739 649 913 696; x_wconf 86' lang='lat' dir='ltr'>scelesta</span> <span class='ocrx_word' id='word_1_44' title='bbox 939 651 1178 698; x_wconf 83' lang='lat' dir='ltr'>committi.</span> <span class='ocrx_word' id='word_1_45' title='bbox 1213 651 1285 697; x_wconf 90' lang='lat' dir='ltr'>Ad</span> <span class='ocrx_word' id='word_1_46' title='bbox 1312 651 1380 697; x_wconf 90' lang='lat' dir='ltr'>in-</span> 
     </span>
     <span class='ocr_line' id='line_1_8' title="bbox 90 722 1380 790; baseline 0.005 -21"><span class='ocrx_word' id='word_1_47' title='bbox 90 722 275 771; x_wconf 89' lang='lat' dir='ltr'>ferenda</span> <span class='ocrx_word' id='word_1_48' title='bbox 312 726 702 790; x_wconf 78' lang='lat' dir='ltr'>propulsandaque</span> <span class='ocrx_word' id='word_1_49' title='bbox 736 728 852 775; x_wconf 90' lang='lat' dir='ltr'>bella</span> <span class='ocrx_word' id='word_1_50' title='bbox 890 728 1240 785; x_wconf 84' lang='lat' dir='ltr'>sollertiffimus,</span> <span class='ocrx_word' id='word_1_51' title='bbox 1270 746 1380 776; x_wconf 88' lang='lat' dir='ltr'>cau·</span> 
     </span>
     <span class='ocr_line' id='line_1_9' title="bbox 93 801 1382 870; baseline 0.005 -24"><span class='ocrx_word' id='word_1_52' title='bbox 93 811 192 856; x_wconf 90' lang='lat' dir='ltr'>tus;</span> <span class='ocrx_word' id='word_1_53' title='bbox 225 801 330 848; x_wconf 85' lang='lat' dir='ltr'>aestu</span> <span class='ocrx_word' id='word_1_54' title='bbox 365 803 516 849; x_wconf 88' lang='lat' dir='ltr'>Martii</span> <span class='ocrx_word' id='word_1_55' title='bbox 547 804 749 865; x_wconf 87' lang='lat' dir='ltr'>pulveris</span> <span class='ocrx_word' id='word_1_56' title='bbox 790 805 1044 863; x_wconf 86' lang='lat' dir='ltr'>induratus;</span> <span class='ocrx_word' id='word_1_57' title='bbox 1081 806 1193 852; x_wconf 90' lang='lat' dir='ltr'>boni</span> <span class='ocrx_word' id='word_1_58' title='bbox 1226 805 1382 870; x_wconf 65' lang='lat' dir='ltr'>pravi-³</span> 
     </span>
     <span class='ocr_line' id='line_1_10' title="bbox 93 878 1380 944; baseline 0.003 -19"><span class='ocrx_word' id='word_1_59' title='bbox 93 895 184 942; x_wconf 91' lang='lat' dir='ltr'>que</span> <span class='ocrx_word' id='word_1_60' title='bbox 218 878 366 925; x_wconf 80' lang='lat' dir='ltr'>suasor</span> <span class='ocrx_word' id='word_1_61' title='bbox 402 881 450 927; x_wconf 72' lang='grc' dir='ltr'>δι</span> <span class='ocrx_word' id='word_1_62' title='bbox 481 879 692 927; x_wconf 84' lang='lat' dir='ltr'>diffuasor</span> <span class='ocrx_word' id='word_1_63' title='bbox 727 881 969 927; x_wconf 84' lang='lat' dir='ltr'>admodum</span> <span class='ocrx_word' id='word_1_64' title='bbox 1007 882 1228 944; x_wconf 88' lang='lat' dir='ltr'>prudens,</span> <span class='ocrx_word' id='word_1_65' title='bbox 1258 882 1380 929; x_wconf 90' lang='lat' dir='ltr'>mili-</span> 
     </span>
     <span class='ocr_line' id='line_1_11' title="bbox 92 959 1381 1020; baseline 0.002 -15"><span class='ocrx_word' id='word_1_66' title='bbox 92 959 197 1006; x_wconf 85' lang='lat' dir='ltr'>taris</span> <span class='ocrx_word' id='word_1_67' title='bbox 219 959 282 1005; x_wconf 87' lang='lat' dir='ltr'>rei</span> <span class='ocrx_word' id='word_1_68' title='bbox 311 959 524 1006; x_wconf 77' lang='lat' dir='ltr'>ordinum</span> <span class='ocrx_word' id='word_1_69' title='bbox 549 959 914 1008; x_wconf 84' lang='lat' dir='ltr'>scrutantiffimus</span> <span class='ocrx_word' id='word_1_70' title='bbox 936 979 946 1007; x_wconf 91' lang='lat'>:</span> <span class='ocrx_word' id='word_1_71' title='bbox 968 961 1161 1008; x_wconf 84' lang='lat' dir='ltr'>scribens</span> <span class='ocrx_word' id='word_1_72' title='bbox 1188 963 1381 1020; x_wconf 85' lang='lat' dir='ltr'>decore,</span> 
     </span>
     <span class='ocr_line' id='line_1_12' title="bbox 92 1038 1382 1102; baseline 0.002 -16"><span class='ocrx_word' id='word_1_73' title='bbox 92 1038 369 1102; x_wconf 85' lang='lat' dir='ltr'>venusteque</span> <span class='ocrx_word' id='word_1_74' title='bbox 384 1038 583 1101; x_wconf 57' lang='lat' dir='ltr'>‘pingens</span> <span class='ocrx_word' id='word_1_75' title='bbox 601 1041 649 1087; x_wconf 86' lang='lat'>&amp;</span> <span class='ocrx_word' id='word_1_76' title='bbox 676 1038 844 1101; x_wconf 82' lang='lat' dir='ltr'>fingens</span> <span class='ocrx_word' id='word_1_77' title='bbox 860 1076 871 1096; x_wconf 93' lang='lat'>‚</span> <span class='ocrx_word' id='word_1_78' title='bbox 893 1042 941 1087; x_wconf 86' lang='lat'>&amp;</span> <span class='ocrx_word' id='word_1_79' title='bbox 964 1056 1195 1088; x_wconf 83' lang='lat' dir='ltr'>novorum</span> <span class='ocrx_word' id='word_1_80' title='bbox 1217 1042 1382 1089; x_wconf 83' lang='lat' dir='ltr'>inven-</span> 
     </span>
     <span class='ocr_line' id='line_1_13' title="bbox 92 1115 1383 1181; baseline 0.002 -19"><span class='ocrx_word' id='word_1_81' title='bbox 92 1128 168 1163; x_wconf 85' lang='lat' dir='ltr'>tor</span> <span class='ocrx_word' id='word_1_82' title='bbox 196 1132 423 1161; x_wconf 88' lang='lat' dir='ltr'>armorum</span> <span class='ocrx_word' id='word_1_83' title='bbox 445 1133 456 1161; x_wconf 91' lang='lat'>:</span> <span class='ocrx_word' id='word_1_84' title='bbox 479 1117 695 1161; x_wconf 85' lang='lat' dir='ltr'>memoria</span> <span class='ocrx_word' id='word_1_85' title='bbox 720 1115 1016 1180; x_wconf 78' lang='lat' dir='ltr'>sermoneque</span> <span class='ocrx_word' id='word_1_86' title='bbox 1051 1118 1242 1166; x_wconf 87' lang='lat' dir='ltr'>incitato</span> <span class='ocrx_word' id='word_1_87' title='bbox 1277 1119 1383 1181; x_wconf 87' lang='lat' dir='ltr'>qui-</span> 
     </span>
     <span class='ocr_line' id='line_1_14' title="bbox 91 1191 1382 1258; baseline 0.002 -19"><span class='ocrx_word' id='word_1_88' title='bbox 91 1193 223 1250; x_wconf 90' lang='lat' dir='ltr'>dem,</span> <span class='ocrx_word' id='word_1_89' title='bbox 252 1191 324 1238; x_wconf 89' lang='lat' dir='ltr'>sed</span> <span class='ocrx_word' id='word_1_90' title='bbox 342 1207 474 1250; x_wconf 85' lang='lat' dir='ltr'>raro,</span> <span class='ocrx_word' id='word_1_91' title='bbox 496 1191 721 1239; x_wconf 76' lang='lat' dir='ltr'>facundiae</span> <span class='ocrx_word' id='word_1_92' title='bbox 750 1193 965 1255; x_wconf 70' lang='lat' dir='ltr'>proximo</span> <span class='ocrx_word' id='word_1_93' title='bbox 994 1193 1184 1258; x_wconf 79' lang='lat' dir='ltr'>vigens3</span> <span class='ocrx_word' id='word_1_94' title='bbox 1207 1208 1382 1243; x_wconf 86' lang='lat' dir='ltr'>amator</span> 
     </span>
     <span class='ocr_line' id='line_1_15' title="bbox 92 1267 1383 1333; baseline 0.001 -16"><span class='ocrx_word' id='word_1_95' title='bbox 92 1268 441 1327; x_wconf 83' lang='lat' dir='ltr'>munditiarum,</span> <span class='ocrx_word' id='word_1_96' title='bbox 466 1267 677 1330; x_wconf 82' lang='lat' dir='ltr'>laetusque</span> <span class='ocrx_word' id='word_1_97' title='bbox 704 1284 799 1314; x_wconf 90' lang='lat' dir='ltr'>non</span> <span class='ocrx_word' id='word_1_98' title='bbox 829 1268 1022 1330; x_wconf 80' lang='lat' dir='ltr'>profusis</span> <span class='ocrx_word' id='word_1_99' title='bbox 1053 1270 1198 1333; x_wconf 88' lang='lat' dir='ltr'>epulis</span> <span class='ocrx_word' id='word_1_100' title='bbox 1226 1273 1275 1318; x_wconf 72' lang='grc' dir='ltr'>ὅ(</span> <span class='ocrx_word' id='word_1_101' title='bbox 1296 1287 1383 1318; x_wconf 83' lang='lat' dir='ltr'>ex-</span> 
     </span>
     <span class='ocr_line' id='line_1_16' title="bbox 93 1345 1382 1410; baseline 0 -15"><span class='ocrx_word' id='word_1_102' title='bbox 93 1347 239 1395; x_wconf 86' lang='lat' dir='ltr'>cultis,</span> <span class='ocrx_word' id='word_1_103' title='bbox 273 1346 505 1393; x_wconf 86' lang='lat' dir='ltr'>Postremo</span> <span class='ocrx_word' id='word_1_104' title='bbox 533 1345 623 1392; x_wconf 90' lang='lat' dir='ltr'>hoc</span> <span class='ocrx_word' id='word_1_105' title='bbox 656 1346 964 1392; x_wconf 88' lang='lat' dir='ltr'>moderamine</span> <span class='ocrx_word' id='word_1_106' title='bbox 999 1346 1273 1410; x_wconf 77' lang='lat' dir='ltr'>principatus</span> <span class='ocrx_word' id='word_1_107' title='bbox 1308 1349 1382 1395; x_wconf 90' lang='lat' dir='ltr'>in-</span> 
     </span>
     <span class='ocr_line' id='line_1_17' title="bbox 94 1422 1383 1487; baseline 0.002 -16"><span class='ocrx_word' id='word_1_108' title='bbox 94 1425 285 1482; x_wconf 79' lang='lat' dir='ltr'>claruit,</span> <span class='ocrx_word' id='word_1_109' title='bbox 304 1424 430 1487; x_wconf 92' lang='lat' dir='ltr'>quod</span> <span class='ocrx_word' id='word_1_110' title='bbox 460 1423 577 1470; x_wconf 88' lang='lat' dir='ltr'>inter</span> <span class='ocrx_word' id='word_1_111' title='bbox 603 1422 870 1486; x_wconf 65' lang='lat' dir='ltr'>religionum</span> <span class='ocrx_word' id='word_1_112' title='bbox 902 1423 1176 1472; x_wconf 80' lang='lat' dir='ltr'>diversitates</span> <span class='ocrx_word' id='word_1_113' title='bbox 1210 1427 1383 1474; x_wconf 85' lang='lat' dir='ltr'>medius</span> 
     </span>
     <span class='ocr_line' id='line_1_18' title="bbox 94 1499 1383 1565; baseline 0.002 -16"><span class='ocrx_word' id='word_1_114' title='bbox 94 1501 240 1559; x_wconf 87' lang='lat' dir='ltr'>stetit,</span> <span class='ocrx_word' id='word_1_115' title='bbox 275 1517 358 1548; x_wconf 89' lang='lat' dir='ltr'>nec</span> <span class='ocrx_word' id='word_1_116' title='bbox 394 1516 663 1564; x_wconf 85' lang='lat' dir='ltr'>quemquam</span> <span class='ocrx_word' id='word_1_117' title='bbox 697 1499 1000 1563; x_wconf 81' lang='lat' dir='ltr'>inquietavit,</span> <span class='ocrx_word' id='word_1_118' title='bbox 1032 1517 1179 1565; x_wconf 85' lang='lat' dir='ltr'>neque</span> <span class='ocrx_word' id='word_1_119' title='bbox 1215 1515 1265 1549; x_wconf 89' lang='lat' dir='ltr'>ut</span> <span class='ocrx_word' id='word_1_120' title='bbox 1290 1504 1383 1551; x_wconf 89' lang='lat' dir='ltr'>hoc</span> 
     </span>
     <span class='ocr_line' id='line_1_19' title="bbox 95 1578 1383 1641; baseline 0.002 -14"><span class='ocrx_word' id='word_1_121' title='bbox 95 1581 322 1628; x_wconf 89' lang='lat' dir='ltr'>coleretur</span> <span class='ocrx_word' id='word_1_122' title='bbox 349 1579 588 1641; x_wconf 84' lang='lat' dir='ltr'>imperavit</span> <span class='ocrx_word' id='word_1_123' title='bbox 607 1590 683 1625; x_wconf 82' lang='lat' dir='ltr'>aut</span> <span class='ocrx_word' id='word_1_124' title='bbox 711 1578 853 1625; x_wconf 88' lang='lat' dir='ltr'>illud:</span> <span class='ocrx_word' id='word_1_125' title='bbox 874 1595 957 1626; x_wconf 91' lang='lat' dir='ltr'>nec</span> <span class='ocrx_word' id='word_1_126' title='bbox 978 1578 1223 1628; x_wconf 70' lang='lat' dir='ltr'>interdi&amp;is</span> <span class='ocrx_word' id='word_1_127' title='bbox 1242 1582 1383 1629; x_wconf 85' lang='lat' dir='ltr'>mina-</span> 
     </span>
     <span class='ocr_line' id='line_1_20' title="bbox 95 1656 1381 1721; baseline 0 -14"><span class='ocrx_word' id='word_1_128' title='bbox 95 1659 225 1708; x_wconf 86' lang='lat' dir='ltr'>cibus</span> <span class='ocrx_word' id='word_1_129' title='bbox 242 1656 537 1719; x_wconf 63' lang='lat' dir='ltr'>subjectorum</span> <span class='ocrx_word' id='word_1_130' title='bbox 558 1656 785 1704; x_wconf 86' lang='lat' dir='ltr'>cervicem</span> <span class='ocrx_word' id='word_1_131' title='bbox 805 1658 859 1704; x_wconf 88' lang='lat' dir='ltr'>ad</span> <span class='ocrx_word' id='word_1_132' title='bbox 879 1658 945 1717; x_wconf 88' lang='lat' dir='ltr'>id,</span> <span class='ocrx_word' id='word_1_133' title='bbox 963 1658 1088 1721; x_wconf 90' lang='lat' dir='ltr'>quod</span> <span class='ocrx_word' id='word_1_134' title='bbox 1108 1658 1197 1721; x_wconf 88' lang='lat' dir='ltr'>ipse</span> <span class='ocrx_word' id='word_1_135' title='bbox 1214 1660 1381 1721; x_wconf 46' lang='lat' dir='ltr'>coluitj</span> 
     </span>
     <span class='ocr_line' id='line_1_21' title="bbox 95 1734 1383 1799; baseline -0.001 -14"><span class='ocrx_word' id='word_1_136' title='bbox 95 1736 368 1792; x_wconf 87' lang='lat' dir='ltr'>inclinabat,</span> <span class='ocrx_word' id='word_1_137' title='bbox 401 1734 473 1781; x_wconf 89' lang='lat' dir='ltr'>sed</span> <span class='ocrx_word' id='word_1_138' title='bbox 504 1734 786 1782; x_wconf 82' lang='lat' dir='ltr'>intemeratas</span> <span class='ocrx_word' id='word_1_139' title='bbox 817 1735 997 1798; x_wconf 88' lang='lat' dir='ltr'>reliquit</span> <span class='ocrx_word' id='word_1_140' title='bbox 1025 1735 1102 1782; x_wconf 89' lang='lat' dir='ltr'>has</span> <span class='ocrx_word' id='word_1_141' title='bbox 1128 1749 1303 1799; x_wconf 86' lang='lat' dir='ltr'>partes,</span> <span class='ocrx_word' id='word_1_142' title='bbox 1331 1750 1383 1785; x_wconf 89' lang='lat' dir='ltr'>ut</span> 
     </span>
     <span class='ocr_line' id='line_1_22' title="bbox 96 1813 1382 1881; baseline -0.003 -14"><span class='ocrx_word' id='word_1_143' title='bbox 96 1816 277 1881; x_wconf 86' lang='lat' dir='ltr'>reperit.</span> <span class='ocrx_word' id='word_1_144' title='bbox 298 1816 481 1877; x_wconf 88' lang='lat' dir='ltr'>Corpus</span> <span class='ocrx_word' id='word_1_145' title='bbox 501 1813 593 1876; x_wconf 84' lang='lat' dir='ltr'>ejus</span> <span class='ocrx_word' id='word_1_146' title='bbox 616 1813 882 1861; x_wconf 85' lang='lat' dir='ltr'>lacertosum</span> <span class='ocrx_word' id='word_1_147' title='bbox 903 1815 952 1861; x_wconf 72' lang='grc' dir='ltr'>δε</span> <span class='ocrx_word' id='word_1_148' title='bbox 979 1813 1177 1861; x_wconf 89' lang='lat' dir='ltr'>validum</span> <span class='ocrx_word' id='word_1_149' title='bbox 1195 1851 1208 1873; x_wconf 85' lang='lat'>‚</span> <span class='ocrx_word' id='word_1_150' title='bbox 1231 1816 1382 1878; x_wconf 87' lang='lat' dir='ltr'>capilli</span> 
     </span>
     <span class='ocr_line' id='line_1_23' title="bbox 96 1890 1383 1958; baseline -0.002 -17"><span class='ocrx_word' id='word_1_151' title='bbox 96 1894 250 1958; x_wconf 84' lang='lat' dir='ltr'>fulgor</span> <span class='ocrx_word' id='word_1_152' title='bbox 278 1890 536 1955; x_wconf 84' lang='lat' dir='ltr'>colorisque</span> <span class='ocrx_word' id='word_1_153' title='bbox 565 1890 712 1949; x_wconf 90' lang='lat' dir='ltr'>nitor,</span> <span class='ocrx_word' id='word_1_154' title='bbox 742 1908 846 1938; x_wconf 90' lang='lat' dir='ltr'>cum</span> <span class='ocrx_word' id='word_1_155' title='bbox 873 1890 1017 1938; x_wconf 89' lang='lat' dir='ltr'>oculis</span> <span class='ocrx_word' id='word_1_156' title='bbox 1047 1891 1184 1939; x_wconf 82' lang='lat' dir='ltr'>caefiis</span> <span class='ocrx_word' id='word_1_157' title='bbox 1211 1891 1383 1955; x_wconf 82' lang='lat' dir='ltr'>semper</span> 
     </span>
     <span class='ocr_line' id='line_1_24' title="bbox 95 1967 1381 2034; baseline 0 -16"><span class='ocrx_word' id='word_1_158' title='bbox 95 1972 335 2034; x_wconf 84' lang='lat' dir='ltr'>obliquum</span> <span class='ocrx_word' id='word_1_159' title='bbox 367 1967 582 2016; x_wconf 84' lang='lat' dir='ltr'>intuentis</span> <span class='ocrx_word' id='word_1_160' title='bbox 612 1969 662 2015; x_wconf 86' lang='lat'>&amp;</span> <span class='ocrx_word' id='word_1_161' title='bbox 690 1980 875 2015; x_wconf 89' lang='lat' dir='ltr'>torvum</span> <span class='ocrx_word' id='word_1_162' title='bbox 896 2002 910 2025; x_wconf 85' lang='lat'>‚</span> <span class='ocrx_word' id='word_1_163' title='bbox 934 1981 1065 2030; x_wconf 89' lang='lat' dir='ltr'>atque</span> <span class='ocrx_word' id='word_1_164' title='bbox 1091 1969 1381 2031; x_wconf 82' lang='lat' dir='ltr'>pulchritudo</span> 
     </span>
     <span class='ocr_line' id='line_1_25' title="bbox 97 2046 1383 2111; baseline -0.002 -13"><span class='ocrx_word' id='word_1_165' title='bbox 97 2051 274 2098; x_wconf 82' lang='lat' dir='ltr'>staturae</span> <span class='ocrx_word' id='word_1_166' title='bbox 289 2086 301 2107; x_wconf 87' lang='lat'>,</span> <span class='ocrx_word' id='word_1_167' title='bbox 327 2049 796 2110; x_wconf 83' lang='lat' dir='ltr'>lineamentorumque</span> <span class='ocrx_word' id='word_1_168' title='bbox 826 2047 944 2093; x_wconf 60' lang='lat' dir='ltr'>resia</span> <span class='ocrx_word' id='word_1_169' title='bbox 967 2063 1190 2111; x_wconf 84' lang='lat' dir='ltr'>compago</span> <span class='ocrx_word' id='word_1_170' title='bbox 1208 2083 1224 2106; x_wconf 91' lang='lat'>,</span> <span class='ocrx_word' id='word_1_171' title='bbox 1243 2046 1383 2110; x_wconf 59' lang='lat' dir='ltr'>maje÷</span> 
     </span>
     <span class='ocr_line' id='line_1_26' title="bbox 97 2124 800 2190; baseline -0.004 -16"><span class='ocrx_word' id='word_1_172' title='bbox 97 2127 216 2174; x_wconf 78' lang='lat' dir='ltr'>statis</span> <span class='ocrx_word' id='word_1_173' title='bbox 246 2126 381 2190; x_wconf 26' lang='lat' dir='ltr'>regiaef</span> <span class='ocrx_word' id='word_1_174' title='bbox 408 2128 541 2173; x_wconf 90' lang='lat' dir='ltr'>decus</span> <span class='ocrx_word' id='word_1_175' title='bbox 572 2124 800 2188; x_wconf 88' lang='lat' dir='ltr'>implebat.</span> 
     </span>
    </p>

    <p class='ocr_par' dir='ltr' id='par_1_3' title="bbox 99 2201 1385 2427">
     <span class='ocr_line' id='line_1_27' title="bbox 161 2201 1384 2266; baseline -0.002 -12"><span class='ocrx_word' id='word_1_176' title='bbox 161 2208 224 2254; x_wconf 90' lang='lat' dir='ltr'>X.</span> <span class='ocrx_word' id='word_1_177' title='bbox 257 2206 362 2254; x_wconf 91' lang='lat' dir='ltr'>Post</span> <span class='ocrx_word' id='word_1_178' title='bbox 393 2205 674 2253; x_wconf 88' lang='lat' dir='ltr'>conclamata</span> <span class='ocrx_word' id='word_1_179' title='bbox 705 2202 992 2265; x_wconf 85' lang='lat' dir='ltr'>Imperatoris</span> <span class='ocrx_word' id='word_1_180' title='bbox 1020 2201 1247 2266; x_wconf 87' lang='lat' dir='ltr'>suprema,</span> <span class='ocrx_word' id='word_1_181' title='bbox 1276 2220 1384 2252; x_wconf 90' lang='lat' dir='ltr'>cor-</span> 
     </span>
     <span class='ocr_line' id='line_1_28' title="bbox 99 2282 1385 2350; baseline -0.002 -18"><span class='ocrx_word' id='word_1_182' title='bbox 99 2286 269 2350; x_wconf 79' lang='lat' dir='ltr'>pusque</span> <span class='ocrx_word' id='word_1_183' title='bbox 295 2299 498 2335; x_wconf 89' lang='lat' dir='ltr'>curatum</span> <span class='ocrx_word' id='word_1_184' title='bbox 535 2285 590 2333; x_wconf 92' lang='lat' dir='ltr'>ad</span> <span class='ocrx_word' id='word_1_185' title='bbox 627 2283 892 2346; x_wconf 86' lang='lat' dir='ltr'>sepulturam</span> <span class='ocrx_word' id='word_1_186' title='bbox 912 2319 927 2341; x_wconf 93' lang='lat'><strong><em>,</em></strong></span> <span class='ocrx_word' id='word_1_187' title='bbox 960 2295 1011 2330; x_wconf 86' lang='lat' dir='ltr'>ut</span> <span class='ocrx_word' id='word_1_188' title='bbox 1043 2282 1216 2330; x_wconf 86' lang='lat' dir='ltr'>miffum</span> <span class='ocrx_word' id='word_1_189' title='bbox 1250 2285 1385 2329; x_wconf 88' lang='lat' dir='ltr'>Con-</span> 
     </span>
     <span class='ocr_line' id='line_1_29' title="bbox 100 2361 1384 2427; baseline -0.004 -16"><span class='ocrx_word' id='word_1_190' title='bbox 100 2364 442 2427; x_wconf 83' lang='lat' dir='ltr'>stantinopolim</span> <span class='ocrx_word' id='word_1_191' title='bbox 468 2365 586 2412; x_wconf 91' lang='lat' dir='ltr'>inter</span> <span class='ocrx_word' id='word_1_192' title='bbox 616 2363 833 2410; x_wconf 89' lang='lat' dir='ltr'>divorum</span> <span class='ocrx_word' id='word_1_193' title='bbox 862 2361 1071 2425; x_wconf 84' lang='lat' dir='ltr'>reliquias</span> <span class='ocrx_word' id='word_1_194' title='bbox 1100 2363 1384 2408; x_wconf 82' lang='lat' dir='ltr'>humaretur:</span> 
     </span>
    </p>
   </div>
   <div class='ocr_carea' id='block_1_3' title="bbox 102 2438 1387 2514">
    <p class='ocr_par' dir='ltr' id='par_1_4' title="bbox 102 2438 1387 2514">
     <span class='ocr_line' id='line_1_30' title="bbox 102 2438 1387 2514; baseline 0.002 -25"><span class='ocrx_word' id='word_1_195' title='bbox 102 2438 314 2508; x_wconf 58' lang='lat' dir='ltr'>suspenso</span> <span class='ocrx_word' id='word_1_196' title='bbox 346 2439 533 2513; x_wconf 64' lang='lat' dir='ltr'>instante</span> <span class='ocrx_word' id='word_1_197' title='bbox 565 2440 834 2511; x_wconf 39' lang='lat' dir='ltr'>producing</span> <span class='ocrx_word' id='word_1_198' title='bbox 858 2456 1021 2510; x_wconf 59' lang='lat' dir='ltr'>anceps</span> <span class='ocrx_word' id='word_1_199' title='bbox 1047 2439 1113 2514; x_wconf 66' lang='lat' dir='ltr'>rei</span> <span class='ocrx_word' id='word_1_200' title='bbox 1146 2440 1387 2512; x_wconf 56' lang='lat' dir='ltr'>timebatur.</span> 
     </span>
    </p>
   </div>
  </div>
 </body>
</html>
