1626 2917
250 157 335 206 186
448 161 802 207 AMMIANI
848 160 1332 208 MARCELLINI

242 282 409 312 numen
443 266 618 313 ratione
653 266 929 329 querelarum
961 265 1182 327 justissima
1221 282 1525 315 commoven-

241 349 305 385 tes
319 374 332 395 ‚
351 338 550 385 Bellonae
569 339 866 386 accenderant
884 338 1026 385 faces:
1049 350 1098 385 ut
1116 337 1221 386 fides
1247 338 1415 386 oraculi
1444 335 1523 383 fir-

242 423 436 456 maretur
455 445 470 467 ‚
495 411 621 473 quod
649 410 759 457 nihil
789 410 974 473 impune
1004 409 1266 473 praedixerat
1297 425 1524 473 perpetra·

239 483 291 529 ri.
324 484 452 529 Dum
480 483 606 543 haec,
640 501 739 548 quae
770 483 895 548 supra
923 482 1085 547 digesta
1109 482 1239 540 sunt,
1265 482 1522 529 Antiochiae

238 555 452 603 Parthico
484 555 665 621 fragore
699 557 887 604 caffante
919 573 995 619 per
1027 555 1251 603 intestinas
1282 555 1522 602 dilatantur

239 644 460 675 aerumnas
485 645 498 676 ε
528 642 674 677 coetus
708 628 926 676 furiarum
959 627 1197 686 horrificus
1227 628 1325 691 post
1358 629 1522 675 incon-

238 701 429 749 volutos
447 702 718 766 multiplices
747 702 869 752 casus
887 703 942 750 ab
967 703 1120 750 eadem
1149 702 1259 749 urbe
1279 701 1487 766 digressus
1506 734 1522 757 ‚

237 773 494 822 cervicibus
528 775 643 823 Afiae
676 775 817 823 totius
858 774 1016 822 insedit
1053 776 1142 822 hoc
1180 775 1334 822 mod0.
1375 773 1521 820 Festus

236 845 421 909 quidam
448 846 744 895 Tridentinus
765 847 914 895 ultimi
935 847 1156 911 sanguinis
1187 849 1237 894 &
1270 845 1450 911 ignoti,
1473 844 1522 890 in

237 934 408 965 nexum
438 920 742 984 germanitatis
766 938 791 967 a
819 920 1077 968 Maximino
1099 919 1280 966 dilefims
1310 930 1358 964 ut
1392 916 1523 963 soda-

237 991 291 1039 lis
320 992 371 1040 &
395 1005 663 1059 contogatus
682 1030 694 1051 ‚
721 993 1067 1046 decernentibus
1089 991 1187 1039 fatis
1209 992 1263 1038 ad
1286 991 1523 1038 Orientem

237 1064 522 1128 transgreffus
556 1065 646 1112 est:
668 1065 821 1128 ibique
854 1063 1153 1112 administrata
1180 1063 1312 1127 Syria
1331 1099 1344 1120 ,
1380 1062 1522 1127 magi·

236 1137 460 1200 sterioque
479 1138 709 1185 memoriae
733 1141 909 1200 pera&o
924 1173 940 1196 ‚
958 1139 1077 1184 bona
1101 1137 1358 1185 lenitudinis
1379 1139 1426 1184 &
1447 1152 1519 1182 re-

237 1211 439 1259 verentia
462 1211 643 1275 reliquit
662 1211 866 1274 exempla
891 1228 903 1258 ε
934 1211 1051 1257 unde
1075 1227 1224 1274 regere
1251 1210 1394 1257 Asiam
1416 1225 1521 1271 pro-

237 1282 459 1331 consulari
490 1283 708 1346 potestate
740 1283 953 1341 exorsus,
972 1282 1278 1330 velificatione
1300 1282 1519 1346 tranquil-

238 1355 279 1403 la
295 1392 309 1414 ‚
338 1368 388 1403 ut
413 1355 561 1418 ajunt,
582 1355 805 1404 ferebatur
831 1356 885 1403 ad
903 1354 1106 1419 gloriam.
1138 1355 1333 1403 Audiens
1349 1367 1518 1412 autem,

237 1428 541 1475 Maximinum
569 1429 747 1492 optimo
772 1428 931 1491 cuique
961 1427 1214 1487 exitialem,
1244 1427 1519 1475 obtre&abat

238 1500 424 1549 subinde
452 1501 620 1550 affibus
655 1501 778 1563 ejus,
808 1515 859 1548 ut
883 1500 1146 1564 perniciosis
1176 1503 1226 1550 δέ
1254 1501 1403 1549 foedis.
1437 1502 1521 1548 Sed

238 1591 344 1623 cum
368 1574 502 1637 impie
532 1588 834 1638 peremtorum
855 1574 1075 1637 exsequiis
1103 1573 1436 1638 suffragantibus
1465 1575 1521 1621 ad

238 1647 542 1710 praefeRuram
577 1649 747 1696 veniffe
787 1648 1019 1695 hominem
1053 1648 1332 1710 comperisset
1364 1647 1520 1694 imme-

239 1719 374 1766 ritum
394 1756 407 1778 ‚
439 1721 599 1768 exarsit
631 1721 686 1767 ad
721 1720 888 1784 agenda
921 1719 1224 1783 sperandaque
1253 1719 1438 1776 fimilia;
1470 1721 1520 1768 &

239 1790 470 1840 histrionis
501 1792 589 1839 ritu
620 1805 787 1839 mutata
805 1805 987 1854 repente
1017 1791 1233 1855 persona,
1255 1791 1400 1838 studio
1429 1808 1517 1838 no-

237 1863 370 1909 cendi
397 1877 654 1927 concepto,
677 1863 912 1911 incedebat
936 1863 1084 1911 oculis
1113 1862 1294 1910 intentis
1325 1879 1378 1910 ac
1407 1863 1519 1927 rigi-

236 1932 305 1981 dis
327 1969 341 1991 ,
370 1933 676 1997 praefeffiiram
718 1949 951 1982 autumans
985 1933 1125 1981 affore
1160 1934 1420 1997 propediem
1441 1969 1455 1990 ,
1486 1934 1518 1981 fi

238 2005 331 2068 ipse
354 2024 538 2072 quoque
561 2009 603 2055 se
628 2008 969 2056 contaminasset
1000 2007 1244 2054 insontium
1272 2006 1435 2068 poenis.
1460 2009 1516 2054 Et

239 2096 507 2143 quamquam
531 2081 614 2128 sint
633 2081 770 2129 multa
802 2083 852 2130 &
876 2079 1028 2140 varia,
1048 2098 1172 2144 quae,
1200 2091 1249 2126 ut
1278 2079 1422 2126 levius
1441 2080 1517 2127 in·-

239 2165 556 2215 terpretemur,
575 2156 664 2219 egit
693 2155 931 2219 asperrime
951 2173 962 2202 :
983 2171 1122 2217 pauca
1146 2167 1294 2201 tamen
1314 2152 1404 2201 dici
1423 2153 1515 2200 suf·

238 2226 390 2287 ficiet,
414 2247 512 2292 quae
534 2230 633 2277 sunt
663 2244 771 2278 nota
800 2248 852 2279 ac
880 2230 1162 2294 pervulgata,
1184 2229 1239 2276 ad
1263 2229 1517 2277 aemulatio-

242 2316 345 2348 nem
363 2317 521 2350 eorum
548 2304 799 2363 commissa,
822 2321 920 2368 quae
941 2303 1050 2351 sada
1068 2303 1164 2350 sunt
1184 2304 1358 2350 Rornae.
1377 2302 1514 2349 Ratio

241 2374 363 2420 enim
405 2376 557 2423 eadem
590 2378 651 2423 est
682 2377 850 2440 ubique
884 2377 999 2423 teile
1043 2374 1222 2423 secusve
1251 2375 1474 2438 gestorum
1495 2409 1512 2430 ‚

243 2444 410 2494 etiamsi
434 2450 694 2512 magnitudo
729 2449 835 2497 desit
868 2447 1080 2497 diffiniilis
1108 2464 1270 2498 rerum.
1307 2446 1514 2495 Philoso-
