1626 2917
302 48 520 98 RERUM
557 46 895 98 ‘GESTARUM
944 46 1046 96 ΜΒ.
1075 46 1228 97 XXV.
1345 52 1400 107 ὃς

118 156 292 207 tiniano
313 196 326 217 ,
347 159 426 223 qui
447 175 548 206 cum
570 158 721 205 iisdem
738 159 926 205 redierat
946 193 959 217 ,
977 158 1169 221 regenda
1188 157 1408 206 scutario-

117 246 216 279 rum
250 233 439 280 secunda
462 231 761 279 committitur
781 231 932 278 schola
949 267 961 288 ‚
980 229 1029 280 ἃ
1056 227 1300 279 Vitalianus
1321 235 1408 280 do·-

118 302 406 353 mesticorum
438 304 674 351 consortio
711 304 914 368 jungitur
934 341 950 362 ,
979 305 1221 351 Erulorum
1259 322 1282 352 e
1323 323 1409 353 nu⁶
1436 357 1440 361 ,

117 395 246 424 mero
279 378 406 424 miles
424 414 437 434 ‚
470 378 547 441 qui
575 379 721 425 multo
749 377 900 440 postea
933 379 1086 425 austus
1115 379 1308 425 Comitis
1335 379 1409 425 di-

117 451 285 513 gnitate
303 485 316 506 ,
342 451 452 496 male
482 467 573 496 rem
599 467 676 512 per
698 450 931 514 Illyricum
964 451 1114 514 geffit:
1147 451 1409 498 confestim-

118 539 206 585 que
232 520 422 569 mittitur
451 523 496 569 in
527 523 696 570 Gallias
717 524 971 570 Arinthaeus
988 560 1001 582 ,
1020 523 1164 571 ferens
1186 525 1333 571 literas
1352 522 1409 570 ad

119 591 366 658 Joxvimnnr,
387 609 437 641 ut
470 595 724 643 constanter
750 610 900 660 ageret
930 597 1053 659 suum
1087 599 1298 645 obtinens
1331 594 1409 644 lo-

119 685 221 715 cum
241 686 252 715 :
273 668 405 732 eique
438 669 693 715 mandatum
722 669 809 726 est,
842 683 891 716 ut
913 671 1343 718 animadverteretur
1361 671 1410 717 in

121 744 404 789 concitorem
425 745 640 790 tumultus
657 780 670 802 ,
694 745 981 808 auetoresque
1003 746 1233 793 seditionis
1252 747 1304 793 ad
1326 764 1412 794 co-

119 816 324 863 mitatum
348 816 488 862 vincti
506 817 921 864 transmitterentur.
947 820 1049 868 Post
1064 837 1186 883 quae,
1206 834 1253 866 ut
1282 821 1412 866 vide-

120 889 253 936 batur
269 888 499 951 expedire,
519 890 743 952 disposita,
766 892 882 952 apud
901 892 1079 954 Aspuna
1095 893 1284 939 Galatiae
1309 911 1411 939 mu-

120 962 340 1026 nicipium
368 962 505 1010 breve
536 962 759 1009 Gallicani
789 964 952 1010 milites
978 965 1061 1011 visi
1091 966 1316 1028 principi,
1337 966 1410 1012 in-

121 1036 338 1100 greffique
371 1034 683 1082 consistorium
703 1071 716 1093 ,
735 1036 834 1098 post
853 1037 1000 1082 audita
1023 1050 1249 1101 gratanter
1268 1075 1280 1096 ‚
1305 1056 1409 1102 quae

119 1108 416 1172 pertulerant,
446 1108 671 1154 munerati
704 1109 849 1156 redire
875 1108 1086 1171 jubentur
1114 1114 1168 1158 ad
1195 1113 1329 1175 signa.
1352 1117 1411 1160 Et

120 1199 224 1230 cum
265 1181 486 1228 introisset
527 1183 757 1245 Ancyram
814 1185 1063 1245 Imperator
1084 1221 1098 1241 ,
1143 1186 1303 1247 paratis
1353 1187 1410 1233 ad

119 1270 330 1320 pompam
352 1272 436 1317 pro
451 1268 654 1317 tempore
675 1257 924 1302 necessariis
939 1294 950 1314 ,
973 1258 1251 1304 consulatum
1275 1259 1408 1316 iniit,

121 1329 326 1376 adhibito
355 1329 401 1373 in
433 1329 688 1376 societatem
708 1330 872 1377 trabeae
900 1331 1186 1377 Varroniano
1207 1330 1303 1378 filio
1328 1332 1410 1379 suo

121 1403 370 1448 admodum
400 1403 596 1464 parvulo
616 1421 627 1450 :
657 1401 782 1462 cujus
802 1402 973 1466 vagitus
991 1439 1005 1462 ‚
1036 1404 1322 1466 pertinaciter
1341 1423 1412 1452 re-

121 1474 326 1523 luctantis
341 1513 353 1532 ‚
375 1493 429 1523 ne
449 1477 493 1522 in
515 1477 658 1524 curuli
679 1477 781 1524 sella
812 1477 1053 1524 veheretur
1071 1495 1125 1525 ex
1152 1495 1279 1526 more
1293 1514 1307 1537 ‚
1336 1480 1381 1526 id
1397 1514 1414 1538 ,

122 1550 250 1612 quod
278 1565 388 1595 mox
418 1548 582 1596 accidit
606 1586 620 1606 ,
642 1549 953 1611 portendebat.
980 1549 1099 1596 Hinc
1126 1567 1310 1613 quoque
1328 1553 1409 1599 Jo-

123 1624 314 1670 vianum
335 1623 468 1670 celeri
494 1622 632 1686 gradu
657 1622 940 1686 praescriptus
961 1623 1068 1668 vitae
1090 1623 1296 1671 finiendae
1316 1626 1409 1672 dies

125 1697 287 1759 exegit.
318 1697 434 1743 Cum
457 1697 576 1742 enim
600 1696 788 1743 venisset
815 1695 1143 1757 Dadastanam,
1173 1699 1251 1762 qui
1279 1699 1409 1747 locus

123 1769 385 1834 Bithyniam
417 1770 649 1834 distinguit
685 1771 734 1817 &
770 1769 950 1817 Galatas
972 1807 984 1829 ‚
1013 1772 1288 1820 exanimatus
1333 1773 1410 1820 in-

125 1856 290 1890 ventus
308 1843 369 1890 est
388 1844 518 1890 nocte
537 1861 547 1889 :
568 1843 695 1905 super
711 1843 834 1904 cujus
854 1842 982 1889 obitu
1000 1843 1247 1892 dubietates
1266 1864 1409 1893 emer—

127 1915 222 1962 sere
243 1917 514 1978 complures.
534 1920 688 1963 Fertur
710 1916 854 1972 enim,
882 1917 1049 1962 recenti
1070 1917 1192 1964 calce
1211 1917 1407 1967 cubiculi

127 1985 228 2033 illiti
255 1987 368 2034 ferre
391 1988 579 2035 odorem
607 1987 796 2033 noxium
817 1989 1092 2051 nequivisse,
1116 1988 1191 2037 vel
1220 1993 1408 2039 extube-

127 2070 228 2105 rato
258 2060 402 2122 capite
421 2060 578 2123 perisse
597 2060 882 2118 succensione
908 2074 1148 2124 prunarum
1166 2063 1407 2125 immensa,

129 2144 208 2178 aut
240 2144 356 2179 certe
391 2149 447 2178 ex
483 2132 751 2179 colluvione
782 2125 987 2180 ciborum
1021 2135 1154 2181 avida
1189 2138 1407 2184 cruditate

130 2203 356 2250 distentus.
387 2205 585 2252 Deceffit
616 2219 761 2252 autem
797 2222 919 2252 anno
949 2207 1171 2254 tricesimo
1196 2210 1334 2255 aetatis
1358 2212 1409 2258 ὃξ
1456 2264 1461 2267 ,

131 2276 283 2324 tertiO.
320 2278 528 2340 Cumque
566 2278 672 2324 huic
709 2280 758 2325 ὃ(
788 2279 1029 2327 AEmiliano
1068 2282 1270 2343 Scipioni
1299 2283 1406 2329 vitae

132 2349 280 2397 exitus
306 2349 475 2398 similis
472 2368 614 2397 even
605 2352 721 2409 ffet,
741 2352 868 2413 super
899 2355 1096 2402 neutrius
1118 2369 1265 2403 morte
1284 2374 1408 2421 quae·-

197 2429 285 2471 Am
289 2426 415 2471 mian.
440 2427 677 2475 Marcellin.
707 2430 754 2476 V
750 2430 804 2473 ol
826 2427 888 2475 II,
1201 2431 1237 2474 Ε
