1626 2917
328 173 551 221 RERt'M
588 173 929 221 GESTARUM
967 174 1067 220 tie.
1104 176 1204 221 XV.
1361 191 1412 238 55

139 271 522 319 commendatitias
542 271 597 317 ab
622 287 678 317 eo
705 271 890 334 petierat
910 272 1056 318 literas
1078 272 1131 318 ad
1149 271 1320 318 amicos
1336 307 1348 329 ,
1368 283 1417 317 ut

131 344 251 408 quafi
269 343 494 390 familiaris
515 342 709 405 ejusdem
739 344 842 390 effer
861 345 1122 400 notissimus.
1151 346 1252 390 Hoc
1273 343 1417 405 impe-

132 429 281 475 tram,
311 435 411 464 cum
446 417 521 464 ille
557 417 669 463 nihil
704 417 927 480 suspicans
961 417 1216 480 fimpliciter
1249 415 1418 479 praesti-

133 487 277 544 tiffet,
297 486 500 533 servabat
518 487 750 550 epistolas,
779 503 827 533 ut
852 487 1154 549 perniciosum
1175 486 1343 549 aliquid
1369 485 1417 531 in

134 572 343 621 tempore
363 559 614 606 moliretur.
641 562 900 606 Memorato
930 559 1076 622 itaque
1101 559 1211 605 duce
1246 557 1417 603 Gallias

123 648 190 678 ex
219 632 447 695 republica
477 631 745 678 discursante
761 668 774 687 ‚
794 631 1093 694 barbarosque
1112 630 1418 692 propellente,

131 701 221 764 jam
242 703 321 750 fibi
351 703 601 751 diffidentes
621 705 670 750 ὃς
691 703 961 771 ῖῑςρίἂᾶῃῖρε
983 721 992 745 :
1014 704 1129 747 idem
1155 700 1418 765 Dynamius

133 776 377 839 inquietius
395 793 553 840 agens,
579 789 629 820 ut
650 774 853 821 versutus
878 775 928 821 &
952 773 998 820 in
1026 773 1224 820 fallendo
1246 774 1418 818 exerci-

134 860 251 895 tatus
266 883 280 905 ,
301 846 501 892 fraudem
519 845 871 893 comminiscitur
891 846 1072 907 impiam
1087 881 1100 902 ‚
1121 845 1418 892 subornatore

136 920 188 965 &
216 919 432 975 conscio,
453 930 501 964 ut
528 916 748 980 jactavere
777 932 981 962 rumores
1007 913 1197 970 incerti,
1227 917 1418 978 Lampa-

137 991 214 1036 dio
247 990 459 1053 praefe&o
489 987 732 1051 praetorio,
761 988 811 1034 &
840 987 1034 1034 Eusebio
1064 987 1316 1034 ex—comite
1351 988 1418 1033 rei

134 1064 323 1126 privata:
337 1100 352 1120 ,
372 1062 446 1110 cui
464 1073 817 1125 cognomentum
837 1077 929 1107 erat
955 1060 1150 1107 inditum
1171 1060 1421 1108 Mattioco-

131 1155 230 1201 pae,
257 1151 387 1200 atque
419 1136 596 1183 AEdefio
618 1135 908 1198 ex-magistro
939 1136 1197 1193 memoriae,
1217 1151 1334 1198 quos
1363 1134 1420 1180 acl

135 1208 414 1258 consulatum
431 1244 446 1267 ,
474 1220 523 1255 ut
549 1208 720 1254 amicos
746 1206 1065 1268 junctissimos,
1096 1207 1213 1253 idem
1244 1219 1421 1254 curarat

132 1282 287 1346 rogari
317 1280 580 1350 praefectus:
615 1281 662 1326 &
692 1279 905 1341 peniculo
938 1279 1045 1324 serie
1077 1279 1304 1325 literarum
1339 1279 1420 1324 ab-

134 1355 295 1414 stersa,
329 1355 424 1402 sola
466 1353 688 1401 incolumi
729 1355 879 1400 relicta
923 1353 1276 1415 subscriptione,
1313 1354 1423 1400 alter

139 1429 329 1475 multum
350 1445 375 1474 a
393 1443 504 1475 vero
533 1426 614 1473 illo
637 1426 863 1473 dissonans
885 1425 1224 1488 superscribitur
1242 1433 1422 1472 textus:

139 1503 264 1548 velut
299 1501 485 1548 Silvano
520 1513 706 1563 rogante
739 1500 888 1546 verbis
918 1500 1141 1564 obliquis,
1175 1513 1423 1563 oranteque

141 1574 312 1621 amicos
334 1586 513 1637 'agentes
534 1573 648 1619 intra
671 1567 911 1635 palatium,
934 1571 1006 1619 vel
1033 1572 1264 1634 privatos,
1284 1571 1424 1634 (inter

140 1664 255 1711 quos
283 1649 334 1694 &
360 1646 532 1695 Tuscus
553 1659 644 1693 erat
667 1646 883 1704 Albinus,
914 1646 1075 1709 aliique
1102 1645 1285 1709 plures)
1313 1659 1360 1693 ut
1381 1646 1424 1692 se

141 1721 302 1767 altiora
323 1732 598 1782 coeptantem
615 1757 629 1778 ,
653 1722 700 1767 &
729 1719 991 1782 propediem
1025 1719 1185 1766 solium
1207 1719 1424 1783 principis

141 1790 363 1840 aditurum
383 1793 610 1855 juvarent.
648 1795 781 1841 Hunc
812 1793 970 1841 fascem
996 1794 1049 1840 ad
1083 1794 1313 1840 arbitrium
1344 1793 1425 1858 fig-

141 1865 282 1912 menti
314 1865 564 1924 commisit,
589 1866 728 1914 vitam
756 1866 1003 1928 pulsaturus
1032 1866 1236 1914 insontis.
1264 1868 1424 1930 Dyna-

142 1939 258 1986 mius
284 1939 518 2002 praefectus
548 1939 634 1998 est,
654 1953 703 1985 ut
723 1941 817 1986 haec
851 1957 934 2002 pro
959 1943 1232 2002 Imperatore
1252 1938 1423 1985 scruta-

142 2011 281 2058 retur.
320 2013 430 2059 Haec
461 2013 510 2060 &
541 2012 694 2059 fimilia
727 2029 828 2059 cum
858 2012 952 2058 astu
979 2024 1177 2070 texeret,
1209 2010 1426 2058 consisto·

144 2084 259 2131 rium
281 2083 401 2131 solus
419 2084 632 2149 ingressus
651 2084 883 2143 intimum,
901 2098 1078 2147 captato
1098 2098 1302 2145 tempore
1319 2083 1427 2131 vin-

147 2156 236 2203 cire
265 2157 441 2220 sperans
471 2157 738 2222 pervigilem
774 2157 922 2204 salutis
950 2157 1251 2220 imperatoriae
1275 2155 1426 2203 custo—

147 2228 262 2276 dem.
293 2229 507 2292 Leffltque
530 2229 577 2276 in
605 2228 871 2277 consistorio
899 2230 989 2276 astu
1021 2229 1183 2276 callido
1205 2228 1428 2275 consarci-
1500 2233 1503 2236 ’

149 2313 249 2347 nata
265 2302 473 2360 materia,
493 2303 665 2351 tribuni
681 2301 778 2365 juffi
798 2301 897 2349 sunt
919 2304 1129 2350 custodiri
1143 2339 1156 2361 ‚
1179 2305 1227 2350 &
1247 2304 1301 2349 de
1318 2318 1429 2366 pro-

153 2374 319 2421 vinciis
336 2375 441 2422 duci
459 2375 652 2438 privati,
682 2391 877 2438 quorum
899 2375 1095 2438 epistolae
1115 2375 1302 2421 nomina
1321 2374 1433 2420 defi-2

150 2447 362 2510 gnabant.
387 2448 730 2514 Confestimque
759 2447 994 2514 iniquitate
1019 2449 1081 2496 rei
1111 2448 1304 2512 percitus
1333 2449 1432 2496 Ma*

1067 2524 1113 2570 D
1149 2543 1179 2584 4
