1626 2917
176 182 268 247 360
381 179 725 228 ΑΜΜΙΑΝῙ
773 179 1241 230 MARCELLINI

174 287 406 350 planitiem
439 285 641 349 undique
684 301 828 348 prona
863 285 1119 335 declivitate
1152 297 1445 351 praeruptam‚

174 359 395 423 terrasque
428 359 520 405 lato
548 358 630 404 fitu
665 357 897 415 distentas,
930 358 1022 404 duo
1055 356 1210 406 famosi
1244 359 1444 405 nominis

172 432 386 489 flumina,
406 431 650 479 OEchardes
682 433 732 479 &
764 431 910 479 Bautis
944 431 1133 479 lentiore
1165 446 1312 480 meatu
1343 449 1445 495 per-

173 517 371 554 currunt.
404 507 459 551 Et
491 504 635 568 dispar
668 504 728 551 est
755 505 970 551 tra&utim
1009 504 1286 552 diversorum
1319 506 1447 568 inge-

173 578 329 624 nium:
351 577 423 623 hic
454 577 686 639 patulum,
706 575 812 623 alibi
846 575 974 623 molli
1003 576 1255 625 devexitate
1283 577 1448 624 subdu-

171 651 287 697 &um
311 667 322 695 ε
344 649 538 710 ideoque
561 647 758 694 satietate
779 647 957 712 frugum
974 683 988 707 ,
1020 650 1070 698 &
1098 650 1364 712 pecoribus,
1396 653 1451 698 &

171 721 354 768 arbustis
388 721 614 769 exuberat.
654 723 862 775 Incolunt
892 735 1038 769 autem
1071 723 1446 772 foecundiffimam

172 794 346 857 glebam
383 794 520 840 variae
558 805 710 858 gentes
735 831 749 853 ,
783 812 806 842 e
842 795 1003 858 quibus
1042 797 1357 862 Alitrophagi,
1395 799 1446 845 &

172 865 368 923 Annibi,
400 867 449 913 &
476 866 656 930 Sizyges
675 904 690 924 ,
718 869 767 915 &
796 867 962 914 Chardi
989 868 1290 931 Aquilonibus
1322 867 1448 930 obje-

172 938 228 982 &i
261 936 430 986 sunt&
457 939 641 1000 pruinis.
675 941 892 986 Exortum
926 956 1040 987 vero
1073 940 1178 988 solis
1208 941 1447 1005 suspiciunt

169 1008 423 1068 Rabannae,
446 1012 495 1058 &
514 1009 722 1069 Asmirae,
743 1013 792 1059 &
810 1011 1048 1058 Essedones
1074 1013 1279 1060 omnium
1301 1014 1448 1077 splen-

169 1082 327 1128 diffimi
349 1101 359 1130 ε
391 1083 551 1145 quibus
574 1084 814 1147 Athagorae
840 1084 895 1130 ab
916 1085 1189 1132 occidentali
1212 1099 1334 1148 parte
1362 1104 1447 1134 co-

171 1156 374 1213 haerent,
402 1157 452 1202 &
484 1155 728 1218 Aspacarae.
774 1158 890 1202 Betae
920 1173 1034 1203 vero
1066 1158 1248 1220 australi,
1273 1159 1448 1207 celsitu-

171 1228 266 1274 dini
291 1230 516 1275 montium
541 1230 769 1286 inclinati,
789 1230 972 1277 urbibus
1004 1231 1108 1278 licet
1138 1248 1233 1279 non
1264 1234 1445 1293 multis,

169 1304 339 1365 magnis
361 1316 507 1350 tamen
532 1305 810 1350 celebrantur
837 1307 886 1353 &
915 1305 1171 1367 opulentis:
1192 1307 1308 1354 inter
1338 1326 1448 1372 quas

170 1376 372 1421 maximae
394 1376 586 1434 Asmira,
618 1377 668 1424 &
683 1376 872 1423 Effedon
889 1411 903 1435 ,
924 1378 974 1425 &
995 1377 1229 1440 Asparata,
1247 1382 1297 1427 &
1314 1382 1415 1426 Sera
1430 1416 1448 1436 ‚

171 1447 323 1493 nitidae
343 1449 440 1494 sunt
466 1451 513 1496 &
537 1449 787 1496 notiffimae.
810 1452 962 1512 Agunt
982 1464 1130 1498 autem
1151 1450 1230 1514 ipfi
1257 1452 1453 1515 quietius

171 1520 321 1575 Seres,
355 1537 580 1566 armorum
619 1519 789 1582 semper
821 1522 871 1568 &
910 1521 1180 1583 proeliorum
1216 1535 1450 1586 expertes:

170 1589 308 1655 utque
337 1593 595 1641 hominibus
628 1593 783 1640 sedatis
812 1595 862 1642 &
886 1594 1072 1656 placidis
1100 1595 1244 1642 otium
1268 1597 1328 1643 est
1360 1613 1452 1644 vo-

168 1664 216 1710 lu
225 1665 386 1726 ptabile
400 1701 412 1721 ,
435 1665 545 1712 nulli
564 1664 858 1713 finitimorum
879 1666 1067 1714 molesti.
1092 1668 1214 1715 Coeli
1234 1668 1351 1731 apud
1368 1684 1447 1716 eos

166 1735 365 1798 jucunda
384 1737 653 1802 salubrisque
681 1738 940 1801 temperies,
961 1740 1070 1786 aeris
1095 1740 1230 1788 facies
1252 1742 1445 1800 munda,

167 1810 424 1874 leniumque
470 1824 711 1858 ventorum
764 1812 1144 1860 commodiffimus
1190 1813 1345 1872 flatus,
1395 1816 1446 1862 &

170 1884 345 1930 abunde
377 1885 500 1931 filvae
531 1884 799 1932 sublucidae:
829 1902 851 1931 a
881 1885 1042 1948 quibus
1074 1887 1285 1933 arborum
1307 1886 1446 1934 foetus

167 1972 382 2018 aquarum
415 1956 716 2021 asperginibus
743 1956 933 2015 crebris,
954 1957 1081 2005 velut
1113 1958 1316 2022 quaedam
1345 1959 1445 2005 vel-

168 2029 258 2074 lera
278 2029 512 2076 molientes
530 2065 541 2087 ,
562 2047 618 2076 ex
639 2030 849 2093 lanugine
874 2031 925 2078 &
945 2030 1120 2093 liquore
1138 2031 1322 2078 mixtam
1340 2031 1444 2078 sub-

167 2099 371 2146 tilitatem
390 2102 667 2150 tenerrimam
688 2104 893 2166 peEtunt:
916 2104 1154 2167 nentesque
1173 2103 1444 2165 subtemina,

165 2170 416 2218 conficiunt
435 2172 621 2220 sericum
634 2210 648 2232 ‚
666 2175 722 2221 ad
739 2174 837 2221 usus
856 2175 1045 2221 antehac
1065 2174 1305 2233 nobilium,
1323 2193 1445 2225 nunc

168 2244 298 2290 etiam
337 2243 597 2292 infimorum
632 2247 721 2293 fine
758 2247 847 2292 ulla
883 2247 1150 2294 discretione
1185 2247 1441 2310 proficiens.

167 2319 248 2379 Ipsi
279 2331 437 2380 praeter
470 2320 582 2367 alios
609 2319 911 2383 frugalissimi,
942 2320 1178 2383 pacatioris
1205 2321 1311 2368 vitae
1344 2321 1441 2368 cul-

168 2404 304 2449 tores,
328 2390 519 2438 vitantes
540 2392 813 2455 reliquorum
833 2392 1088 2440 mortalium
1111 2405 1269 2440 coetus.
1293 2394 1434 2439 Cum-

165 2480 251 2528 que
283 2464 336 2512 ad
357 2467 601 2513 coemenda
635 2466 733 2521 fila,
764 2467 836 2514 vel
869 2466 1067 2530 quaedam
1106 2467 1218 2526 alia,
1238 2465 1431 2515 fluvium
