1626 2917
175 93 267 139 266
396 93 735 139 ΑΜΜΙΑΝΙ
777 94 1250 143 MARCELLINI

169 216 258 263 que
289 199 442 247 iisdem
475 201 631 247 diebus
653 217 731 263 per
758 201 958 265 Scythiae
986 202 1193 266 regiones
1217 206 1264 252 δι
1287 204 1460 252 Moefiae

166 273 408 331 omnibus,
436 290 539 337 quae
558 286 768 336 poterant
790 275 966 333 mandi,
995 275 1263 335 consumtis,
1284 277 1460 325 feritate

165 359 353 411 urgente
383 348 549 410 pariter
572 349 622 396 &
647 349 830 412 inopia,
853 349 1026 395 barbari
1048 348 1335 414 [erumpere]
1359 369 1460 398 mo-

170 421 288 467 libus
314 419 488 484 magnis
511 421 738 468 ardebant.
768 422 963 485 Hocque
986 420 1099 485 saepe
1127 435 1327 482 tentato,
1353 441 1459 471 cum

167 495 469 542 obruerentur
490 495 653 558 vigore
684 495 944 542 nostrorum
967 512 1046 558 per
1066 495 1321 559 asperitates
1343 496 1462 545 scru-

166 567 295 631 posas
314 568 464 615 valide
493 568 976 616 refistenti111n23<laffl
997 569 1256 617 necestitate
1285 570 1463 632 postte-⁴

166 658 266 699 ma,
293 642 564 689 Chunorum
597 644 647 690 &
679 642 930 689 Alanorum
967 642 1145 707 aliquos
1183 643 1239 691 ad
1272 642 1464 690 societa-

170 727 263 760 tem
299 713 372 776 spe
398 714 650 776 praedarum
677 713 929 778 ingentium
952 713 1221 762 asciverunt.
1245 716 1356 775 Quo
1385 729 1464 761 co·

167 786 297 849 gnito
325 786 592 833 Saturninus
613 785 735 850 (jam
755 786 873 832 enim
899 786 1073 846 aderat,
1095 788 1146 834 &
1170 799 1466 849 praetenturas

169 855 469 919 stationesque
489 855 752 918 disponebat
769 856 992 920 agrarias)
1012 858 1225 920 paulatim
1245 858 1468 922 colligens

169 927 274 974 suos
287 964 300 987 ‚
319 927 490 991 digredi
506 928 689 992 parabat
710 929 902 977 confilio
923 947 1019 977 non
1035 930 1227 977 absurdo
1243 947 1326 977 :ne
1345 929 1467 977 subi-

168 1014 214 1048 ta
242 1001 488 1048 multitudo
507 1037 521 1059 ,
543 1000 609 1047 uti
628 1002 770 1049 amnis
797 1002 989 1065 impulsu
1018 1004 1238 1050 undarum
1256 1003 1467 1052 obicibus

167 1074 312 1136 ruptis
347 1073 550 1130 emissus,
590 1074 872 1120 convelleret
902 1074 995 1121 levi
1028 1075 1215 1137 negotio
1248 1076 1467 1137 cunftos,

168 1145 361 1207 suspecta
389 1144 490 1193 loca
523 1145 690 1192 diutius
723 1147 1033 1194 observantes.
1064 1147 1247 1194 Deinde
1271 1147 1371 1210 post
1397 1164 1469 1193 re-

170 1218 330 1266 seratas
371 1218 590 1282 angustias
626 1218 885 1282 abitumque
925 1219 1080 1266 militis
1118 1220 1434 1283 tempestivum
1452 1254 1468 1278 ,

170 1292 502 1356 incomposite,
528 1308 614 1354 qua
648 1291 838 1356 quisque
867 1290 1116 1339 clausorum
1135 1293 1307 1355 potuit,
1334 1293 1468 1340 nullo

169 1379 357 1415 vetante
395 1364 629 1412 turbandis
672 1364 879 1412 incubuit
915 1366 1085 1413 rebus:
1114 1367 1165 1414 &
1203 1366 1469 1414 vastabundi

170 1456 332 1487 omnes
358 1455 438 1502 per
462 1438 722 1486 latitudines
743 1437 954 1485 Thraciae
987 1439 1298 1501 pandebantur
1322 1439 1472 1504 impu-

170 1529 247 1570 ne,
267 1511 323 1558 ab
340 1509 442 1573 ipfis
463 1509 677 1557 traffibus
690 1545 706 1566 ,
726 1525 845 1571 quos
862 1522 1142 1572 praetermeat
1163 1511 1284 1570 Ister,
1303 1512 1472 1572 exorfi,

175 1584 373 1648 adusque
391 1584 653 1646 Rhodopen
674 1585 724 1630 &
745 1581 926 1642 fretum,
943 1584 1069 1648 quod
1088 1583 1302 1631 immensa
1319 1585 1473 1632 dister-

171 1658 314 1713 minat
333 1657 489 1714 maria‚
512 1656 680 1720 rapinis
701 1658 751 1704 &
771 1657 984 1715 caedibus,
1008 1656 1311 1722 sanguineque
1329 1661 1377 1707 &
1396 1659 1472 1705 in-

174 1730 373 1789 cendiis,
395 1731 447 1778 &
474 1729 721 1776 liberorum
746 1745 994 1791 corporum
1022 1729 1290 1793 corruptelis
1315 1730 1474 1778 omnia

173 1802 416 1850 foediffime
440 1801 771 1866 permiscentes.
790 1802 925 1849 Tunc
948 1815 1042 1849 erat
1062 1802 1255 1865 spectare
1273 1819 1373 1850 cum
1396 1819 1473 1866 ge-

175 1877 292 1923 mitu
323 1875 434 1921 faEta
467 1874 588 1921 <lietu
621 1873 811 1937 visuque
846 1874 1065 1937 praedira,
1097 1874 1313 1921 attonitas
1345 1888 1471 1922 metu

178 1948 368 1996 feminas
387 1946 539 2011 flagris
564 1947 946 2008 concrepantibus
964 1946 1150 2010 agitari,
1170 1945 1356 1993 foetibus
1374 1963 1474 2010 gra-

177 2023 311 2071 vidas
338 2023 486 2070 adhuc
512 2022 790 2081 immaturis,
808 2034 1048 2085 antequam
1068 2022 1306 2084 prodirent
1332 2021 1379 2068 in
1401 2023 1470 2070 lu-

178 2112 298 2154 cem,
316 2094 453 2157 impia
474 2094 772 2142 tolerantibus
789 2094 949 2153 multa,
967 2093 1225 2156 implicatos
1245 2094 1361 2142 alios
1381 2111 1474 2142 ma-

179 2167 324 2215 tribus
350 2167 597 2230 parvulos‚
625 2167 675 2213 &
706 2166 926 2229 puberum
956 2166 1109 2212 audire
1135 2164 1328 2212 lamenta
1347 2167 1474 2229 puel-

181 2241 416 2306 larumque
445 2242 668 2289 nobilium
684 2278 699 2300 ,
717 2258 908 2305 quarum
933 2239 1175 2304 stringebat
1206 2239 1299 2287 fera
1333 2241 1474 2304 capti-

183 2315 303 2361 vitas
334 2330 505 2361 manus.
534 2315 636 2362 Post
668 2331 769 2378 quae
801 2314 948 2362 adulta
980 2312 1248 2376 virginitas,
1278 2312 1474 2361 castitas-

185 2403 275 2451 que
308 2398 549 2451 nuptarum
579 2404 658 2436 ore
683 2388 844 2436 affefto
873 2386 985 2436 flens
1017 2386 1175 2434 ultima
1202 2386 1476 2447 ducebatur,
