1626 2917
180 127 232 157 12
396 109 731 156 AMMIANI
766 108 1238 155 MARCELLINI

174 218 280 261 bella
300 215 536 278 graviffi'ma
561 250 574 272 ,
606 217 741 277 gloria
765 220 988 275 locupletes.
1015 217 1114 262 Haec
1151 219 1267 262 vobis
1298 216 1446 262 cut-2312

170 304 362 349 poterunt
387 290 618 344 abundare,
635 289 686 352 st
703 290 984 348 imperterriti,
1004 292 1101 334 Deo
1126 308 1261 350 meque
1276 321 1288 343 ,
1309 308 1444 349 quan-

171 375 257 405 tum
288 362 472 405 lzumarza
492 364 597 406 racio
620 358 785 421 patitar
800 395 814 417 ,
834 377 947 406 caute
968 361 1178 416 (inflante,
1201 365 1343 407 mitius
1362 380 1448 424 ege·

172 434 265 478 ritis
292 449 308 477 .·
327 433 403 497 sire
434 433 644 500 refistitis,
680 436 738 478 ad
760 434 1020 493 seditionum
1057 435 1226 479 revoluti
1255 438 1450 480 dedecora

161 507 430 571 pristinarum
448 540 460 562 ,
484 509 652 568 pergite.
679 510 743 551 Ut
775 509 1052 567 imperatorem
1072 510 1204 561 decet,
1221 508 1449 569 egosoluS,

171 579 348 637 confec‘lo
366 596 576 625 tantorum
594 599 804 626 munerum
823 581 964 640 cursu,
991 583 1145 626 moriar
1147 583 1303 648 stando
1318 616 1333 638 ‚
1349 600 1451 627 corz-

171 669 369 698 temturus
396 656 585 698 animam
608 687 623 711 ‚
654 672 776 713 quam
813 655 919 699 mihi
948 653 1152 711 febricula
1185 657 1323 714 eripiet
1349 672 1452 700 una.

169 730 266 770 Aut
282 740 378 770 certe
413 725 621 784 discedam
641 742 652 770 ε
689 744 760 771 nec
788 729 895 771 enim
914 729 975 771 ita
995 729 1089 771 vixi
1105 761 1118 781 ‚
1138 742 1183 771 ut
1202 745 1285 771 non
1299 725 1450 788 poffim

170 799 399 856 aliquando
423 796 497 860 effe
518 801 727 858 privatus.
755 801 922 858 Praeque
953 797 1116 856 mesero
1145 795 1187 843 δ’
1205 802 1321 843 laetor
1338 832 1351 854 ,
1373 801 1454 843 du-

171 870 616 933 c‘loresslbeflatlffimos
643 867 713 932 effe
738 870 947 930 nobiscum
967 903 981 926 ,
1005 869 1196 930 perfeblos
1216 873 1452 915 bellicarum

171 942 288 987 omrzi
314 959 452 1002 genere
476 941 765 986 doflritzarum.
799 941 895 987 Hae
932 941 1130 988 modesta
1170 941 1455 1003 Imperatoris

170 1012 380 1057 oratione
397 1047 409 1068 ,
431 1012 547 1057 inter
567 1011 757 1059 secunda
781 1014 828 1060 ὅ(
849 1012 998 1074 aspera
1025 1013 1189 1071 medii,
1215 1013 1340 1060 miles
1370 1028 1456 1075 pro

171 1098 375 1147 tempore
412 1084 647 1142 delinitus,
687 1084 867 1131 assumta
904 1102 1005 1131 cum
1035 1086 1272 1132 meliorum
1297 1086 1455 1148 exspe-

173 1158 368 1204 &atione
408 1156 572 1204 fiducia
592 1192 606 1214 ,
633 1157 865 1220 regibilem
886 1158 979 1215 -[se
1014 1157 1113 1203 fore
1145 1158 1373 1220 pollicitus
1406 1162 1455 1207 ὅ(

174 1230 448 1292 morigerum
469 1264 483 1287 ‚
512 1230 776 1276 cunctorum
798 1229 1016 1291 aspirante
1041 1229 1282 1288 consensu]
1306 1230 1456 1278 aufilo·

173 1304 350 1350 ritatem
389 1303 485 1364 ejus
522 1303 928 1366 sublimitatemque
965 1304 1114 1350 cordis
1135 1304 1377 1350 extollebat
1408 1305 1455 1351 in

176 1375 376 1421 coelum:
413 1376 538 1438 quod
569 1392 670 1422 cum
700 1391 808 1421 vere
838 1388 970 1438 atque
995 1391 1048 1421 ex
1079 1375 1230 1420 animo
1264 1375 1458 1433 dicitur,

174 1449 288 1495 solet
326 1464 558 1494 armorum
599 1447 771 1510 crepitu
821 1447 912 1494 leni
947 1448 1199 1495 monstrari.
1241 1449 1460 1512 Repetitis

175 1521 276 1585 post
306 1521 403 1568 haec
437 1520 644 1568 tentoriis
665 1557 679 1579 ‚
717 1536 800 1583 pro
833 1519 962 1581 copia
990 1520 1054 1566 rei
1078 1519 1302 1582 praesentis
1335 1521 1460 1568 victu

178 1596 221 1641 se
250 1594 472 1641 recreavit
503 1596 552 1642 ὅ(
584 1594 731 1657 quiete
768 1593 1000 1640 noeturna.
1038 1593 1274 1639 Animabat
1311 1606 1462 1642 autem

177 1668 373 1716 Julianus
405 1668 646 1714 exercitum
672 1703 686 1725 ‚
723 1684 826 1713 cum
865 1683 960 1713 non
999 1683 1078 1729 per
1113 1668 1346 1720 caritates,
1387 1668 1462 1714 sed

176 1757 256 1804 per
286 1740 516 1787 inchoatas
550 1739 843 1803 negotiorum
879 1740 1208 1803 magnitudines
1245 1739 1460 1801 dejeraret

178 1813 375 1860 affidue:
404 1816 477 1858 Sic
495 1814 579 1874 sub
604 1813 756 1874 jugum
779 1816 949 1858 mitteret
977 1813 1128 1874 Persas
1149 1832 1164 1859 :
1202 1816 1262 1858 ita
1293 1811 1461 1876 quaſja-

177 1903 264 1931 tum
293 1902 478 1931 recrearet
513 1888 644 1931 orbem
675 1888 916 1932 Romanum
935 1902 951 1930 :
991 1897 1039 1930 ut
1065 1884 1284 1945 Traianus
1320 1884 1460 1931 fertur

179 1959 419 2020 aliquoties
447 1956 638 2018 jurando
667 1956 779 2005 diua
816 1956 1042 2004 consuesse
1066 1956 1271 2003 firmare:
1303 1961 1373 2003 Sic
1414 1960 1460 2002 irz

173 2034 483 2092 provinciarum
504 2032 683 2093 speciem
711 2032 914 2077 reduffam
949 2033 1110 2076 videam
1147 2033 1337 2076 Daciam
1362 2047 1376 2075 :
1394 2030 1464 2094 fic

171 2107 374 2166 pontibus
423 2106 567 2166 Istrum
621 2103 663 2150 δ’
717 2108 956 2166 Euphraten
972 2105 1159 2164 fitperem
1181 2139 1195 2159 ‚
1225 2105 1275 2151 &
1309 2103 1465 2149 similia

179 2176 386 2240 plurima.
413 2177 514 2223 Post
542 2178 637 2223 haec
675 2177 865 2223 decursis
904 2176 1100 2223 millibus
1120 2175 1318 2237 passuum
1349 2190 1463 2236 qua-

182 2250 432 2297 tuordecim
451 2285 464 2307 ,
497 2249 551 2295 ad
581 2250 732 2297 locum
767 2249 987 2313 quendam
1015 2247 1075 2294 est
1101 2262 1288 2294 ventum
1311 2282 1325 2305 ‚
1353 2263 1466 2293 arva

181 2321 307 2385 aquis
333 2321 662 2368 abundantibus
683 2321 1046 2368 foecundantem:
1079 2335 1170 2382 quo
1199 2319 1355 2366 itinere
1378 2333 1466 2363 nos

183 2395 328 2442 ituros
372 2393 513 2441 Persae
553 2393 803 2458 praedoffi,
847 2391 1028 2441 sublatis
1064 2391 1289 2441 cataraffis
1325 2390 1466 2438 undas
