1626 2917
269 136 491 203 RERUM
523 151 858 202 GESTARUM
890 154 994 202 ΠΒ.
1029 154 1208 204 xxm.
1295 175 1377 221 173

113 256 361 322 interimmj
371 260 549 318 omnia,
569 277 668 324 quae
687 260 914 324 praedixit,
930 261 971 309 se
989 260 1210 310 indicante
1227 263 1386 312 Theo-³

113 333 389 395 dorum-‘sper
417 333 663 382 Eucaerium
700 334 895 387 didicisse
915 370 929 393 ‚
961 336 1109 383 virum
1144 336 1381 399 praestabiii

110 404 289 457 scien-tia
321 405 575 466 literarum,
611 406 871 470 abundeque
906 407 1206 459 honoratum:
1234 409 1382 457 Asiam

111 477 431 543 qnippepa'ulo
448 491 551 526 ante
565 491 738 526 rexerat
757 496 841 543 pro
863 480 1087 542 praefectis.
1105 483 1215 540 Quo
1233 481 1281 527 in
1300 498 1383 528 cu-

108 550 250 602 stodia
274 551 461 602 condito
479 588 495 609 ‚
522 551 831 615 gestorumque
854 546 1090 599 volumine
1119 553 1381 615 Imperatori

106 625 296 676 recitato
313 627 374 678 ‚de
401 643 528 673 more
548 661 563 685 ,
584 625 838 690 prodigiosa
854 625 1002 673 feritas
1021 626 1068 674 in
1101 627 1286 673 modum
1306 644 1380 673 ar-

109 697 366 747 dentiffimae
393 697 502 746 facis
530 698 666 747 fufius
697 697 942 761 vagabatur
962 733 973 751 ‚
995 697 1107 745 elata
1132 699 1251 761 turpi
1270 699 1382 746 adu-

108 770 280 820 latione
303 764 545 819 militorum
566 806 582 831 ,
613 771 894 835 maximeque
930 771 1127 834 praefecti
1163 773 1381 834 praetorio

107 855 216 892 tunc
242 844 449 892 Modesti.
471 844 564 904 Qui
585 845 688 892 dum
708 844 948 891 formidine
971 844 1227 892 successoris
1245 843 1381 908 agita-

106 928 228 963 retur
247 917 293 964 in
315 917 436 974 diesi,
453 916 731 965 obu'mbratis
752 916 1060 964 blanditiarum
1092 917 1381 965 concinnita-

106 988 254 1046 tibus,
286 988 536 1036 cavillando
563 988 798 1035 Valentem
828 987 1120 1036 subrusticum
1147 989 1378 1037 hominem

106 1059 187 1106 fibi
216 1058 339 1111 varie
374 1057 703 1107 commulcebat
722 1094 736 1117 ‚
761 1059 992 1104 horridula
1023 1058 1119 1119 ejus
1157 1060 1295 1107 verba
1327 1063 1379 1107 δε

104 1122 239 1179 rudia
261 1129 476 1188 flosculos
505 1130 740 1178 Tullianos
778 1131 1001 1193 appellans
1021 1165 1036 1190 ‚
1068 1133 1118 1179 &
1140 1132 1196 1178 ad
1231 1134 1376 1179 extol-

104 1203 277 1261 lendam
311 1201 406 1265 ejus
437 1202 653 1259 vanitiem
682 1203 821 1270 sidera
851 1220 1068 1266 quoque,
1101 1204 1132 1250 fi
1164 1203 1340 1265 juffiss'et
1359 1241 1375 1263 ‚

103 1276 305 1333 exhiberi
334 1275 456 1338 ploffe
484 1276 765 1338 promittens.
798 1275 936 1338 Igitur
964 1278 1015 1323 &
1046 1276 1317 1324 Theodorus
1348 1296 1374 1325 a

96 1348 502 1411 constantinopoli
522 1384 537 1406 ,
575 1365 707 1412 quam
737 1364 794 1394 ex
828 1348 1015 1411 negotio
1057 1347 1261 1396 familiari
1295 1367 1376 1413 pe-

103 1423 230 1470 tierat
243 1459 257 1482 ,
275 1423 371 1486 rapi
390 1421 526 1470 celeri
549 1420 726 1483 jubetur
749 1420 905 1482 effectu
927 1439 936 1467 :
956 1423 1007 1468 &
1025 1421 1129 1467 dum
1146 1422 1221 1468 ille
1239 1424 1375 1470 redu-

101 1495 220 1543 citur
232 1531 248 1553 ‚
264 1513 321 1542 ex
333 1494 606 1557 ‚praejudiciis
620 1494 752 1542 variis
771 1530 785 1553 ,
809 1511 908 1557 quae
925 1494 1080 1541 diebus
1097 1497 1373 1544 exerceban-

102 1579 176 1614 tur
206 1568 256 1614 &
278 1566 483 1614 noEtibus
501 1602 514 1623 ,
539 1565 683 1628 plures
701 1584 725 1612 a
750 1565 1087 1627 disjunctiffimis
1105 1567 1367 1631 regionibus

98 1639 384 1690 trahebantur
405 1674 420 1697 ‚
448 1638 733 1702 dignitatibus
766 1640 815 1686 &
852 1638 1086 1685 nobilitate
1122 1640 1369 1704 conspicui.

101 1713 420 1776 Cumquelnec
439 1712 838 1775 carcerespublici
866 1712 952 1774 jam
985 1712 1191 1772 distenti,
1223 1716 1370 1763 inclu-

99 1782 246 1832 sorum
281 1783 369 1845 jam
404 1796 750 1844 catervas„nec
781 1784 952 1847 privata
993 1785 1219 1833 domicilia
1249 1787 1369 1835 susti·

98 1867 256 1913 nerent
276 1855 604 1918 constipatione
633 1868 848 1920 vaporata
874 1855 1127 1905 confertas:
1149 1860 1366 1922 quoniam

99 1931 294 1983 vinculis
323 1931 516 1978 maxima
549 1947 650 1993 pars
671 1948 828 1978 eorum
859 1931 1124 1979 attinebatur
1141 1969 1155 1992 ‚
1177 1936 1225 1981 δι
1245 1934 1364 1982 suam

97 2006 147 2051 &
172 2002 368 2065 proximi
394 2003 608 2066 cujusque
640 2003 788 2051 vicem
822 2021 977 2051 omnes
1003 2005 1256 2054 horrebant.
1275 2008 1366 2053 Ad-

98 2076 227 2123 venit
246 2076 499 2140 -aliquando
530 2089 677 2123 tamen
714 2076 822 2139 ipse.
844 2095 1025 2142 quoque
1061 2079 1363 2138 Theodorus,

99 2152 485 2212 praemortuus&
527 2163 692 2197 atratus
722 2168 732 2197 :
769 2167 859 2213 quo
897 2152 942 2197 in
982 2153 1114 2200 devia
1150 2155 1365 2201 territorii

97 2235 222 2286 parte
251 2224 513 2272 abscondito
534 2260 547 2283 ‚
577 2226 735 2286 paratis
752 2225 984 2283 omnibus,
1007 2244 1105 2287 (μιᾶς
1136 2229 1365 2294 indagines

98 2297 259 2360 futurae
286 2298 550 2360 poscebant,
570 2300 841 2346 internarum
867 2301 1038 2347 cladum
1063 2301 1161 2349 litui
1184 2302 1270 2364 jam
1294 2303 1366 2349 so-

98 2370 276 2416 nabant.
293 2372 349 2417 Et
367 2371 469 2434 quia
488 2372 640 2422 fablere
668 2388 760 2418 non
793 2373 937 2419 minus
965 2374 1166 2432 videtur,
1191 2375 1268 2437 qui
1287 2392 1364 2436 ge-

100 2442 169 2494 sta
193 2442 386 2505 praeterit
420 2443 558 2494 sciens
575 2481 588 2505 ‚
612 2462 741 2509 quam
764 2445 836 2492 ille
851 2482 864 2506 ‚
885 2445 962 2510 qui
995 2464 1223 2510 nunquam
1261 2445 1370 2494 facta
