1626 2917
519 160 788 209 VITA.
1247 171 1323 213 xv

39 283 313 334 utrumque,
344 267 677 316 Nazianzenum
721 269 771 316 &
809 266 1086 332 Nyffenum‚
1121 266 1328 331 Epipha-

41 337 199 394 nium,
229 334 491 389 Lffianium,
514 333 809 391 Musonium,
832 303 1153 392 Jamblichu'm,
1176 337 1326 381 Euna-

41 401 195 464 pium,
213 399 541 454 Themistium‚
565 399 764 462 aliosque
785 415 878 444 non
904 415 1102 460 paucos.
1127 415 1328 462 quorum

44 465 247 530 plerique
277 464 573 529 dignitatibus
594 465 645 511 &
672 463 1129 511 administrationibus
1149 465 1239 513 five
1261 482 1328 512 ci-

45 530 238 588 vilibus,
266 531 360 578 sive
389 529 692 576 ecclesiasticis
724 530 992 576 claruerunt.

45 602 85 642 ἓ
88 595 310 643 Amicos
346 595 570 658 praecipue
605 594 748 641 coluit
777 594 1031 641 Ursicinum
1065 594 1328 653 Comitem,

45 663 96 709 &
114 660 355 724 Magisterii
374 659 589 723 dignitate
609 658 743 706 toties
765 659 1122 720 praepollentem,
1144 672 1193 706 ut
1208 660 1328 718 dixi3

46 726 297 790 Hypatium
326 738 564 788 praeterea,
584 723 706 770 urbis
735 740 787 769 ac
810 724 1014 771 Praetorii
1043 724 1331 783 Ρτεεῖεξὶυιῃ,

47 790 344 838 Consularem
366 791 416 836 ὅ(
436 788 690 836 Constantii
718 790 830 851 Aug.
861 789 1089 851 quondam
1118 791 1328 849 affinem,

49 856 104 902 de
123 873 218 915 quo
247 856 308 902 ita
335 855 411 902 lib.
437 855 630 901 ΧΧΙΧ.
657 856 773 899 Inter
797 871 900 913 quos
931 873 1069 900 om‘zes
1093 857 1329 917 adolesoen

49 924 110 968 tia
128 919 171 967 δ’
185 923 379 968 virtutum
393 921 698 980 pulchritudine
720 922 1059 964 commendabilis
1078 923 1208 992 noster
1229 924 1331 968 Ην·

42 989 192 1047 patius
208 987 442 1032 eminebat·
421 1020 438 1040 ,
471 983 549 1029 ubi
572 983 626 1029 de
646 999 703 1029 eo
726 983 864 1045 plura.
900 983 1050 1030 Cum
1039 997 1175 1047 igitur
1198 986 1332 1031 uber

48 1050 166 1098 rimo
197 1050 281 1096 illo
313 1049 594 1095 eruditorum
628 1047 811 1105 seculo,
835 1059 905 1094 tot
932 1049 1162 1112 Principes
1195 1049 1331 1097 fuerit

43 1112 277 1172 emensus,
305 1113 441 1160 toties
475 1129 543 1159 res
569 1113 798 1160 translatas
819 1113 1087 1169 viderit,1is
1120 1115 1333 1162 interfue-

8 1228 12 1230 ,
47 1181 105 1226 rit
123 1179 197 1226 vir
213 1179 402 1236 doetus,
421 1178 646 1237 eruditus,
673 1180 869 1240 probus,
891 1149 1130 1240 specimus,
1150 1183 1333 1228 &con-

3 1235 11 1244 Χ
49 1244 326 1291 summatus:
360 1260 454 1289 non
488 1243 638 1305 potuit
670 1260 765 1289 non
799 1243 1109 1291 foecundum
1098 1247 1331 1309 ingenium

49 1309 104 1356 ad
138 1308 363 1355 historiam
394 1308 667 1355 icribendam
699 1308 899 1356 attulifie

126 1376 298 1421 Natura
332 1373 467 1419 etiam
499 1373 729 1434 probum,
762 1373 861 1420 veri
897 1385 1140 1421 amatorem
1164 1410 1178 1433 ,
1211 1376 1333 1439 aequi

52 1438 254 1501 bonique
287 1436 534 1484 studiosum
564 1436 721 1494 fuisse,
752 1454 809 1483 ex
846 1437 939 1499 ejus
976 1452 1157 1501 apparet
1191 1440 1335 1487 histo-

51 1503 151 1558 ria,
179 1501 446 1565 prorsusque
478 1501 675 1548 alienum
707 1502 763 1548 ab
797 1503 926 1549 omni
956 1505 1092 1559 odio,
1123 1505 1268 1552 invid'.
1260 1523 1331 1563 a,

50 1566 327 1625 ambitione,
345 1567 637 1614 adulatione:
666 1568 870 1630 adeoque
894 1585 962 1615 res
990 1568 1126 1631 gestas
1147 1569 1334 1635 (lilioen-

50 1642 118 1678 ter
145 1648 199 1679 ac
229 1632 468 1695 prudenter
498 1631 676 1689 scribit,
703 1632 894 1680 virtutes
924 1636 1250 1708 Imperatorum
1277 1653 1331 1684 ac

51 1696 268 1753 Ducum,
303 1713 367 1742 rei
399 1696 602 1744 militaris
639 1713 813 1744 errores
847 1699 987 1759 perite
1020 1699 1250 1758 revincit,
1282 1703 1334 1749 &

52 1761 162 1809 vitia
189 1761 451 1824 Principum
484 1762 619 1808 libere
650 1761 739 1810 &
729 1779 919 1825 mgenue
951 1778 1069 1810 rete
1047 1764 1141 1826 bit,
1170 1777 1220 1812 ut
1252 1766 1335 1829 qui

52 1825 200 1873 stilum
218 1826 510 1873 admoverint
534 1827 707 1874 felicius
729 1828 975 1875 narrationi
1005 1846 1103 1875 reru
1108 1846 1149 1876 m
1164 1865 1176 1888 ‚
1202 1831 1335 1893 pauci

49 1891 189 1938 hodie
220 1890 465 1954 supersint3
497 1908 580 1939 nec
614 1893 821 1956 indignus
859 1893 1088 1950 videatur,
1118 1894 1196 1957 qui
1230 1913 1334 1943 cum

53 1955 285 2014 Sallustio,
304 1956 466 2014 Livio,
485 1957 730 2014 Cornelio,
747 1958 1006 2022 quadrigam
1024 1959 1175 2005 histor
1183 1977 1218 2006 ae
1239 1962 1337 2009 Ro-

53 2037 196 2068 manae
229 2023 279 2070 &
309 2021 477 2069 Latinae
512 2023 767 2071 constituat.
819 2024 935 2070 Nam
972 2024 1107 2071 ceteri
1139 2025 1334 2074 vitarum

51 2086 104 2134 &
118 2085 416 2149 epitomarum
436 2086 698 2149 scriptores,
716 2089 832 2136 inter
850 2088 1136 2138 secundarios
1156 2092 1206 2139 &
1222 2107 1333 2154 pro-

50 2150 233 2198 letarios
262 2151 482 2199 referendi
510 2153 611 2199 sunt
637 2153 804 2215 potius.

119 2216 376 2287 Reliquerat
393 2230 538 2264 autem
565 2234 714 2265 rerum
736 2218 955 2282 gestarum
981 2219 1121 2267 libros
1142 2221 1335 2281 XXXI,

52 2277 103 2326 id
117 2280 178 2326 est
189 2297 317 2341 ,ejus
336 2281 534 2329 historiae
552 2282 704 2329 seriem
724 2284 864 2330 fuerat
884 2286 1177 2347 complexus,
1195 2303 1331 2349 quam

52 2344 256 2392 omnium
286 2346 479 2393 maxime
501 2347 712 2394 intererat
742 2348 906 2396 salvam
933 2367 1224 2411 permanere:
1259 2350 1334 2397 sed

51 2408 155 2457 libri
176 2411 279 2458 X111
299 2412 472 2472 priores
499 2412 824 2471 desiderantur,
853 2432 1018 2478 magno
1047 2416 1212 2462 veteris
1240 2432 1331 2461 me-

54 2474 213 2522 moriae
249 2476 445 2538 damno,
479 2479 605 2542 quod
640 2481 723 2527 vix
760 2479 939 2527 aliunde
977 2479 1130 2529 sarciri
1171 2480 1330 2545 potest,-
