1626 2917
378 179 594 228 RERUM
628 179 967 227 GE-STARUM
1000 181 1104 228 LlB.
1139 181 1262 228 XIV.
1395 197 1456 243 27

187 285 370 334 diversis
396 286 652 333 civitatibus
676 287 803 333 multi
824 323 839 345 ‚
875 287 952 350 qui
971 287 1193 335 atrocium
1217 286 1458 336 criminum

186 360 462 430 ponderibus
479 363 760 425 urgebantur.
791 363 974 426 Jamque
992 362 1110 409 lituis
1134 362 1325 409 cladium
1346 378 1460 409 con-

187 436 473 497 crepantibus
501 437 775 484 internarum
796 473 810 495 ,
847 454 942 484 non
980 437 1118 485 celate
1143 473 1158 496 ,
1206 449 1256 485 ut
1292 449 1421 484 antea
1441 472 1457 495 ,

186 508 413 557 turbidum
433 510 642 558 saeviebat
659 511 889 575 ingenium
903 547 918 570 ‚
939 528 964 558 a
982 511 1078 560 veri
1097 511 1459 559 consideratione

186 580 412 628 detortum
436 600 447 630 ε
477 584 528 631 δι
558 583 686 629 nullo
722 582 1035 646 impositorum
1064 583 1138 632 vel
1177 583 1460 646 composito-

183 669 283 700 rum
318 652 451 702 fidem
484 655 742 703 solemniter
765 655 1019 721 inquirente
1040 693 1054 716 ‚
1079 673 1163 705 nec
1183 656 1460 704 discernente

183 745 209 774 a
241 726 447 777 societate
484 730 730 776 noxiorum
759 729 986 787 insontes,
1018 729 1144 776 velut
1174 729 1459 777 exturbatum

184 818 209 847 e
236 800 413 862 judiciis
448 801 511 850 fas
542 819 677 850 omne
700 802 914 849 disceffit:
941 804 991 851 &
1019 802 1243 850 causarum
1262 803 1463 866 legitima,

183 874 339 922 filente
372 875 655 934 defensione,
687 874 886 923 carnifex
916 874 1169 938 rapinarum
1199 874 1420 938 sequester
1441 911 1459 933 ,

186 952 236 997 ὃ(
253 950 467 997 obduffio
484 950 676 1013 capitum
692 986 705 1007 ‚
727 951 775 997 δε
796 949 1023 996 bonorum
1039 949 1205 1013 ubique
1223 949 1458 995 muffiatio

184 1021 441 1069 versabatur
471 1039 550 1085 per
578 1021 818 1069 orientales
846 1021 1131 1085 provincias:
1154 1038 1262 1085 quas
1297 1038 1459 1069 recen-

185 1094 276 1140 sere
303 1107 415 1157 puto
450 1111 571 1141 nunc
606 1106 917 1157 opportunum
944 1129 958 1151 ‚
996 1092 1156 1156 absque
1193 1093 1458 1156 Mesopota-

183 1166 272 1212 mia
294 1201 309 1225 ,
339 1165 423 1228 jam
444 1167 604 1231 digesta
623 1203 636 1224 ,
657 1184 757 1215 cum
788 1166 901 1214 bella
932 1166 1135 1214 Parthica
1163 1167 1418 1215 dicerentur
1441 1203 1458 1225 ‚

184 1239 235 1286 ὃ(
249 1240 468 1302 AEgypro,
487 1257 619 1302 quam
638 1239 878 1286 necessario
896 1239 1014 1286 aliud
1033 1237 1165 1299 rejeci
1182 1239 1235 1285 ad
1257 1251 1450 1302 tempus.

250 1314 364 1358 vul.
385 1313 607 1375 Superatis
636 1312 775 1360 Tauri
809 1312 976 1359 montis
1005 1311 1250 1360 verticibus
1266 1348 1280 1371 ‚
1302 1313 1379 1375 qui
1400 1312 1457 1359 ad

184 1381 290 1429 solis
325 1397 475 1430 ortum
511 1383 738 1429 sublimius
772 1384 1039 1430 attolluntur
1064 1420 1077 1442 ,
1110 1384 1271 1432 Cilicia
1307 1384 1459 1448 spatiis

185 1455 433 1517 porrigitur
460 1455 769 1509 latef'distentis
787 1492 800 1513 ‚
831 1457 957 1503 dives
978 1456 1110 1503 bonis
1139 1456 1350 1504 omnibus
1370 1470 1458 1504 ter-

186 1544 234 1573 ra
256 1545 267 1573 :
289 1527 468 1590 ejusque
491 1528 618 1575 lateri
637 1530 797 1575 dextro
819 1547 993 1577 annexa
1014 1530 1173 1577 Isauria
1189 1566 1203 1589 ‚
1227 1531 1322 1594 pari
1340 1530 1460 1578 sorte

185 1599 311 1646 uberi
328 1600 510 1663 palmite
543 1600 658 1648 viret
685 1603 734 1648 ὅζ
768 1601 965 1664 frugibus
990 1602 1171 1659 multis;
1198 1620 1329 1665 quam
1357 1620 1456 1650 me·
1487 1637 1489 1640 -

184 1673 302 1718 diam
333 1673 579 1736 navigabile
601 1673 767 1720 flumen
785 1675 1069 1738 Calycadnus
1089 1675 1382 1724 interscindit.
1401 1679 1459 1723 Et

173 1746 300 1792 ‘hanc
321 1746 499 1810 quidem
528 1760 688 1810 praeter
722 1746 889 1810 oppida
914 1748 1083 1808 multa,
1117 1750 1216 1796 duae
1251 1749 1457 1797 civitates

185 1832 440 1879 exornant,
469 1821 666 1868 Seleucia
685 1856 698 1876 ‚
728 1838 846 1883 opus
870 1821 1040 1869 Seleuci
1074 1823 1216 1886 regis,
1238 1825 1288 1872 &
1318 1824 1458 1870 Clau-

186 1892 412 1955 diopolis,
434 1910 568 1956 quam
597 1894 782 1940 deduxit
810 1893 1040 1940 coloniam
1061 1895 1273 1941 Claudius
1295 1895 1458 1943 Caesar.

183 1965 342 2012 Isauria
363 1964 480 2011 enim
501 1965 691 2011 antehac
709 1965 899 2012 nimium
918 1978 1101 2029 potens,
1123 1966 1233 2014 olim
1249 1966 1459 2015 subversa

181 2052 232 2085 ut
260 2037 508 2084 rebellatrix
531 2038 813 2084 interneciva
832 2074 845 2094 ,
880 2056 994 2102 aegre
1018 2038 1201 2103 vestigia
1223 2039 1458 2086 claritudi-

184 2111 257 2158 nis.
292 2110 486 2174 pristinae
519 2111 737 2158 monstrat
779 2112 1019 2158 admodum
1056 2130 1208 2176 pauca.
1248 2113 1458 2160 Ciliciam

182 2200 296 2231 vero
314 2219 326 2241 ‚
347 2201 448 2247 quae
476 2185 648 2249 Cydno
680 2201 808 2232 amne
834 2185 1020 2233 exsultat
1043 2222 1057 2243 ,
1088 2186 1252 2235 Tarsus
1287 2187 1460 2234 nobili-

183 2269 272 2314 tat,
292 2257 395 2304 urbs
421 2258 721 2321 perspicabilis
753 2277 764 2305 ε
807 2258 959 2323 (hanc
995 2261 1241 2307 condidisse
1278 2261 1458 2308 Perseus

184 2343 459 2378 memoratur
479 2368 493 2390 ‚
513 2332 638 2379 Jovis
673 2331 790 2378 filius
817 2334 866 2381 &
892 2334 1074 2381 Danaes
1093 2370 1108 2394 ‚
1139 2335 1216 2382 vel
1252 2348 1372 2383 certe
1403 2351 1459 2381 ex

182 2402 413 2465 AEthiopia
448 2404 668 2466 profeftus
696 2404 871 2452 Sandan
908 2406 1092 2470 quidam
1129 2407 1348 2466 nomine,
1383 2407 1457 2454 vir

184 2475 426 2540 opulentus
455 2480 505 2528 &
523 2479 724 2545 nobilis)
761 2483 809 2530 &
827 2481 1084 2531 Anazarbus
1103 2482 1297 2533 ambietis
1317 2498 1458 2533 voca-
