1626 2917
196 222 292 268 ..162
426 216 756 264 AMT-«HANI
799 216 1254 263 MARCELLINI

201 324 448 377 contrarias
476 324 590 385 ripas
617 323 776 369 leniter
810 323 1094 380 incedentes,
1121 325 1196 373 ubi
1228 324 1402 372 nostros
1423 325 1476 372 fi-

198 418 301 466 gere
319 397 508 444 tentoria
531 397 690 458 procul
713 398 950 445 cernebant
966 435 980 455 ,
1011 399 1088 461 ipsi
1111 416 1294 463 quoque
1324 401 1478 447 nostes

197 473 387 536 agebant
405 468 666 527 exsomnes,
688 470 987 518 custodientes
1005 471 1213 535 pervigili
1232 472 1396 531 studio,
1418 489 1474 520 ne

196 545 403 595 transitus
430 555 688 589 tentaretur.
721 545 890 590 Verum
920 561 1019 591 cum
1049 544 1188 591 nostri
1216 545 1369 592 locum
1400 546 1474 592 ad-

195 630 433 669 ventarent
459 615 714 678 provisum,
747 616 871 663 vallo
906 616 1105 681 foffaque
1139 618 1352 679 quievere
1386 619 1475 665 cir-³

193 690 421 743 cumdati:
453 691 501 736 ὅ(
533 688 671 735 ascito
704 688 929 749 Lupicino
961 689 1007 734 in
1035 690 1297 748 consilium,
1325 691 1474 737 Caesar

195 763 328 812 certis
354 759 591 822 imperavit
624 758 847 815 tribunis,
875 771 923 804 ut
954 770 1237 806 trecentenos
1265 773 1473 823 pararent

193 853 297 885 cum
319 834 498 880 sudibus
519 831 678 878 milites
703 831 937 893 expeditos
953 867 966 888 ,
984 831 1093 893 quid
1115 831 1212 894 agi,
1234 848 1390 894 quove
1416 833 1474 880 iri

193 910 376 958 deberet
407 906 582 968 penitus
612 904 885 967 ignorantes.
914 905 968 950 Et
997 904 1174 950 colleffl
1205 906 1335 951 noste
1365 922 1474 968 pro-

190 985 346 1040 ·veEla,
366 979 650 1043 impositique
673 994 856 1034 omnes,
883 995 998 1040 quos
1018 977 1191 1024 lusoriae
1210 995 1343 1025 naves
1367 997 1474 1042 qua-

191 1056 423 1120 draginta,
444 1069 543 1114 quae
566 1063 674 1097 tunc
696 1051 875 1097 aderant
905 1050 1032 1108 solae,
1055 1064 1296 1113 ceperunt,
1318 1052 1474 1099 decur-

188 1146 289 1178 rere
310 1127 520 1189 jubentur
541 1140 619 1186 per
639 1122 806 1169 flumen
829 1124 941 1170 adeo
970 1125 1122 1181 taciti,
1142 1138 1191 1170 ut
1210 1125 1340 1172 etiam
1361 1125 1472 1173 remi

189 1200 586 1265 suspenderentur,
614 1212 668 1242 ne
701 1195 912 1241 barbaros
936 1194 1105 1241 sonitus
1138 1197 1354 1243 excitaret
1381 1215 1471 1243 un-

189 1278 378 1324 darum:
400 1284 531 1334 atque
560 1269 720 1317 mentis
751 1269 943 1333 agilitate
974 1271 1022 1317 ὅ(
1056 1287 1330 1333 corporum,
1363 1272 1471 1320 dum

189 1349 341 1399 hostes
376 1346 632 1393 nostrorum
665 1343 787 1407 ignes
821 1343 1092 1402 observant,
1125 1346 1332 1394 adversas
1366 1364 1470 1408 pet-

186 1435 397 1482 rumpere
415 1416 566 1462 limitis
585 1415 715 1477 ripas.
744 1416 869 1461 Dum
889 1415 984 1462 haee
1007 1417 1282 1475 celei-antur,
1304 1420 1469 1466 Horta-

188 1494 283 1542 rius
320 1509 398 1538 rex
434 1489 566 1536 nobis
600 1501 726 1534 antea
769 1487 1014 1535 foederatus
1038 1525 1052 1547 ,
1088 1506 1194 1535 non·
1218 1504 1470 1538 novaturus

187 1566 421 1633 quaedam,
454 1564 526 1610 sed
559 1562 725 1609 amicus
757 1561 955 1610 finitimis
985 1581 1169 1628 quoque
1202 1565 1314 1624 suis,
1345 1583 1470 1630 reges

187 1657 371 1696 omnes,
393 1641 441 1686 &
459 1637 648 1701 regales,
671 1638 719 1684 δέ
737 1637 916 1700 regulos
938 1638 992 1684 ad
1012 1639 1284 1685 convivium
1309 1657 1468 1687 corro-

187 1728 314 1781 gatos
336 1713 547 1770 retinuit,
571 1711 712 1775 epulis
734 1710 925 1773 adusque
949 1711 1145 1774 vigiliam
1169 1713 1341 1759 tertiam
1358 1730 1468 1777 gen-

185 1788 254 1836 tili
273 1803 400 1833 more
424 1785 644 1832 extentis:
668 1800 782 1847 quos
810 1784 1080 1830 discedentes
1103 1784 1233 1842 inde,
1257 1786 1359 1832 casu
1377 1804 1467 1834 no-
1513 1781 1518 1788 ’

185 1860 259 1907 stri
278 1877 329 1906 ex
349 1857 600 1922 improviso
621 1857 796 1915 adorti,
817 1874 899 1903 nec
920 1854 1194 1915 interficere,
1215 1875 1298 1905 nec
1318 1860 1466 1906 corri-

181 1950 290 1997 pere
316 1932 411 1977 ullo
432 1947 590 1995 genere
622 1942 894 1994 potuerunt,
912 1931 1193 1977 tenebrarum
1215 1948 1466 1995 equorum-

183 2022 272 2068 que
289 2003 546 2064 adjumento
558 2040 571 2061 ,
589 2021 684 2067 quo
704 2004 864 2051 dubius
882 2003 1072 2066 impetus
1087 2005 1210 2050 trusit
1225 2006 1461 2068 abreptos:

181 2079 298 2124 lixas
319 2093 432 2123 vero
453 2076 527 2123 vel
549 2076 729 2134 servos,
750 2076 827 2140 qui
847 2092 925 2123 eos
939 2077 1125 2139 pedibus
1148 2076 1461 2139 sequebantur,

181 2150 260 2197 nifi
298 2165 412 2211 quos
444 2149 608 2195 exemit
644 2149 896 2196 discrimine
932 2149 1147 2211 temporis
1183 2150 1428 2200 obscuritas
1443 2189 1462 2213 ,

181 2222 462 2270 occiderunt.
479 2221 682 2285 Cognito
705 2222 894 2284 denique
915 2222 1230 2268 Romanorum
1248 2223 1459 2284 transitu,

179 2297 259 2360 qui
279 2309 565 2358 tunc.perque
584 2296 894 2358 expeditiones
912 2295 1150 2357 praeteritas
1171 2296 1230 2342 ibi
1252 2297 1460 2346 levamen

181 2371 353 2419 sumere
383 2370 586 2417 laborum
623 2371 954 2433 opinabantur,
976 2371 1051 2416 ubi
1080 2371 1248 2417 hostem
1279 2373 1461 2418 contin-

181 2457 302 2508 geret
322 2443 542 2490 inveniri:
564 2443 746 2505 perculsi
770 2459 889 2506 reges
912 2459 1158 2505 eorumque
1177 2444 1357 2506 populi,
1377 2442 1458 2507 qui

179 2529 397 2582 pontem,
421 2531 476 2563 ne
509 2516 772 2578 strueretur,
799 2515 943 2564 studio
976 2515 1210 2566 servabant
1243 2517 1419 2564 intento
1437 2550 1455 2576 ,
