1626 2917
304 186 524 238 RERUM
559 190 901 237 GESTARUM
937 184 1038 236 LIB.
1070 184 1175 237 XV.
1325 193 1382 252 65

109 289 225 341 adeo
249 305 298 340 ut
328 310 429 340 eum
454 292 793 357 obsequentium
823 311 921 357 pars
945 295 1184 352 desereret,
1214 296 1319 345 licet
1338 299 1385 345 in

113 364 364 429 periculum
401 365 676 413 festinantem
716 368 970 430 abruptum.
1010 368 1203 416 Insidens
1239 369 1389 432 itaque

113 437 328 485 vehiculo
342 472 357 495 ,
379 455 478 484 cum
501 438 698 502 speciosa
719 439 881 487 fiducia
903 443 1199 489 contuebatur
1219 443 1393 490 acribus

115 511 260 582 oculis
307 512 672 572 tumultuantium
716 515 914 579 undique
955 530 1204 563 cuneorum
1249 517 1393 565 veluti

116 584 386 648 serpentium
422 584 604 632 vultus:
638 586 949 650 perpessusque
984 588 1124 635 multa
1162 589 1251 636 dici
1285 605 1397 652 pro-

114 658 268 715 brosa,
301 658 500 723 agnitum
532 659 756 722 quendam
786 659 902 706 inter
949 660 1062 706 alios
1096 661 1397 721 eminentem,

117 731 231 779 vasti
259 731 492 794 corporis,
529 731 741 794 rutilique
777 733 957 795 capilli,
990 726 1313 797 interrogavit,
1339 752 1394 782 an

117 801 210 864 ipse
238 802 340 849 effet
359 804 515 850 Petrus
534 804 832 850 Valvomeres
848 838 862 862 ,
892 816 943 851 ut
967 806 1197 863 audierat,
1219 823 1396 869 cogno-

115 886 272 919 mento
293 892 303 920 :
325 891 540 939 eumque,
562 893 663 922 cum
684 875 768 921 effe
794 874 908 921 sono
930 876 1221 938 respondisset
1238 877 1396 939 objur-

120 945 328 1010 gatorio,
368 962 418 994 ut
449 946 760 994 seditiosorum
794 947 1128 1010 antesignanum
1170 948 1279 994 olim
1318 948 1395 994 fibi

119 1031 431 1080 compertum,
453 1019 796 1066 reclamantibus
821 1020 1002 1077 multis,
1034 1019 1134 1082 post
1161 1033 1282 1085 terga
1307 1040 1400 1068 mei-⁴

118 1091 247 1138 nibus
266 1091 426 1141 vinetis
447 1091 652 1154 suspendi
682 1093 908 1155 praecepit.
943 1094 1053 1153 Quo
1077 1094 1177 1140 viso
1198 1095 1396 1155 sublimi,

118 1163 440 1230 tribuliumque
458 1166 762 1228 adjumentum
780 1167 1085 1231 nequidquam
1104 1168 1403 1231 implorante,

118 1236 284 1303 vulgus
305 1255 440 1286 omne
470 1238 606 1301 paulo
630 1251 730 1286 ante
760 1239 1015 1287 confertum
1030 1276 1043 1299 ,
1065 1257 1143 1302 per
1162 1241 1287 1288 varia
1320 1259 1397 1289 ur-

120 1312 189 1360 bis
206 1313 405 1360 membra
423 1312 631 1359 diffusum
653 1312 714 1358 ita
733 1314 942 1372 evanuit,
960 1324 1010 1360 ut
1032 1314 1260 1361 turbarum
1278 1332 1401 1362 acer-2

123 1383 264 1432 rimus
293 1386 528 1443 concitor,
553 1397 765 1447 tanquam
789 1385 835 1431 in
860 1384 1062 1447 judiciali
1095 1385 1266 1433 secreto
1294 1404 1400 1433 exa⁴

121 1459 229 1506 tatis
267 1457 474 1504 lateribus
509 1457 565 1502 ad
597 1456 808 1503 Picenum
847 1457 1111 1518 ejiceretur:
1142 1459 1219 1505 ubi
1251 1460 1409 1521 postea,-

123 1530 253 1581 ausus
278 1529 448 1592 eripere
475 1529 664 1593 virginis
695 1546 790 1576 non
820 1530 1024 1578 obscurae
1049 1532 1268 1594 pudorem
1284 1569 1297 1591 ,
1321 1534 1405 1580 Pa*

125 1601 261 1648 truini
279 1600 524 1648 consularis
545 1600 760 1648 sententia
780 1601 1003 1663 supplicio
1031 1602 1092 1650 est
1121 1604 1300 1666 capitali
1326 1607 1403 1654 ad-

126 1672 283 1724 dietus.
310 1677 414 1724 Hoc
436 1675 767 1723 administrante
787 1676 982 1724 Leontio
999 1711 1014 1733 ,
1040 1675 1243 1723 Liberius
1269 1676 1405 1723 Chri-

127 1748 278 1797 stianae
314 1748 421 1812 legis
453 1741 656 1806 antistes,
688 1766 712 1795 a
740 1747 1010 1794 Constantio
1050 1748 1105 1794 ad
1136 1747 1408 1798 comitatum

129 1820 249 1869 mitti
275 1833 526 1885 praeceptus
552 1821 637 1880 est,
660 1833 871 1884 tanquam
899 1821 1186 1883 Imperatoris
1213 1820 1331 1882 juffis
1358 1825 1408 1870 &

128 1893 428 1958 plurimorum
463 1894 526 1940 sui
556 1893 838 1941 consortium
872 1892 1060 1940 decretis
1088 1892 1328 1952 obsistens,
1360 1894 1408 1940 in

129 1985 179 2016 re
205 1986 340 2032 quam
370 1968 503 2016 brevi
532 1981 659 2015 textu
686 1983 957 2030 percurram.
994 1966 1283 2013 Athanasium
1310 1968 1409 2029 epiar

131 2043 319 2106 scopum
337 2060 392 2089 eo
406 2054 609 2105 tempore
627 2043 746 2104 apud
758 2041 1091 2099 Alexandriam,
1112 2041 1227 2088 ultra
1241 2041 1409 2104 profes-³

132 2111 302 2163 sionem
329 2116 458 2163 altius
483 2116 526 2163 se
553 2115 839 2173 efferentem,
870 2114 1167 2178 sciscitarique
1196 2129 1410 2162 conatum

134 2199 346 2247 externa,
385 2199 433 2234 ut
468 2188 705 2251 prodidere
737 2204 938 2234 rumores
970 2187 1151 2246 assidui,
1185 2200 1329 2234 coetus
1364 2188 1412 2234 in?

135 2277 279 2308 unum
292 2261 495 2324 quaefitus
513 2259 705 2322 ejusdem
724 2260 816 2306 loci
835 2259 1080 2307 multorum
1097 2258 1340 2323 (synodus,
1362 2268 1416 2306 ut

136 2331 395 2396 appellant)
419 2333 619 2380 removit
645 2350 670 2379 a
694 2332 969 2379 sacramento
986 2368 1000 2391 ,
1020 2333 1148 2397 quod
1164 2332 1414 2379 obtinebats

139 2404 386 2454 Dicebatur
408 2408 526 2454 enim
555 2406 835 2455 fatidicarum
857 2406 1045 2453 sortium
1068 2406 1225 2464 fidem,
1251 2423 1414 2469 quaeve

140 2478 368 2542 augurales
394 2479 715 2541 portenderent
744 2479 896 2539 alites,
917 2479 1197 2530 scientiffime
1226 2479 1417 2538 callens,

203 2556 422 2600 Ammian.
442 2555 680 2602 Marcellin.
713 2556 811 2602 Vol.
833 2555 871 2601 l⁶
1186 2554 1231 2612 E⁴
