1626 2917
191 187 280 252 298
379 188 723 235 ΑΜΜῙΑΝΙ
773 188 1276 236 MARCELLINI

186 295 249 342 cit
280 296 396 343 fidus
420 297 619 342 aramum
635 331 649 352 ‚
670 295 879 342 homines
909 296 986 342 alit
1015 296 1177 360 linguis
1199 299 1248 345 ὃ(
1269 297 1472 347 moribus

187 368 402 430 dispares:
424 369 538 414 latus
558 367 652 429 ejus
675 367 918 414 austrinum
950 369 1077 416 molli
1099 370 1354 418 devexitate
1375 371 1472 417 sub-

185 442 378 487 ductum.
407 442 489 487 Per
515 441 611 487 haec
641 439 900 502 amplissima
921 440 1055 502 spatia
1089 441 1253 504 oppida
1274 441 1373 489 sunt
1402 443 1473 488 di-

185 513 325 576 spersa
347 516 617 560 Graecorum
639 529 650 557 ε
670 530 772 576 quae
796 513 951 560 cunita
977 513 1179 560 aetatibus
1200 515 1336 560 variis
1357 532 1475 574 prae-

184 598 252 632 ter
279 603 419 648 pauca
451 585 789 633 Atheniensium
823 585 982 632 coloni
1015 585 1257 632 condidere
1286 586 1476 646 Milesii,

184 658 302 704 inter
339 660 472 707 Jonas
503 660 617 707 alios
648 659 693 704 in
733 659 831 706 Afia
865 676 944 722 per
974 659 1158 705 Nileum
1194 660 1342 707 multo
1371 673 1477 707 ante

185 731 350 789 locati,
369 733 513 780 Codri
547 733 666 779 illius
687 731 857 788 filium,
888 731 967 796 qui
992 731 1033 778 se
1064 749 1149 794 pro
1179 733 1320 795 patria
1352 734 1477 779 bello

185 804 329 852 fertur
353 807 531 853 Dorico
553 805 803 854 devovisse.
836 804 1151 854 Extremitates
1180 818 1326 852 autem
1347 822 1479 853 arcus

185 879 401 942 utrinque
420 892 577 926 tenues
605 881 696 925 duo
717 879 979 942 exprimunt
999 877 1217 940 Bospori,
1242 894 1266 924 e
1294 877 1481 941 regione

187 951 269 998 fibi
297 953 532 1015 oppositi,
565 953 786 1000 Thracius
815 954 863 1000 &
890 952 1188 1000 Cimmericus
1209 969 1219 998 :
1243 951 1324 998 hac
1357 951 1482 999 causa

190 1025 380 1088 Bospori
421 1027 636 1081 vocitati,
667 1027 791 1091 quod
828 1044 908 1090 per
948 1043 1027 1073 eos
1064 1026 1293 1089 quondam
1330 1025 1484 1073 Inachi

190 1097 280 1144 filia
313 1112 481 1146 mutata
499 1136 512 1157 ‚
536 1113 586 1147 ut
614 1114 760 1159 poetae
795 1100 1074 1161 loquuntur,
1116 1099 1162 1146 in
1197 1099 1365 1147 bovem
1388 1135 1400 1157 ‚
1429 1099 1485 1146 ad

190 1189 312 1218 mare
346 1172 527 1220 Ionium
560 1174 822 1234 permeavit.
858 1175 1078 1220 Dextram
1109 1172 1244 1235 igitur
1271 1172 1486 1219 inflexio-

192 1262 294 1292 nem
319 1244 511 1306 Bospori
531 1245 712 1292 Thracii
743 1244 910 1307 excipit
944 1244 1171 1308 Bithyniae
1191 1244 1304 1290 latus
1320 1281 1331 1299 ,
1352 1263 1483 1307 quam

194 1329 373 1363 veteres
400 1317 555 1363 dixere
580 1317 882 1379 Mygdoniam
904 1335 915 1362 z
935 1316 981 1360 in
1003 1332 1092 1377 qua
1110 1315 1295 1379 Thynia
1319 1318 1366 1363 δέ
1386 1318 1488 1364 Ma-

192 1389 406 1435 riandena
437 1389 538 1435 sunt
570 1389 807 1452 regiones,
831 1390 882 1435 ὅ(
914 1387 1084 1450 Amyci
1112 1386 1282 1434 saevitia
1311 1388 1489 1453 Bebry-

195 1478 268 1509 ces
301 1461 467 1508 exemti
503 1461 670 1517 virtute
702 1460 925 1515 Pollucis,
959 1473 1219 1521 remotaque
1251 1460 1410 1518 statio,
1440 1462 1488 1508 in

193 1551 284 1598 qua
324 1534 572 1581 volitantes
604 1533 841 1580 minaciter
882 1533 1095 1597 harpyias
1134 1532 1330 1580 Phineus
1367 1545 1490 1581 vates

193 1607 437 1654 horrebat:
461 1624 537 1669 per
560 1623 663 1669 quae
685 1607 817 1654 litora
839 1608 884 1652 in
919 1607 1034 1652 finus
1055 1605 1285 1668 oblongos
1303 1621 1491 1654 curvata

195 1679 430 1742 Sangarius
452 1680 502 1726 &
532 1679 705 1742 Phyllis
720 1714 733 1734 ‚
754 1680 804 1726 &
822 1679 946 1725 Bizes
967 1681 1014 1726 &
1036 1678 1212 1724 Rhebas
1233 1677 1367 1725 fluvii
1386 1679 1491 1725 fun-

197 1752 366 1801 duntur
385 1751 430 1797 in
452 1752 617 1798 maria:
638 1752 800 1815 quihus
819 1751 1128 1798 controversae
1147 1764 1372 1798 extraneae
1391 1752 1492 1800 sunt

198 1823 541 1887 Symplegades,
575 1825 740 1888 gemini
778 1825 954 1887 scopuli
983 1825 1028 1870 in
1066 1824 1260 1872 vertices
1291 1824 1493 1888 undique

198 1898 395 1962 porreffli
416 1898 621 1960 diruptos
638 1935 651 1957 ‚
678 1898 830 1946 assueti
849 1898 1003 1961 priscis
1024 1897 1182 1944 seculis
1202 1898 1389 1944 obviam
1411 1898 1490 1946 sibi

200 1989 305 2019 cum
339 1972 572 2019 horrendo
601 1972 780 2036 fragore
814 1971 983 2019 collisis
1014 1971 1211 2018 molibus
1245 1971 1381 2028 ferri,
1416 1988 1492 2018 ce-

202 2045 443 2109 dentesque
474 2047 691 2110 retrorsus
723 2045 812 2093 acri
842 2045 1000 2093 affultu
1022 2046 1076 2092 ad
1100 2062 1150 2092 ea
1178 2045 1373 2102 reverti,
1392 2062 1495 2108 quae

200 2119 442 2183 pulsarant.
481 2121 562 2166 Per
591 2121 667 2168 has
699 2120 910 2167 saxorum
948 2119 1266 2166 dehiscentium
1296 2134 1495 2165 concur-

202 2192 484 2254 santiumque
514 2194 800 2251 crebritates,
821 2193 848 2239 fi
880 2193 1011 2240 etiam
1041 2193 1128 2239 ales
1154 2191 1498 2252 intervolass'et,

205 2267 330 2314 nulla
370 2266 594 2313 celeritate
623 2267 859 2330 pinnarum
896 2267 1006 2330 eripi
1041 2279 1247 2330 poterat,
1280 2265 1390 2330 quin
1424 2265 1497 2310 in·

204 2340 358 2388 teriret
399 2340 617 2402 oppressa.
654 2341 711 2386 Hi
744 2341 918 2403 scopuli
957 2358 1056 2387 cum
1079 2357 1156 2386 eos
1175 2341 1297 2403 Argo
1317 2377 1334 2396 ,
1354 2339 1497 2401 prima

208 2412 417 2460 omnium
442 2412 570 2460 navis
588 2448 601 2469 ‚
624 2414 829 2460 Colchos
851 2414 904 2460 ad
925 2413 1224 2475 direptionem
1246 2413 1364 2458 aurei
1391 2427 1498 2474 pro·

208 2504 370 2553 perans
389 2487 565 2538 velletis
582 2523 597 2549 ‚
617 2487 875 2553 praeteriss‘et
894 2487 1108 2549 innoxia,
1127 2486 1383 2535 immobiles
1399 2497 1498 2533 tur-
