1626 2917
240 126 322 172 DE
352 125 660 200 ODoACRE
685 125 1099 174 THEODERICO
1126 141 1239 176 ETc.
1290 141 1379 190 315

113 231 184 278 dia
219 232 273 278 ad
309 233 614 295 Baptisterium
646 234 865 281 Ecclefiae.
917 235 1016 281 Rex
1055 250 1168 282 vero
1199 235 1386 281 vocavit

38 366 40 370 .
112 305 347 351 Eusebium
369 305 624 368 praefeihtm
642 306 762 353 urbis
780 306 958 364 Ticini,
978 309 1032 354 &-
1047 307 1249 354 inaudito
1266 309 1386 353 Boe-

112 379 239 438 thio,
257 380 447 442 protulit
469 381 516 426 in
535 397 636 427 eum
654 381 929 429 sententiam.
962 381 1056 442 Qui
1073 397 1182 427 mox
1204 380 1248 425 in
1275 396 1385 443 agro

109 453 409 500 Calventiano
424 489 437 511 ,
457 453 534 500 ubi
553 453 599 499 in
621 454 820 501 custodia
848 454 1114 513 habebatur,
1141 453 1256 500 misit
1277 468 1385 507 rex,

110 526 162 572 &
177 525 283 573 fecit
301 526 478 574 occidi:
498 526 572 590 qui
592 540 775 590 accepta
789 527 1016 575 chordain
1035 527 1185 575 fronte
1203 525 1388 573 diutiffi-

110 615 182 647 me
209 599 378 668 tortus,
398 599 459 647 ita
486 613 535 646 ut
559 599 681 647 oculi
705 596 799 660 ejus
830 613 1089 663 creparent,
1109 600 1168 647 fic
1195 599 1273 647 sub
1290 612 1386 646 tor-

109 686 260 722 menta
279 675 334 721 ad
349 674 554 722 ultimum
567 693 694 733 ‚cum
712 675 825 722 fuste
845 675 1082 723 occiditur.
1099 674 1291 721 Rediens
1305 673 1388 736 igi-

109 761 182 794 tur
200 764 277 793 rex
291 748 578 805 Ravennam,
599 747 787 793 trauans
811 762 907 793 non
929 761 975 793 ut
992 746 1082 794 Dei
1103 745 1270 792 amicus
1284 780 1298 802 ,
1314 743 1387 793 sed

108 821 197 884 legi
216 819 315 879 ejus·
333 820 543 867 inimicus
558 855 572 878 ‚
595 820 834 866 immemor
855 820 994 867 fastus
1018 817 1166 866 omnis
1189 817 1284 878 ejus
1304 816 1386 862 be·-

108 893 258 942 neficii
278 896 328 942 &
341 893 508 958 gratiae,
524 894 723 957 quam'ei
744 895 944 953 detsserass
967 892 1199 941 confidens
1222 892 1268 937 in
1288 891 1388 937 bra⁴

109 967 216 1012 chio
253 966 334 1013 suo
352 982 369 1024 ‚⁷
397 966 502 1029 item
527 967 737 1023 credens,
766 967 888 1029 quod
925 984 1026 1013 eum
1055 965 1384 1029 pertimesceret

107 1039 298 1087 Jnflinus
319 1041 586 1100 Imperator,
604 1037 784 1084 mittens
812 1040 860 1085 δε
891 1055 1090 1085 evocans
1117 1040 1383 1084 Ravennam

108 1113 348 1160 Jahannem
385 1110 496 1157 sedis
529 1110 789 1172 apostolicae
820 1111 1047 1173 praesulem
1069 1147 1080 1167 ‚
1107 1112 1156 1157 δε
1190 1108 1298 1154 dicit
1327 1107 1382 1153 ad

106 1203 208 1233 eum
226 1203 244 1232 ·:
263 1183 456 1231 Ambula
486 1183 938 1245 Constantinopolim
969 1184 1023 1230 ad
1049 1182 1263 1230 Justinum
1292 1183 1382 1226 Im-

105 1271 386 1322 perator-em,v
401 1257 451 1304 &
473 1255 544 1302 dic
567 1255 608 1302 ei
626 1255 742 1301 inter
762 1256 843 1303 alia
858 1269 932 1314 ,ut
955 1253 1271 1304 reconciliatos
1285 1253 1382 1298 haed

103 1330 270 1376 reticos
298 1329 346 1375 in
376 1327 612 1375 Catholica
647 1327 843 1374 restituat
876 1325 1107 1389 religione.
1139 1325 1228 1371 Cui
1264 1342 1377 1387 papa

104 1403 330 1449 Iohannes
349 1400 411 1446 ita
430 1398 686 1461 respondit:
711 1397 854 1457 Quod
879 1397 1073 1445 fafiturus
1099 1413 1166 1455 es,
1185 1413 1293 1455 rex,
1314 1396 1384 1442 fa·-

105 1474 199 1520 cito
227 1472 371 1520 citius.
402 1474 519 1518 Ecce
548 1470 596 1516 in
623 1469 864 1531 conspe&u
895 1481 976 1516 tuo
1003 1466 1143 1516 adsto.
1169 1470 1272 1514 Hoc
1295 1467 1382 1514 tibi

105 1562 192 1609 ego
223 1561 318 1591 non
341 1543 560 1606 promitto
590 1559 660 1589 me
696 1542 940 1601 fafiturum,
970 1558 1053 1588 nec
1084 1539 1146 1587 illi
1181 1541 1381 1587 diffiturus

105 1620 214 1665 sum.
233 1618 349 1663 Nam
363 1615 408 1661 in
423 1614 519 1661 aliis
538 1613 688 1672 causis,
708 1614 869 1677 quibus
890 1613 999 1659 mihi
1017 1612 1276 1673 injunxeris,
1296 1612 1380 1658 ob-

104 1693 245 1738 tinere
264 1690 319 1736 ab
347 1689 506 1736 eodem
534 1701 757 1736 annuente
787 1690 892 1736 Deo
913 1699 1090 1750 potero.
1118 1687 1246 1734 Jubet
1266 1701 1378 1749 ergo

101 1780 181 1810 rex
217 1763 354 1809 iratus
388 1777 551 1808 navem
586 1761 851 1823 praeparari,
893 1763 943 1808 &
987 1758 1377 1822 superimpositum

100 1830 204 1881 eum
232 1850 335 1881 cum
356 1832 721 1896 aliisepiscopis,
742 1833 788 1880 id
811 1833 895 1892 est,
926 1832 1170 1879 Ecclesium
1192 1832 1379 1877 Raven-

104 1915 249 1955 natem
287 1910 337 1956 &
367 1907 602 1954 Eusebium
638 1907 910 1964 Fanestrem,
939 1905 1149 1952 Sabinum
1183 1906 1377 1967 Campa-

100 1982 237 2038 numz,
260 1982 308 2028 δε
326 1981 438 2027 alios
463 1981 576 2026 duos
604 1979 820 2037 fimul,-&
839 1980 1074 2025 Senatores
1094 1978 1374 2036 Theodoro,

99 2058 394 2117 Importuno,
427 2052 724 2115 Agapitoq&
754 2052 844 2098 alio
875 2050 1082 2114 Agapito.
1108 2051 1198 2097 Sed
1223 2052 1375 2106 Deus,

99 2128 180 2190 qui
197 2124 348 2174 fideles
373 2125 566 2173 cultores
590 2124 694 2170 suos
713 2140 807 2170 non
827 2123 1011 2181 deserit,
1030 2139 1130 2170 cum
1152 2124 1370 2186 prosperiae

98 2212 189 2246 tate
216 2197 439 2262 perduxit.
472 2196 775 2243 Cui-Justinus
807 2198 1053 2258 Imperator
1084 2195 1284 2242 venienti
1308 2191 1368 2236 ita

99 2271 327 2327 occurrit‚
345 2288 396 2318 ac
424 2269 456 2317 si
481 2271 529 2316 B.
553 2270 711 2315 Petro:
731 2268 804 2315 cui
827 2268 925 2314 data
949 2267 1197 2330 legatione,
1216 2262 1368 2309 omnia

99 2343 348 2404 repromisit
376 2342 619 2397 fafhuum,
652 2353 812 2402 praeter
845 2339 1183 2394 reconciliatos,
1213 2333 1290 2398 qui
1321 2333 1366 2380 se

98 2415 200 2463 fidei
216 2416 464 2465 Catholicae
484 2416 720 2475 dederunt,
736 2413 910 2462 Arianis
930 2413 1097 2462 restitui
1117 2410 1369 2457 nullatenus
