1626 2917
221 192 315 252 148
436 185 1292 239 AMMIANIMARCELLIN'I

214 310 368 362 'patres
382 332 395 355 ‚
415 313 529 360 quos
551 296 646 358 lege
666 294 850 342 foederis
879 295 1182 361 mansuraeque
1201 298 1362 345 diutius
1381 291 1501 362 pacis

220 370 343 419 haud
364 369 630 431 aspernanda
649 367 839 432 pignora
859 370 1129 416 tenebamus.
1149 370 1246 429 Qui
1264 371 1390 418 flexis
1414 388 1502 434 po·-

219 442 405 505 plitibus
425 439 758 504 supplicabant,
780 457 835 487 ne
854 441 1051 488 Romani
1071 441 1312 490 securitatis
1332 444 1502 506 impro-

220 515 342 572 vidi,
362 530 560 577 quorum
580 513 813 561 'fortunam
836 514 1099 577 sempiterna
1118 514 1225 563 fides
1239 517 1367 565 coelo
1386 534 1501 564 con·-

216 590 385 652 tiguam
406 586 513 634 fecit
531 623 544 645 ‚
566 598 713 649 pravo
741 587 1052 651 deciperentur
1078 604 1251 648 errore,
1280 589 1500 653 pafflsque

214 662 396 711 calcatis
426 674 516 707 rem
536 659 826 706 adorirentur
853 659 1092 723 indignam.
1125 662 1291 707 Verum
1323 661 1419 709 haec
1449 663 1500 710 &

217 735 377 782 similia
406 733 646 795 loquentes
678 731 889 779 incass‘um
909 768 923 789 ‚
955 749 1056 779 cum
1093 748 1176 778 nec
1204 731 1500 792 audirentur,

217 823 303 854 nec
322 805 524 869 quietum
541 803 714 867 aliquid
733 804 807 850 vel
829 804 934 850 mite
954 803 1109 851 referri
1127 803 1338 851 sentirent
1351 839 1364 860 ,
1380 802 1501 851 filio-

217 896 319 925 rum
337 878 493 924 flentes
520 877 708 923 exitium
735 876 1044 924 discesserunt:
1065 875 1322 939 hisdemque
1339 876 1501 939 digres-

216 952 272 999 sis
287 987 300 1009 ,
322 968 378 997 ex
399 951 561 998 abdito
592 949 723 998 collis
747 949 995 1014 propinqui
1020 949 1276 997 barbaricus
1296 949 1500 1013 prosiluit

215 1026 379 1089 globus
396 1061 411 1083 ‚
432 1024 727 1087 optimatibus
755 1037 852 1070 tum
877 1023 1019 1069 danda
1042 1022 1245 1085 responsa
1260 1059 1274 1080 ,
1294 1035 1344 1068 ut
1364 1023 1499 1069 intel-

217 1100 298 1163 ligi
333 1100 549 1156 dabatur,
577 1097 847 1160 opperiens:
877 1096 1146 1160 adortusque
1175 1097 1338 1144 milites
1367 1097 1498 1144 semi-

217 1173 368 1219 nudos
385 1208 398 1229 ‚
418 1173 603 1218 humum
635 1170 863 1216 etiamtum
893 1169 1106 1234 gestantes
1123 1206 1136 1228 ,
1162 1169 1378 1232 expeditis
1407 1171 1499 1234 agi·

217 1247 319 1294 liter
351 1246 503 1309 gladiis
527 1245 888 1291 obtruncabant}
919 1244 1036 1291 inter
1058 1261 1175 1306 quos
1208 1244 1337 1291 etiam
1363 1245 1498 1293 duces

214 1319 354 1366 ambo
374 1318 471 1364 sunt
486 1317 597 1364 caefi.
615 1317 712 1364 Nec
729 1317 1003 1363 indicaturus
1021 1317 1136 1380 gesta
1153 1316 1363 1379 superfuit
1379 1318 1498 1381 quis-

217 1409 378 1456 quam,
401 1405 560 1454 praeter
579 1389 813 1454 Syagrium
837 1408 848 1437 ι
874 1389 980 1453 qui,
1004 1389 1156 1436 deletis
1184 1389 1421 1447 omnibus,
1441 1389 1497 1436 ad

216 1465 479 1513 comitatum
501 1462 703 1509 reversus
718 1498 731 1520 ‚
747 1461 852 1509 irati
883 1461 1096 1509 sententia
1120 1461 1339 1524 Principis
1357 1461 1496 1509 sacra-

216 1553 373 1588 mento
398 1548 583 1595 exutus,
605 1537 714 1584 abiit
732 1537 786 1584 ad
813 1536 949 1594 lares,
971 1536 1016 1582 id
1043 1535 1354 1584 commeruisse
1373 1535 1496 1584 saevo

217 1612 436 1676 judicatus
467 1610 683 1667 arbitrio,
714 1610 841 1673 quod
869 1609 1058 1656 evaserit
1089 1609 1222 1658 solus.
1252 1611 1363 1657 Haec
1381 1609 1496 1657 inter

215 1702 296 1749 per
318 1683 508 1730 Galliam
537 1681 886 1731 latrociniorum
919 1681 1061 1728 rabies
1080 1681 1197 1729 saeva
1231 1682 1418 1730 scatebat
1447 1684 1495 1730 in

218 1756 461 1820 perniciem
484 1756 756 1812 multorum,
775 1753 1017 1801 observans
1038 1753 1231 1801 celebres
1249 1754 1342 1802 vias
1356 1790 1369 1812 ‚
1391 1753 1498 1801 fun-

214 1828 410 1891 densque
425 1828 742 1884 indubitanter,
758 1825 975 1890 quidquid
986 1824 1197 1873 inciderat
1208 1825 1497 1875 sruc'luosum.

217 1901 430 1965 Denique
451 1917 608 1963 praeter
627 1900 882 1963 complures
901 1899 1014 1946 alios
1027 1934 1041 1957 ,
1060 1915 1174 1962 quos
1192 1899 1494 1947 absumserunt

214 1975 386 2022 insidiae
404 1974 527 2031 tales,
550 1972 918 2030 Constantianus,
940 1972 1143 2019 tribunus
1161 1971 1331 2031 stabuli,
1349 1972 1496 2035 impe-

217 2061 267 2094 tu
303 2047 362 2094 est
399 2046 672 2094 clandestino
708 2056 946 2107 exceptus,
981 2060 1178 2106 moxque
1210 2043 1497 2104 interfec'tus‚

215 2118 521 2167 Valentiniani
551 2118 718 2175 affinis,
743 2116 939 2164 Cerealis
967 2119 1016 2164 &
1044 2116 1221 2163 Justinae
1248 2133 1495 2180 germanus.

220 2191 282 2239 At
313 2191 500 2253 procul,
521 2203 727 2253 tanquam
756 2190 920 2236 horum
940 2188 1095 2235 similia
1124 2189 1340 2236 cientibus
1365 2187 1494 2236 furiis

220 2281 300 2329 per
321 2280 454 2310 omne
473 2263 610 2321 latus,
630 2261 997 2326 Maratocupreni
1017 2261 1272 2325 grassatores
1291 2261 1493 2311 acerrimi

220 2337 520 2402 vagabantur,
554 2337 646 2383 vici
683 2335 811 2397 hujus
849 2334 1045 2382 nominis
1081 2334 1244 2381 incolae
1286 2335 1330 2381 in
1363 2334 1493 2399 Syria

220 2427 366 2475 prope
392 2409 622 2472 Apamiam
652 2406 815 2471 positi,
845 2407 1031 2454 nimium
1057 2419 1271 2470 quantum
1304 2423 1492 2454 numero

220 2486 271 2533 &
299 2483 526 2547 exquisitis
559 2482 744 2532 fallaciis
778 2482 1077 2530 abundantes:
1108 2479 1301 2544 ideoque
1332 2476 1494 2538 formi-⁴
