<?xml version="1.0" encoding="UTF-8"?>
<!DOCTYPE html PUBLIC "-//W3C//DTD XHTML 1.0 Transitional//EN"
    "http://www.w3.org/TR/xhtml1/DTD/xhtml1-transitional.dtd">
<html xmlns="http://www.w3.org/1999/xhtml" xml:lang="en" lang="en">
 <head>
  <title>
</title>
<meta http-equiv="Content-Type" content="text/html;charset=utf-8" />
  <meta name='ocr-system' content='tesseract 3.04.00' />
  <meta name='ocr-capabilities' content='ocr_page ocr_carea ocr_par ocr_line ocrx_word'/>
</head>
<body>
  <div class='ocr_page' id='page_1' title='image "./rerumgestarumqui00ammiuoft_0182.png"; bbox 0 0 1626 2917; ppageno 0'>
   <div class='ocr_carea' id='block_1_1' title="bbox 155 194 1212 245">
    <p class='ocr_par' dir='ltr' id='par_1_1' title="bbox 155 194 1212 245">
     <span class='ocr_line' id='line_1_1' title="bbox 155 194 1212 245; baseline -0.005 -1"><span class='ocrx_word' id='word_1_1' title='bbox 155 215 237 245; x_wconf 87' lang='lat'>122</span> <span class='ocrx_word' id='word_1_2' title='bbox 357 194 690 244; x_wconf 69' lang='lat' dir='ltr'>AMMIANI</span> <span class='ocrx_word' id='word_1_3' title='bbox 738 195 1212 241; x_wconf 81' lang='lat' dir='ltr'>MARCELLINI</span> 
     </span>
    </p>
   </div>
   <div class='ocr_carea' id='block_1_2' title="bbox 141 298 1443 2562">
    <p class='ocr_par' dir='ltr' id='par_1_2' title="bbox 141 298 1443 2562">
     <span class='ocr_line' id='line_1_2' title="bbox 146 298 1424 367; baseline -0.002 -18"><span class='ocrx_word' id='word_1_4' title='bbox 146 302 297 367; x_wconf 80' lang='lat' dir='ltr'>tiginis</span> <span class='ocrx_word' id='word_1_5' title='bbox 329 301 543 364; x_wconf 87' lang='lat' dir='ltr'>impetum</span> <span class='ocrx_word' id='word_1_6' title='bbox 583 298 860 347; x_wconf 74' lang='lat' dir='ltr'>declinarent</span> <span class='ocrx_word' id='word_1_7' title='bbox 880 335 892 356; x_wconf 91' lang='lat'>‚</span> <span class='ocrx_word' id='word_1_8' title='bbox 922 300 1077 348; x_wconf 82' lang='lat' dir='ltr'>misere</span> <span class='ocrx_word' id='word_1_9' title='bbox 1111 302 1283 365; x_wconf 81' lang='lat' dir='ltr'>legatos</span> <span class='ocrx_word' id='word_1_10' title='bbox 1319 317 1424 348; x_wconf 89' lang='lat' dir='ltr'>cum</span> 
     </span>
     <span class='ocr_line' id='line_1_3' title="bbox 144 371 1423 435; baseline -0.002 -14"><span class='ocrx_word' id='word_1_11' title='bbox 144 375 296 422; x_wconf 87' lang='lat' dir='ltr'>verbis</span> <span class='ocrx_word' id='word_1_12' title='bbox 328 371 589 434; x_wconf 81' lang='lat' dir='ltr'>compositis</span> <span class='ocrx_word' id='word_1_13' title='bbox 610 407 624 430; x_wconf 90' lang='lat'>,</span> <span class='ocrx_word' id='word_1_14' title='bbox 665 387 765 435; x_wconf 83' lang='lat' dir='ltr'>quae</span> <span class='ocrx_word' id='word_1_15' title='bbox 797 372 1110 420; x_wconf 82' lang='lat' dir='ltr'>denuntiarent</span> <span class='ocrx_word' id='word_1_16' title='bbox 1145 373 1423 421; x_wconf 86' lang='lat' dir='ltr'>concordem</span> 
     </span>
     <span class='ocr_line' id='line_1_4' title="bbox 142 445 1423 512; baseline -0.002 -14"><span class='ocrx_word' id='word_1_17' title='bbox 142 450 363 498; x_wconf 81' lang='lat' dir='ltr'>foederum</span> <span class='ocrx_word' id='word_1_18' title='bbox 393 445 641 493; x_wconf 77' lang='lat' dir='ltr'>firmitatem</span> <span class='ocrx_word' id='word_1_19' title='bbox 662 465 672 494; x_wconf 91' lang='lat'>:</span> <span class='ocrx_word' id='word_1_20' title='bbox 691 446 1005 512; x_wconf 88' lang='lat' dir='ltr'>incertumque</span> <span class='ocrx_word' id='word_1_21' title='bbox 1026 465 1118 512; x_wconf 89' lang='lat' dir='ltr'>quo</span> <span class='ocrx_word' id='word_1_22' title='bbox 1139 449 1327 497; x_wconf 81' lang='lat' dir='ltr'>consilio</span> <span class='ocrx_word' id='word_1_23' title='bbox 1349 460 1423 495; x_wconf 88' lang='lat' dir='ltr'>aut</span> 
     </span>
     <span class='ocr_line' id='line_1_5' title="bbox 143 519 1423 584; baseline -0.002 -14"><span class='ocrx_word' id='word_1_24' title='bbox 143 523 347 570; x_wconf 89' lang='lat' dir='ltr'>instituto</span> <span class='ocrx_word' id='word_1_25' title='bbox 380 532 548 568; x_wconf 87' lang='lat' dir='ltr'>mutata</span> <span class='ocrx_word' id='word_1_26' title='bbox 575 519 814 567; x_wconf 78' lang='lat' dir='ltr'>voluntate</span> <span class='ocrx_word' id='word_1_27' title='bbox 834 557 850 578; x_wconf 91' lang='lat'><em>,</em></span> <span class='ocrx_word' id='word_1_28' title='bbox 872 537 952 584; x_wconf 91' lang='lat' dir='ltr'>per</span> <span class='ocrx_word' id='word_1_29' title='bbox 978 520 1092 568; x_wconf 85' lang='lat' dir='ltr'>alios</span> <span class='ocrx_word' id='word_1_30' title='bbox 1125 521 1254 570; x_wconf 85' lang='lat' dir='ltr'>cursu</span> <span class='ocrx_word' id='word_1_31' title='bbox 1289 521 1423 568; x_wconf 86' lang='lat' dir='ltr'>celeri</span> 
     </span>
     <span class='ocr_line' id='line_1_6' title="bbox 142 592 1423 656; baseline 0 -16"><span class='ocrx_word' id='word_1_32' title='bbox 142 594 300 642; x_wconf 87' lang='lat' dir='ltr'>venire</span> <span class='ocrx_word' id='word_1_33' title='bbox 327 592 613 656; x_wconf 88' lang='lat' dir='ltr'>compulsos,</span> <span class='ocrx_word' id='word_1_34' title='bbox 635 592 902 641; x_wconf 88' lang='lat' dir='ltr'>acerrimum</span> <span class='ocrx_word' id='word_1_35' title='bbox 928 593 1090 640; x_wconf 86' lang='lat' dir='ltr'>nostris</span> <span class='ocrx_word' id='word_1_36' title='bbox 1127 592 1284 641; x_wconf 87' lang='lat' dir='ltr'>minati</span> <span class='ocrx_word' id='word_1_37' title='bbox 1320 594 1423 640; x_wconf 87' lang='lat' dir='ltr'>sunt</span> 
     </span>
     <span class='ocr_line' id='line_1_7' title="bbox 141 666 1427 732; baseline -0.004 -15"><span class='ocrx_word' id='word_1_38' title='bbox 141 669 310 717; x_wconf 89' lang='lat' dir='ltr'>bellum</span> <span class='ocrx_word' id='word_1_39' title='bbox 330 705 344 727; x_wconf 89' lang='lat'>,</span> <span class='ocrx_word' id='word_1_40' title='bbox 379 668 425 715; x_wconf 91' lang='lat' dir='ltr'>ni</span> <span class='ocrx_word' id='word_1_41' title='bbox 460 684 618 715; x_wconf 82' lang='lat' dir='ltr'>eorum</span> <span class='ocrx_word' id='word_1_42' title='bbox 640 667 902 732; x_wconf 84' lang='lat' dir='ltr'>regionibus</span> <span class='ocrx_word' id='word_1_43' title='bbox 931 668 1219 716; x_wconf 82' lang='lat' dir='ltr'>exceffiffent.</span> <span class='ocrx_word' id='word_1_44' title='bbox 1249 666 1427 728; x_wconf 85' lang='lat' dir='ltr'>Quibus</span> 
     </span>
     <span class='ocr_line' id='line_1_8' title="bbox 143 741 1429 806; baseline -0.005 -14"><span class='ocrx_word' id='word_1_45' title='bbox 143 744 262 792; x_wconf 88' lang='lat' dir='ltr'>clara</span> <span class='ocrx_word' id='word_1_46' title='bbox 284 741 372 789; x_wconf 88' lang='lat' dir='ltr'>fide</span> <span class='ocrx_word' id='word_1_47' title='bbox 396 741 638 805; x_wconf 85' lang='lat' dir='ltr'>compertis</span> <span class='ocrx_word' id='word_1_48' title='bbox 651 778 663 801; x_wconf 88' lang='lat'>‚</span> <span class='ocrx_word' id='word_1_49' title='bbox 682 741 827 790; x_wconf 80' lang='lat' dir='ltr'>Caesar</span> <span class='ocrx_word' id='word_1_50' title='bbox 846 743 991 806; x_wconf 90' lang='lat' dir='ltr'>prima</span> <span class='ocrx_word' id='word_1_51' title='bbox 1008 742 1153 790; x_wconf 58' lang='lat' dir='ltr'>noctis</span> <span class='ocrx_word' id='word_1_52' title='bbox 1174 741 1323 806; x_wconf 85' lang='lat' dir='ltr'>quiete</span> <span class='ocrx_word' id='word_1_53' title='bbox 1349 758 1429 787; x_wconf 83' lang='lat' dir='ltr'>na-</span> 
     </span>
     <span class='ocr_line' id='line_1_9' title="bbox 143 813 1428 880; baseline -0.002 -18"><span class='ocrx_word' id='word_1_54' title='bbox 143 817 277 879; x_wconf 84' lang='lat' dir='ltr'>vigiis</span> <span class='ocrx_word' id='word_1_55' title='bbox 315 816 507 864; x_wconf 88' lang='lat' dir='ltr'>modicis</span> <span class='ocrx_word' id='word_1_56' title='bbox 542 817 593 864; x_wconf 89' lang='lat'>&amp;</span> <span class='ocrx_word' id='word_1_57' title='bbox 627 816 865 865; x_wconf 88' lang='lat' dir='ltr'>velocibus</span> <span class='ocrx_word' id='word_1_58' title='bbox 896 816 1182 880; x_wconf 74' lang='lat' dir='ltr'>effingentos</span> <span class='ocrx_word' id='word_1_59' title='bbox 1215 813 1428 877; x_wconf 87' lang='lat' dir='ltr'>imposuit</span> 
     </span>
     <span class='ocr_line' id='line_1_10' title="bbox 143 885 1430 953; baseline -0.005 -16"><span class='ocrx_word' id='word_1_60' title='bbox 143 888 308 937; x_wconf 87' lang='lat' dir='ltr'>milites</span> <span class='ocrx_word' id='word_1_61' title='bbox 330 906 342 936; x_wconf 91' lang='lat'><strong>:</strong></span> <span class='ocrx_word' id='word_1_62' title='bbox 362 906 412 936; x_wconf 84' lang='lat' dir='ltr'>ea</span> <span class='ocrx_word' id='word_1_63' title='bbox 435 905 504 946; x_wconf 86' lang='lat' dir='ltr'>re,</span> <span class='ocrx_word' id='word_1_64' title='bbox 525 900 574 935; x_wconf 91' lang='lat' dir='ltr'>ut</span> <span class='ocrx_word' id='word_1_65' title='bbox 599 887 647 936; x_wconf 90' lang='lat' dir='ltr'>vi</span> <span class='ocrx_word' id='word_1_66' title='bbox 666 887 837 953; x_wconf 87' lang='lat' dir='ltr'>ingenti</span> <span class='ocrx_word' id='word_1_67' title='bbox 856 889 1024 937; x_wconf 89' lang='lat' dir='ltr'>sursum</span> <span class='ocrx_word' id='word_1_68' title='bbox 1044 889 1219 937; x_wconf 90' lang='lat' dir='ltr'>versum</span> <span class='ocrx_word' id='word_1_69' title='bbox 1238 885 1430 935; x_wconf 87' lang='lat' dir='ltr'>decurso</span> 
     </span>
     <span class='ocr_line' id='line_1_11' title="bbox 145 959 1432 1026; baseline -0.005 -16"><span class='ocrx_word' id='word_1_70' title='bbox 145 960 322 1026; x_wconf 85' lang='lat' dir='ltr'>egreffi,</span> <span class='ocrx_word' id='word_1_71' title='bbox 350 960 570 1025; x_wconf 87' lang='lat' dir='ltr'>quidquid</span> <span class='ocrx_word' id='word_1_72' title='bbox 592 960 801 1008; x_wconf 84' lang='lat' dir='ltr'>invenire</span> <span class='ocrx_word' id='word_1_73' title='bbox 833 961 1064 1025; x_wconf 88' lang='lat' dir='ltr'>potuerint</span> <span class='ocrx_word' id='word_1_74' title='bbox 1083 997 1099 1021; x_wconf 91' lang='lat'>‚</span> <span class='ocrx_word' id='word_1_75' title='bbox 1134 961 1255 1008; x_wconf 91' lang='lat' dir='ltr'>ferro</span> <span class='ocrx_word' id='word_1_76' title='bbox 1278 959 1432 1008; x_wconf 85' lang='lat' dir='ltr'>viola-</span> 
     </span>
     <span class='ocr_line' id='line_1_12' title="bbox 145 1033 1433 1098; baseline -0.002 -15"><span class='ocrx_word' id='word_1_77' title='bbox 145 1048 247 1083; x_wconf 88' lang='lat' dir='ltr'>rent</span> <span class='ocrx_word' id='word_1_78' title='bbox 275 1037 325 1084; x_wconf 87' lang='lat'>&amp;</span> <span class='ocrx_word' id='word_1_79' title='bbox 362 1034 565 1083; x_wconf 79' lang='lat' dir='ltr'>flammis,</span> <span class='ocrx_word' id='word_1_80' title='bbox 604 1037 716 1095; x_wconf 83' lang='lat' dir='ltr'>Quo</span> <span class='ocrx_word' id='word_1_81' title='bbox 749 1036 810 1083; x_wconf 85' lang='lat' dir='ltr'>ita</span> <span class='ocrx_word' id='word_1_82' title='bbox 843 1035 1058 1098; x_wconf 79' lang='lat' dir='ltr'>disposito</span> <span class='ocrx_word' id='word_1_83' title='bbox 1082 1072 1099 1094; x_wconf 88' lang='lat'><strong><em>,</em></strong></span> <span class='ocrx_word' id='word_1_84' title='bbox 1142 1035 1248 1082; x_wconf 88' lang='lat' dir='ltr'>solis</span> <span class='ocrx_word' id='word_1_85' title='bbox 1283 1033 1433 1098; x_wconf 89' lang='lat' dir='ltr'>primo</span> 
     </span>
     <span class='ocr_line' id='line_1_13' title="bbox 146 1107 1434 1170; baseline -0.002 -15"><span class='ocrx_word' id='word_1_86' title='bbox 146 1121 312 1163; x_wconf 78' lang='lat' dir='ltr'>exortu</span> <span class='ocrx_word' id='word_1_87' title='bbox 331 1107 436 1155; x_wconf 82' lang='lat' dir='ltr'>vifis</span> <span class='ocrx_word' id='word_1_88' title='bbox 455 1124 534 1170; x_wconf 89' lang='lat' dir='ltr'>per</span> <span class='ocrx_word' id='word_1_89' title='bbox 552 1108 777 1155; x_wconf 89' lang='lat' dir='ltr'>montium</span> <span class='ocrx_word' id='word_1_90' title='bbox 799 1108 991 1156; x_wconf 86' lang='lat' dir='ltr'>vertices</span> <span class='ocrx_word' id='word_1_91' title='bbox 1015 1108 1214 1156; x_wconf 84' lang='lat' dir='ltr'>barbaris</span> <span class='ocrx_word' id='word_1_92' title='bbox 1235 1144 1249 1165; x_wconf 95' lang='lat'><strong><em>,</em></strong></span> <span class='ocrx_word' id='word_1_93' title='bbox 1268 1108 1322 1154; x_wconf 87' lang='lat' dir='ltr'>ad</span> <span class='ocrx_word' id='word_1_94' title='bbox 1343 1107 1434 1154; x_wconf 91' lang='lat' dir='ltr'>cel-</span> 
     </span>
     <span class='ocr_line' id='line_1_14' title="bbox 146 1181 1434 1245; baseline -0.002 -15"><span class='ocrx_word' id='word_1_95' title='bbox 146 1183 264 1230; x_wconf 87' lang='lat' dir='ltr'>fiora</span> <span class='ocrx_word' id='word_1_96' title='bbox 292 1181 539 1229; x_wconf 82' lang='lat' dir='ltr'>ducebatur</span> <span class='ocrx_word' id='word_1_97' title='bbox 570 1181 763 1229; x_wconf 85' lang='lat' dir='ltr'>alacrior</span> <span class='ocrx_word' id='word_1_98' title='bbox 794 1182 953 1229; x_wconf 89' lang='lat' dir='ltr'>miles:</span> <span class='ocrx_word' id='word_1_99' title='bbox 990 1182 1208 1245; x_wconf 86' lang='lat' dir='ltr'>nulloque</span> <span class='ocrx_word' id='word_1_100' title='bbox 1240 1181 1434 1228; x_wconf 89' lang='lat' dir='ltr'>invento</span> 
     </span>
     <span class='ocr_line' id='line_1_15' title="bbox 150 1253 1436 1320; baseline -0.002 -18"><span class='ocrx_word' id='word_1_101' title='bbox 150 1256 279 1320; x_wconf 90' lang='lat' dir='ltr'>(hoc</span> <span class='ocrx_word' id='word_1_102' title='bbox 313 1253 529 1316; x_wconf 77' lang='lat' dir='ltr'>siquidem</span> <span class='ocrx_word' id='word_1_103' title='bbox 563 1254 739 1317; x_wconf 88' lang='lat' dir='ltr'>opinati</span> <span class='ocrx_word' id='word_1_104' title='bbox 773 1253 999 1302; x_wconf 85' lang='lat' dir='ltr'>disceffere</span> <span class='ocrx_word' id='word_1_105' title='bbox 1034 1254 1301 1315; x_wconf 85' lang='lat' dir='ltr'>confestim)</span> <span class='ocrx_word' id='word_1_106' title='bbox 1325 1254 1436 1301; x_wconf 89' lang='lat' dir='ltr'>emi-</span> 
     </span>
     <span class='ocr_line' id='line_1_16' title="bbox 150 1326 1435 1391; baseline -0.003 -15"><span class='ocrx_word' id='word_1_107' title='bbox 150 1345 236 1376; x_wconf 88' lang='lat' dir='ltr'>nus</span> <span class='ocrx_word' id='word_1_108' title='bbox 258 1326 453 1391; x_wconf 82' lang='lat' dir='ltr'>ingentia</span> <span class='ocrx_word' id='word_1_109' title='bbox 475 1326 585 1373; x_wconf 90' lang='lat' dir='ltr'>fumi</span> <span class='ocrx_word' id='word_1_110' title='bbox 602 1327 838 1373; x_wconf 88' lang='lat' dir='ltr'>volumina</span> <span class='ocrx_word' id='word_1_111' title='bbox 858 1326 1141 1385; x_wconf 89' lang='lat' dir='ltr'>visebantur,</span> <span class='ocrx_word' id='word_1_112' title='bbox 1164 1327 1435 1384; x_wconf 87' lang='lat' dir='ltr'>indicantia,</span> 
     </span>
     <span class='ocr_line' id='line_1_17' title="bbox 148 1399 1437 1462; baseline -0.003 -13"><span class='ocrx_word' id='word_1_113' title='bbox 148 1400 330 1449; x_wconf 84' lang='lat' dir='ltr'>nostros</span> <span class='ocrx_word' id='word_1_114' title='bbox 358 1411 587 1462; x_wconf 84' lang='lat' dir='ltr'>perruptas</span> <span class='ocrx_word' id='word_1_115' title='bbox 616 1399 824 1462; x_wconf 87' lang='lat' dir='ltr'>populari</span> <span class='ocrx_word' id='word_1_116' title='bbox 849 1411 985 1446; x_wconf 87' lang='lat' dir='ltr'>terras</span> <span class='ocrx_word' id='word_1_117' title='bbox 1011 1399 1205 1446; x_wconf 88' lang='lat' dir='ltr'>hostiles.</span> <span class='ocrx_word' id='word_1_118' title='bbox 1224 1401 1341 1459; x_wconf 83' lang='lat' dir='ltr'>Quae</span> <span class='ocrx_word' id='word_1_119' title='bbox 1366 1416 1437 1446; x_wconf 83' lang='lat' dir='ltr'>res</span> 
     </span>
     <span class='ocr_line' id='line_1_18' title="bbox 148 1471 1437 1536; baseline -0.003 -15"><span class='ocrx_word' id='word_1_120' title='bbox 148 1476 484 1521; x_wconf 89' lang='lat' dir='ltr'>Germanorum</span> <span class='ocrx_word' id='word_1_121' title='bbox 506 1471 697 1534; x_wconf 88' lang='lat' dir='ltr'>perculit</span> <span class='ocrx_word' id='word_1_122' title='bbox 726 1471 904 1518; x_wconf 87' lang='lat' dir='ltr'>animos</span> <span class='ocrx_word' id='word_1_123' title='bbox 921 1508 934 1530; x_wconf 92' lang='lat'>,</span> <span class='ocrx_word' id='word_1_124' title='bbox 959 1484 1090 1536; x_wconf 89' lang='lat' dir='ltr'>atque</span> <span class='ocrx_word' id='word_1_125' title='bbox 1116 1471 1294 1519; x_wconf 85' lang='lat' dir='ltr'>desertis</span> <span class='ocrx_word' id='word_1_126' title='bbox 1327 1471 1437 1518; x_wconf 88' lang='lat' dir='ltr'>infi-</span> 
     </span>
     <span class='ocr_line' id='line_1_19' title="bbox 149 1542 1437 1608; baseline -0.002 -15"><span class='ocrx_word' id='word_1_127' title='bbox 149 1545 251 1603; x_wconf 83' lang='lat' dir='ltr'>diis,</span> <span class='ocrx_word' id='word_1_128' title='bbox 276 1559 383 1608; x_wconf 87' lang='lat' dir='ltr'>quas</span> <span class='ocrx_word' id='word_1_129' title='bbox 403 1559 482 1606; x_wconf 89' lang='lat' dir='ltr'>per</span> <span class='ocrx_word' id='word_1_130' title='bbox 500 1543 617 1590; x_wconf 56' lang='lat' dir='ltr'>areta</span> <span class='ocrx_word' id='word_1_131' title='bbox 637 1542 738 1591; x_wconf 89' lang='lat' dir='ltr'>loca</span> <span class='ocrx_word' id='word_1_132' title='bbox 756 1544 805 1591; x_wconf 88' lang='lat'>&amp;</span> <span class='ocrx_word' id='word_1_133' title='bbox 831 1543 1050 1590; x_wconf 87' lang='lat' dir='ltr'>latebrosa</span> <span class='ocrx_word' id='word_1_134' title='bbox 1077 1543 1327 1591; x_wconf 81' lang='lat' dir='ltr'>struxerant</span> <span class='ocrx_word' id='word_1_135' title='bbox 1348 1561 1437 1591; x_wconf 90' lang='lat' dir='ltr'>no·</span> 
     </span>
     <span class='ocr_line' id='line_1_20' title="bbox 150 1616 1439 1680; baseline -0.002 -14"><span class='ocrx_word' id='word_1_136' title='bbox 150 1618 246 1666; x_wconf 85' lang='lat' dir='ltr'>stris</span> <span class='ocrx_word' id='word_1_137' title='bbox 265 1654 278 1676; x_wconf 92' lang='lat'><strong>,</strong></span> <span class='ocrx_word' id='word_1_138' title='bbox 312 1630 434 1664; x_wconf 86' lang='lat' dir='ltr'>trans</span> <span class='ocrx_word' id='word_1_139' title='bbox 466 1618 678 1665; x_wconf 82' lang='lat' dir='ltr'>Moenum</span> <span class='ocrx_word' id='word_1_140' title='bbox 699 1616 885 1664; x_wconf 89' lang='lat' dir='ltr'>nomine</span> <span class='ocrx_word' id='word_1_141' title='bbox 917 1616 1109 1665; x_wconf 85' lang='lat' dir='ltr'>fluvium</span> <span class='ocrx_word' id='word_1_142' title='bbox 1131 1618 1185 1663; x_wconf 89' lang='lat' dir='ltr'>ad</span> <span class='ocrx_word' id='word_1_143' title='bbox 1205 1616 1439 1680; x_wconf 88' lang='lat' dir='ltr'>opitulan-</span> 
     </span>
     <span class='ocr_line' id='line_1_21' title="bbox 152 1688 1439 1740; baseline -0.001 -1"><span class='ocrx_word' id='word_1_144' title='bbox 152 1693 258 1740; x_wconf 89' lang='lat' dir='ltr'>dum</span> <span class='ocrx_word' id='word_1_145' title='bbox 292 1690 376 1738; x_wconf 88' lang='lat' dir='ltr'>suis</span> <span class='ocrx_word' id='word_1_146' title='bbox 407 1688 800 1738; x_wconf 84' lang='lat' dir='ltr'>neceffitudinibus</span> <span class='ocrx_word' id='word_1_147' title='bbox 831 1690 1087 1738; x_wconf 83' lang='lat' dir='ltr'>avolarunt.</span> <span class='ocrx_word' id='word_1_148' title='bbox 1123 1693 1186 1737; x_wconf 89' lang='lat' dir='ltr'>Ut</span> <span class='ocrx_word' id='word_1_149' title='bbox 1217 1691 1336 1737; x_wconf 89' lang='lat' dir='ltr'>enim</span> <span class='ocrx_word' id='word_1_150' title='bbox 1366 1708 1439 1738; x_wconf 89' lang='lat' dir='ltr'>re-</span> 
     </span>
     <span class='ocr_line' id='line_1_22' title="bbox 151 1763 1438 1826; baseline -0.002 -13"><span class='ocrx_word' id='word_1_151' title='bbox 151 1766 237 1814; x_wconf 88' lang='lat' dir='ltr'>bus</span> <span class='ocrx_word' id='word_1_152' title='bbox 261 1779 378 1812; x_wconf 86' lang='lat' dir='ltr'>amat</span> <span class='ocrx_word' id='word_1_153' title='bbox 407 1763 502 1811; x_wconf 90' lang='lat' dir='ltr'>fieri</span> <span class='ocrx_word' id='word_1_154' title='bbox 530 1763 675 1811; x_wconf 86' lang='lat' dir='ltr'>dubiis</span> <span class='ocrx_word' id='word_1_155' title='bbox 694 1765 743 1812; x_wconf 88' lang='lat'>&amp;</span> <span class='ocrx_word' id='word_1_156' title='bbox 763 1763 981 1820; x_wconf 86' lang='lat' dir='ltr'>turbatis,</span> <span class='ocrx_word' id='word_1_157' title='bbox 1002 1763 1108 1810; x_wconf 90' lang='lat' dir='ltr'>hinc</span> <span class='ocrx_word' id='word_1_158' title='bbox 1128 1763 1326 1826; x_wconf 89' lang='lat' dir='ltr'>equitum</span> <span class='ocrx_word' id='word_1_159' title='bbox 1349 1780 1438 1810; x_wconf 91' lang='lat' dir='ltr'>no-</span> 
     </span>
     <span class='ocr_line' id='line_1_23' title="bbox 152 1837 1438 1902; baseline -0.001 -16"><span class='ocrx_word' id='word_1_160' title='bbox 152 1840 346 1886; x_wconf 85' lang='lat' dir='ltr'>strorum</span> <span class='ocrx_word' id='word_1_161' title='bbox 381 1838 592 1897; x_wconf 70' lang='lat' dir='ltr'>accurstl,</span> <span class='ocrx_word' id='word_1_162' title='bbox 617 1839 721 1885; x_wconf 87' lang='lat' dir='ltr'>inde</span> <span class='ocrx_word' id='word_1_163' title='bbox 752 1837 947 1902; x_wconf 86' lang='lat' dir='ltr'>navigiis</span> <span class='ocrx_word' id='word_1_164' title='bbox 978 1838 1212 1885; x_wconf 58' lang='lat' dir='ltr'>veilorum</span> <span class='ocrx_word' id='word_1_165' title='bbox 1244 1838 1438 1885; x_wconf 87' lang='lat' dir='ltr'>militum</span> 
     </span>
     <span class='ocr_line' id='line_1_24' title="bbox 153 1908 1438 1973; baseline -0.002 -15"><span class='ocrx_word' id='word_1_166' title='bbox 153 1912 326 1973; x_wconf 87' lang='lat' dir='ltr'>impetu</span> <span class='ocrx_word' id='word_1_167' title='bbox 350 1910 589 1973; x_wconf 89' lang='lat' dir='ltr'>repentino</span> <span class='ocrx_word' id='word_1_168' title='bbox 618 1909 940 1973; x_wconf 67' lang='lat' dir='ltr'>perterrefacti,</span> <span class='ocrx_word' id='word_1_169' title='bbox 964 1908 1182 1957; x_wconf 87' lang='lat' dir='ltr'>evadendi</span> <span class='ocrx_word' id='word_1_170' title='bbox 1203 1908 1438 1956; x_wconf 73' lang='lat' dir='ltr'>subsidium</span> 
     </span>
     <span class='ocr_line' id='line_1_25' title="bbox 155 1983 1439 2047; baseline -0.005 -13"><span class='ocrx_word' id='word_1_171' title='bbox 155 1985 297 2035; x_wconf 81' lang='lat' dir='ltr'>velox</span> <span class='ocrx_word' id='word_1_172' title='bbox 325 1985 535 2032; x_wconf 90' lang='lat' dir='ltr'>locorum</span> <span class='ocrx_word' id='word_1_173' title='bbox 571 1984 788 2032; x_wconf 87' lang='lat' dir='ltr'>invenere</span> <span class='ocrx_word' id='word_1_174' title='bbox 825 1983 1097 2047; x_wconf 86' lang='lat' dir='ltr'>prudentes:</span> <span class='ocrx_word' id='word_1_175' title='bbox 1134 1998 1326 2045; x_wconf 89' lang='lat' dir='ltr'>quorum</span> <span class='ocrx_word' id='word_1_176' title='bbox 1368 1983 1439 2029; x_wconf 86' lang='lat' dir='ltr'>di-</span> 
     </span>
     <span class='ocr_line' id='line_1_26' title="bbox 155 2055 1440 2122; baseline -0.003 -17"><span class='ocrx_word' id='word_1_177' title='bbox 155 2058 296 2122; x_wconf 78' lang='lat' dir='ltr'>gress‘u</span> <span class='ocrx_word' id='word_1_178' title='bbox 327 2058 453 2105; x_wconf 86' lang='lat' dir='ltr'>miles</span> <span class='ocrx_word' id='word_1_179' title='bbox 486 2057 623 2105; x_wconf 90' lang='lat' dir='ltr'>libere</span> <span class='ocrx_word' id='word_1_180' title='bbox 657 2058 858 2121; x_wconf 85' lang='lat' dir='ltr'>gradiens</span> <span class='ocrx_word' id='word_1_181' title='bbox 877 2092 890 2114; x_wconf 89' lang='lat'>,</span> <span class='ocrx_word' id='word_1_182' title='bbox 910 2056 1147 2120; x_wconf 86' lang='lat' dir='ltr'>opulentas</span> <span class='ocrx_word' id='word_1_183' title='bbox 1169 2072 1334 2118; x_wconf 86' lang='lat' dir='ltr'>pecore</span> <span class='ocrx_word' id='word_1_184' title='bbox 1353 2055 1440 2103; x_wconf 88' lang='lat' dir='ltr'>vil-</span> 
     </span>
     <span class='ocr_line' id='line_1_27' title="bbox 155 2129 1440 2195; baseline -0.002 -17"><span class='ocrx_word' id='word_1_185' title='bbox 155 2132 220 2178; x_wconf 90' lang='lat' dir='ltr'>las</span> <span class='ocrx_word' id='word_1_186' title='bbox 250 2133 299 2180; x_wconf 89' lang='lat'>&amp;</span> <span class='ocrx_word' id='word_1_187' title='bbox 328 2131 530 2195; x_wconf 82' lang='lat' dir='ltr'>frugibus</span> <span class='ocrx_word' id='word_1_188' title='bbox 559 2131 759 2194; x_wconf 87' lang='lat' dir='ltr'>rapiebat</span> <span class='ocrx_word' id='word_1_189' title='bbox 794 2130 903 2176; x_wconf 88' lang='lat' dir='ltr'>nulli</span> <span class='ocrx_word' id='word_1_190' title='bbox 935 2130 1175 2192; x_wconf 83' lang='lat' dir='ltr'>parcendo.</span> <span class='ocrx_word' id='word_1_191' title='bbox 1202 2129 1440 2176; x_wconf 67' lang='lat' dir='ltr'>Extraffls-</span> 
     </span>
     <span class='ocr_line' id='line_1_28' title="bbox 157 2203 1441 2269; baseline -0.001 -18"><span class='ocrx_word' id='word_1_192' title='bbox 157 2221 245 2269; x_wconf 88' lang='lat' dir='ltr'>que</span> <span class='ocrx_word' id='word_1_193' title='bbox 271 2205 458 2268; x_wconf 85' lang='lat' dir='ltr'>captivis</span> <span class='ocrx_word' id='word_1_194' title='bbox 474 2241 488 2262; x_wconf 93' lang='lat'>‚</span> <span class='ocrx_word' id='word_1_195' title='bbox 517 2205 747 2252; x_wconf 89' lang='lat' dir='ltr'>domicilia</span> <span class='ocrx_word' id='word_1_196' title='bbox 766 2205 924 2252; x_wconf 63' lang='lat' dir='ltr'>cuncta</span> <span class='ocrx_word' id='word_1_197' title='bbox 946 2204 1139 2251; x_wconf 86' lang='lat' dir='ltr'>curatius</span> <span class='ocrx_word' id='word_1_198' title='bbox 1157 2203 1245 2249; x_wconf 88' lang='lat' dir='ltr'>ritu</span> <span class='ocrx_word' id='word_1_199' title='bbox 1268 2204 1441 2250; x_wconf 88' lang='lat' dir='ltr'>Roma-</span> 
     </span>
     <span class='ocr_line' id='line_1_29' title="bbox 160 2276 1443 2337; baseline -0.002 -11"><span class='ocrx_word' id='word_1_200' title='bbox 160 2296 225 2326; x_wconf 91' lang='lat' dir='ltr'>no</span> <span class='ocrx_word' id='word_1_201' title='bbox 253 2279 504 2327; x_wconf 66' lang='lat' dir='ltr'>construnsta</span> <span class='ocrx_word' id='word_1_202' title='bbox 521 2315 535 2337; x_wconf 87' lang='lat'>‚</span> <span class='ocrx_word' id='word_1_203' title='bbox 567 2279 756 2326; x_wconf 85' lang='lat' dir='ltr'>flammis</span> <span class='ocrx_word' id='word_1_204' title='bbox 778 2279 961 2326; x_wconf 90' lang='lat' dir='ltr'>subditis</span> <span class='ocrx_word' id='word_1_205' title='bbox 985 2277 1210 2325; x_wconf 84' lang='lat' dir='ltr'>exurebat.</span> <span class='ocrx_word' id='word_1_206' title='bbox 1234 2276 1443 2324; x_wconf 84' lang='lat' dir='ltr'>Emensa-</span> 
     </span>
     <span class='ocr_line' id='line_1_30' title="bbox 159 2349 1440 2416; baseline -0.002 -17"><span class='ocrx_word' id='word_1_207' title='bbox 159 2368 249 2416; x_wconf 88' lang='lat' dir='ltr'>que</span> <span class='ocrx_word' id='word_1_208' title='bbox 278 2351 567 2399; x_wconf 86' lang='lat' dir='ltr'>aestimatione</span> <span class='ocrx_word' id='word_1_209' title='bbox 595 2351 756 2399; x_wconf 88' lang='lat' dir='ltr'>decimi</span> <span class='ocrx_word' id='word_1_210' title='bbox 782 2351 969 2414; x_wconf 87' lang='lat' dir='ltr'>lapidis,</span> <span class='ocrx_word' id='word_1_211' title='bbox 990 2366 1092 2396; x_wconf 89' lang='lat' dir='ltr'>cum</span> <span class='ocrx_word' id='word_1_212' title='bbox 1123 2366 1265 2412; x_wconf 87' lang='lat' dir='ltr'>prope</span> <span class='ocrx_word' id='word_1_213' title='bbox 1284 2349 1440 2396; x_wconf 87' lang='lat' dir='ltr'>filvam</span> 
     </span>
     <span class='ocr_line' id='line_1_31' title="bbox 159 2422 1440 2489; baseline -0.003 -17"><span class='ocrx_word' id='word_1_214' title='bbox 159 2425 351 2473; x_wconf 85' lang='lat' dir='ltr'>veniffet</span> <span class='ocrx_word' id='word_1_215' title='bbox 378 2424 582 2489; x_wconf 88' lang='lat' dir='ltr'>squalore</span> <span class='ocrx_word' id='word_1_216' title='bbox 601 2426 886 2472; x_wconf 88' lang='lat' dir='ltr'>tenebrarum</span> <span class='ocrx_word' id='word_1_217' title='bbox 906 2423 1176 2470; x_wconf 87' lang='lat' dir='ltr'>horrendam</span> <span class='ocrx_word' id='word_1_218' title='bbox 1190 2460 1203 2479; x_wconf 94' lang='lat'>,</span> <span class='ocrx_word' id='word_1_219' title='bbox 1226 2423 1343 2469; x_wconf 86' lang='lat' dir='ltr'>stetit</span> <span class='ocrx_word' id='word_1_220' title='bbox 1363 2422 1440 2468; x_wconf 88' lang='lat' dir='ltr'>diu</span> 
     </span>
     <span class='ocr_line' id='line_1_32' title="bbox 162 2493 1440 2562; baseline -0.005 -15"><span class='ocrx_word' id='word_1_221' title='bbox 162 2496 416 2547; x_wconf 59' lang='lat' dir='ltr'>cunctando</span> <span class='ocrx_word' id='word_1_222' title='bbox 434 2534 449 2558; x_wconf 95' lang='lat'>,</span> <span class='ocrx_word' id='word_1_223' title='bbox 473 2496 643 2545; x_wconf 89' lang='lat' dir='ltr'>indicio</span> <span class='ocrx_word' id='word_1_224' title='bbox 669 2496 867 2562; x_wconf 82' lang='lat' dir='ltr'>perfugae</span> <span class='ocrx_word' id='word_1_225' title='bbox 897 2495 1052 2543; x_wconf 59' lang='lat' dir='ltr'>doctus</span> <span class='ocrx_word' id='word_1_226' title='bbox 1069 2529 1083 2555; x_wconf 89' lang='lat'><strong>,</strong></span> <span class='ocrx_word' id='word_1_227' title='bbox 1115 2510 1194 2558; x_wconf 90' lang='lat' dir='ltr'>per</span> <span class='ocrx_word' id='word_1_228' title='bbox 1219 2493 1440 2542; x_wconf 86' lang='lat' dir='ltr'>subterra-</span> 
     </span>
    </p>
   </div>
  </div>
 </body>
</html>
