1626 2917
306 172 528 218 RERUM
563 171 903 219 GESTARUM
940 172 1041 217 LlB.
1078 171 1245 217 XXIII.
1329 187 1415 234 343

137 283 356 328 Romano's
376 284 532 327 vincere
546 279 671 344 poffl.
693 280 864 327 Etrusci
883 294 1033 327 tamen
1053 280 1323 342 haruspices,
1341 279 1422 341 qui

135 353 492 410 comitabantur,
517 354 643 417 gnari
671 354 987 417 prodigialium
1011 367 1156 399 rerum
1174 389 1185 410 ,
1208 369 1309 399 cum
1332 352 1421 399 illis

134 426 419 488 procinctum
447 426 565 473 bunc
589 425 701 488 saepe
730 426 983 472 arcentibus
1010 443 1103 473 non
1134 426 1387 473 crederetur
1405 460 1422 484 ‚

133 499 320 562 prolatis
357 500 480 547 libris
516 500 859 546 exercitualibus
897 499 1190 546 ostendebant
1210 534 1223 557 ,
1247 498 1419 563 signum

132 572 224 620 hoc
259 573 343 620 effe
378 573 734 636 prohibitorium
750 609 765 631 ,
799 573 1087 635 principique
1123 572 1288 629 aliena,
1316 572 1421 618 licet

131 643 268 707 juste,
297 646 532 693 invadenti
562 646 854 693 contrarium.
888 646 973 692 Sed
1000 646 1286 693 calcabantur
1317 643 1420 707 phi-

131 717 340 781 losophis
355 718 702 783 refragantibus,
719 736 913 782 quorum
931 718 1179 765 reverenda
1200 730 1309 765 tunc
1327 729 1421 764 erat

134 791 372 838 auctoritas
387 828 400 849 ‚
421 792 662 840 errantium
686 791 867 838 subinde
883 827 897 849 ‚
918 794 966 840 ὅ(
985 791 1030 837 in
1051 808 1206 853 parum
1228 790 1422 854 cognitis

132 865 515 926 perseverantium
541 865 630 910 diu.
657 864 832 911 Etenim
854 880 905 912 ut
925 865 1159 928 probabile
1182 881 1420 928 argumen-

132 947 228 981 tum
250 935 303 982 ad
328 934 459 982 fidem
481 936 751 998 implendam
774 936 966 984 scientiae
990 937 1078 983 suae
1103 937 1148 983 id
1168 936 1420 999 praetende—

133 1008 260 1066 bant,
275 1010 401 1071 quod
419 1011 467 1056 ὅ(
488 1009 768 1057 Maximiano
786 1011 969 1057 antehac
990 1008 1172 1068 Caesari,
1185 1026 1285 1055 cum
1304 1009 1420 1054 Nar-

133 1081 235 1140 seo,
255 1083 485 1130 Persarum
505 1101 632 1146 rege,
647 1083 734 1145 jam
759 1084 1050 1147 congreffuro
1065 1120 1078 1142 ,
1100 1084 1252 1130 itidem
1278 1085 1350 1130 leo
1371 1086 1420 1131 δέ

133 1171 240 1217 aper
261 1155 416 1219 ingens
441 1157 647 1204 trucidati
674 1157 797 1203 fimul
820 1158 959 1204 oblati
989 1157 1116 1214 sunt,
1138 1157 1186 1204 &
1219 1155 1420 1218 superata

132 1239 264 1289 gente
285 1227 471 1275 discessit
488 1229 729 1277 incolumis
748 1221 762 1277 Ξ
782 1231 862 1277 illo
886 1230 1070 1277 minime
1088 1230 1418 1292 contemplato,

133 1301 261 1363 quod
281 1302 421 1349 aliena
445 1303 612 1364 petenti
633 1305 985 1366 portendebatur
1001 1303 1190 1351 exitium
1205 1338 1215 1358 ,
1236 1305 1286 1351 &
1303 1304 1418 1351 Nar-

132 1372 228 1421 seus
242 1374 410 1437 primus
425 1375 701 1439 Armeniam,
721 1377 931 1423 Romano
950 1376 1035 1436 juri
1051 1376 1320 1434 obnoxiam,
1340 1394 1418 1424 oc-

133 1460 328 1509 cuparat.
357 1449 525 1496 Secuto
553 1449 704 1495 itidem
727 1449 798 1495 die
813 1485 826 1506 ,
848 1450 925 1512 qui
947 1464 1039 1495 erat
1059 1452 1138 1494 Vll
1159 1450 1262 1495 Idus
1281 1450 1419 1512 Apri-

131 1519 207 1577 lis,
228 1520 319 1568 sole
337 1537 546 1585 vergente
567 1522 652 1582 jam
672 1523 717 1568 in
738 1524 943 1570 occasum
957 1560 969 1580 ‚
986 1540 1039 1569 ex
1063 1539 1201 1585 parva
1219 1523 1420 1570 nubecu-

132 1592 199 1650 la,
217 1592 365 1642 subito
386 1612 484 1641 aere
504 1596 714 1651 crassato,
733 1596 836 1643 usus
862 1596 1072 1643 adimitur
1091 1595 1206 1643 lucis
1222 1615 1232 1642 :
1249 1597 1296 1644 &
1318 1595 1420 1659 post

130 1666 353 1714 minacem
386 1669 638 1715 tonitruum
666 1669 946 1716 crebritatem
981 1671 1027 1716 ὅ(
1051 1669 1308 1732 fulgurum,
1343 1671 1419 1717 Jo-

131 1739 296 1786 vianus
325 1742 511 1788 nomine
538 1742 663 1788 miles
691 1742 744 1787 de
779 1742 900 1789 coelo
937 1742 1075 1788 tactus
1107 1759 1208 1788 cum
1241 1742 1419 1790 duobus

131 1813 256 1878 equis
281 1815 512 1874 concidit,
532 1832 648 1878 quos
682 1828 794 1878 potu
817 1815 996 1862 satiatos
1018 1833 1042 1862 a
1072 1815 1255 1863 flumine
1279 1818 1417 1865 redu-

131 1889 273 1936 cebat.
303 1892 461 1953 quue
489 1890 612 1949 viso,
634 1892 788 1937 harum
819 1908 966 1937 rerum
989 1890 1251 1953 interpretes
1275 1891 1419 1939 arces-

131 1958 200 2006 s1ti
231 1960 608 2026 interrogatique,
638 1963 773 2009 etiam
795 1962 840 2008 id
874 1974 1024 2010 vetare
1050 1962 1332 2024 procinctum
1365 1961 1418 2008 fi-

132 2033 308 2082 dentius
335 2035 635 2093 affirmabant,
658 2035 831 2082 fulmen
857 2034 1159 2082 consiliarium
1180 2036 1264 2084 effe
1284 2051 1417 2082 mon·

131 2106 317 2154 strantes
340 2127 350 2155 z
378 2108 440 2155 ita
462 2109 580 2155 enim
613 2109 917 2172 appellantur,
937 2126 1039 2173 quae
1070 2108 1313 2157 diffuadent
1334 2108 1419 2155 ali-

132 2179 244 2240 quid
266 2178 361 2228 fieri
380 2217 394 2240 ‚
415 2180 488 2228 vel
521 2180 715 2228 suadent.
749 2181 945 2244 Ideoque
977 2180 1067 2228 hoc
1086 2180 1217 2227 nimis
1249 2197 1420 2228 caven-

132 2252 266 2310 dum,
297 2254 422 2317 quod
447 2253 634 2301 militem
666 2254 768 2302 celfi
803 2253 1002 2301 nominis
1035 2272 1137 2302 cum
1170 2255 1421 2303 bellatoriis

131 2324 345 2388 jumentis
373 2326 585 2374 exstinxit
604 2346 613 2373 ε
636 2329 685 2375 δε
708 2328 798 2375 hoc
821 2328 961 2375 modo
986 2330 1190 2375 contacta
1214 2329 1314 2376 loca
1333 2345 1418 2376 nec

133 2398 324 2459 intueri,
355 2418 437 2448 nec
457 2401 619 2449 calcari
639 2402 827 2459 debere,
849 2401 1091 2467 fulgurales
1121 2403 1421 2467 pronuntiant

134 2472 252 2521 libri.
284 2474 461 2522 Contra
482 2474 740 2539 philosophi
760 2511 776 2537 ,
797 2477 1038 2525 candorem
1068 2476 1181 2539 ignis
1213 2475 1318 2526 sacri
1343 2492 1419 2523 rea

646 2574 650 2577 ,
1056 2552 1097 2597 Y
1134 2570 1160 2611 4
