1626 2917
189 117 253 167 '44
385 105 735 154 AMMtANJ
772 105 1270 153 MARCELLINI

190 214 315 277 quod
343 227 389 259 ut
420 213 620 276 egregius
640 213 784 274 pffior
801 213 978 259 vultum
1005 212 1248 275 speciosum
1268 210 1471 274 effingit}

189 286 249 333 ita
280 287 492 349 pudicitia
523 287 678 333 celsius
715 285 1057 349 consurgentem
1088 286 1227 332 vitam
1255 297 1463 332 exornat.

188 359 337 418 Quam
365 357 504 404 labem
531 358 576 404 in
598 359 751 404 adulto
780 358 946 404 robore
980 357 1228 418 juventutis
1253 358 1311 404 ita
1333 369 1463 404 caute

188 430 384 485 vitavit,
413 446 460 476 ut
496 448 551 477 ne
589 431 835 493 suspicione
879 431 1060 494 quidem
1102 442 1230 477 tenus
1266 429 1471 476 libidinis

190 503 324 551 ullius
355 504 428 551 vel
458 505 677 553 citerioris
712 507 818 552 vitae
850 496 1391 559 ministrffincusaren'ir,
1416 515 1485 549 uti

190 577 303 639 saepe
325 577 562 641 contingit.
585 579 688 625 Hoc
714 591 860 625 autem
887 577 1191 641 temperantiae
1214 592 1349 640 genus
1371 592 1468 621 cre-

189 650 336 696 scebat
369 651 415 696 in
448 651 617 711 majus,
650 650 836 712 juvante
871 651 1138 714 parsimonia
1175 651 1379 697 ciborum
1416 651 1468 696 δε

190 721 363 779 somni,
404 724 566 785 quibus
607 723 730 769 domi
775 722 973 786 forisque
1014 721 1213 768 tenacius
1247 720 1467 766 utebatur.

188 796 392 859 Namque
413 796 458 842 in
481 812 589 858 pace
611 796 753 842 vissus
782 795 876 856 ejus
898 793 1100 841 mensura
1121 808 1254 857 atque
1276 792 1468 839 tenuitas

189 880 282 914 erat
303 869 417 915 rec'se
445 867 728 916 noscentibus
752 867 1026 925 admiranda,
1050 867 1176 913 velut
1203 866 1258 912 ad
1287 865 1467 927 pallium

189 957 300 987 mox
328 941 550 987 reversuri
573 956 678 1002 :per
701 941 852 986 varios
880 953 1024 986 autem
1051 940 1332 1001 procinfihw,
1355 938 1468 984 stans

188 1012 411 1059 interdum
452 1030 577 1060 more
621 1013 792 1059 militiae
830 1014 978 1060 cibum
1015 1014 1197 1060 brevem
1244 1011 1470 1073 vilemque

190 1084 358 1132 sumere
384 1085 620 1133 visebatur.
646 1085 735 1132 Ubi
760 1101 870 1130 vero
890 1084 1049 1147 exigua
1070 1083 1322 1130 dormiendi
1338 1083 1468 1145 quie-

189 1170 232 1204 te
253 1159 480 1205 recreasset
510 1157 922 1238 cof-paslaboribus
950 1157 1207 1204 induratum
1223 1192 1235 1213 ‚
1254 1172 1470 1219 experge-

190 1229 330 1277 faRus
357 1231 622 1292 explorabat
655 1247 731 1291 per
758 1230 1035 1292 semetipsum
1065 1230 1313 1293 vigiliarum
1345 1230 1474 1276 vices-

189 1304 238 1349 &
266 1302 528 1357 stationum,
563 1302 663 1365 post
693 1303 786 1349 haec
817 1302 946 1350 serias
979 1304 1033 1349 ad
1063 1317 1175 1349 artes
1205 1302 1470 1366 confugiens

194 1376 514 1422 doflrinaruni.
543 1378 597 1422 Et
618 1376 648 1421 st
681 1376 896 1422 nofihirna
927 1375 1121 1433 lumina,
1143 1375 1257 1421 inter
1277 1391 1376 1437 quae
1399 1376 1471 1421 lu·-

194 1448 437 1505 cubrabat‚
470 1448 710 1511 potuissent
745 1464 880 1495 voces
919 1448 1019 1493 ullae
1054 1447 1230 1501 testari,
1266 1447 1475 1510 profefflo

190 1521 499 1578 ostenderant,
520 1521 635 1566 inter
656 1521 773 1566 hunc
802 1522 851 1567 &
879 1519 1093 1584 quosdam
1114 1521 1342 1583 Principes
1360 1520 1474 1566 mul-

191 1588 289 1640 tum*
307 1593 509 1640 interesse
525 1630 537 1649 ‚
557 1611 690 1657 quem
722 1607 888 1640 norant
916 1593 1225 1655 voluptatibus
1246 1610 1299 1640 ne
1319 1594 1373 1639 ad
1394 1610 1476 1639 ne·-

192 1666 429 1713 cessitatem
454 1666 633 1729 quidem
663 1666 884 1712 indulsisse
914 1679 1098 1713 naturae.
1132 1667 1251 1713 Dein
1278 1666 1475 1729 pruden-

191 1739 265 1785 tiae
288 1739 380 1799 ejus
410 1739 575 1785 indicia
608 1739 730 1785 fuere
759 1739 833 1785 vel
860 1739 1074 1801 plurima,
1099 1756 1122 1785 e
1147 1739 1308 1802 quibus
1327 1738 1473 1800 expli-

194 1813 283 1859 cari
316 1812 505 1860 sufficiet
542 1830 695 1875 pauca.
732 1815 926 1859 Armatae
961 1812 1024 1858 rei
1064 1810 1392 1869 scientissimus,
1425 1815 1478 1860 δε

192 1896 393 1948 togatae:
425 1886 634 1933 civilitati
669 1886 911 1932 admodum
946 1885 1150 1941 studens,
1187 1897 1357 1930 tantum
1395 1885 1473 1932 fibi

194 1972 408 2019 arrogans
423 1993 436 2014 ‚
457 1972 677 2021 quantum
698 1975 721 2004 a
741 1970 974 2005 contemtu
995 1960 1043 2005 &
1063 1956 1298 2003 insolentia
1319 1957 1475 2004 distare

194 2029 470 2076 existimabat
491 2047 501 2075 :
525 2031 694 2077 virtute
723 2030 896 2088 senior,
919 2048 1053 2093 quam
1077 2043 1203 2077 aetate
1223 2048 1233 2076 :
1258 2030 1474 2078 studiosus

196 2101 510 2165 cognitionum
542 2103 775 2159 omnium,
804 2104 853 2150 &
887 2102 1210 2149 indeclinabilis
1241 2102 1476 2165 aliquoties

198 2174 363 2237 judex:
392 2176 549 2223 censor
579 2176 783 2224 moribus
812 2177 1014 2239 regendis
1042 2176 1307 2230 acerrimus,
1333 2175 1476 2238 placi-

198 2248 307 2304 dus,
333 2264 471 2310 opum
493 2262 776 2306 contemtor,
798 2248 1004 2295 mortalia
1025 2248 1177 2294 cunCla
1198 2247 1440 2310 despiciens
1461 2266 1483 2295 :,

199 2319 427 2382 postremo
449 2320 493 2366 id
512 2321 777 2383 praedicabat
791 2356 802 2376 ,
827 2323 959 2382 Turpe
979 2319 1048 2385 ff
1059 2322 1247 2382 sapienti
1259 2355 1271 2373 ‚
1291 2339 1380 2367 cum
1397 2323 1477 2365 ha-

197 2397 287 2443 beat
309 2397 496 2441 animum
513 2429 527 2454 ,
554 2412 714 2456 captare
742 2397 885 2441 laudes
914 2413 966 2440 ex.
994 2413 1167 2456 corpore.
1199 2394 1376 2454 Quibus
1396 2409 1483 2441 eme²
