1626 2917
265 70 488 121 RERUM
521 72 860 120 GESTARUM
896 73 1000 121 ΠΒ.
1030 72 1207 121 XXIV.
1339 93 1395 139 23

108 202 157 233 re
186 183 330 231 nostri
368 195 478 232 tunc
514 182 690 247 segnius
720 201 730 230 :
761 181 835 230 sed
869 181 948 229 ubi
986 180 1144 229 animis
1183 181 1230 228 in
1265 182 1402 230 auda-
1470 230 1471 234 ,

108 257 218 306 ciam
247 255 495 315 restitutis,
526 256 748 320 armisque
790 256 926 320 raptis
959 256 1076 304 inter
1119 255 1363 304 tumultum
1386 292 1402 316 ‚

105 329 329 377 exercitus
362 341 498 377 cantu
518 330 728 378 concitus
753 330 1046 377 buccinarum
1065 365 1077 388 ‚
1111 345 1216 377 cum
1235 328 1401 376 minaci

106 420 336 451 murmure
367 403 592 451 festinaret
613 441 628 462 ‚
662 417 900 468 eruptores
935 404 1162 467 perterriti
1196 415 1401 452 reverte-

105 489 216 524 runt
243 477 412 525 intaffi.
432 480 488 525 Et
511 481 787 541 Imperator,
809 478 871 525 ira
899 477 1024 542 gravi
1045 489 1305 541 permotus,
1327 494 1400 524 re-

104 550 260 614 liquos
305 567 362 598 ex
405 568 458 598 ea
500 552 694 600 cohorte
713 587 726 611 ‚
762 553 840 616 qui
887 549 1054 612 abje&e
1103 550 1400 597 sustinuerant

104 624 322 686 impetum
349 626 676 689 grassatorum,
705 627 760 672 ad
783 626 1035 689 pedestrem
1063 626 1295 687 compegit
1315 626 1398 672 mi·

50 742 52 746 ,
103 695 245 764 Etiam
263 732 277 754 ,
307 714 409 760 quae
435 698 676 745 onerosior
707 697 796 755 est,
819 697 1113 761 dignitatibus
1131 697 1397 746 imminutis.

104 767 314 831 Flagrans
335 770 435 832 post
460 771 555 817 haec
589 771 645 817 ad
664 771 912 818 eruendum
935 771 1162 819 castellum
1183 807 1196 829 ‚
1217 771 1293 817 ubi
1318 788 1398 833 pe-

101 843 322 889 riclitatus
356 844 446 901 est,
475 860 658 906 operam
701 845 936 891 convertit
970 846 1019 891 &
1052 861 1203 892 curam
1227 880 1241 901 ,
1275 861 1399 889 nun-

99 933 236 979 quam
258 917 314 963 ab
344 917 637 980 antesignanis
671 917 761 979 ipse
788 917 1066 980 digrediens,
1086 929 1135 962 ut
1161 918 1278 963 inter
1301 918 1397 979 pri-

100 1004 202 1036 mos
231 988 449 1035 dimicans
494 988 630 1034 militi
666 989 723 1034 ad
758 987 940 1034 fortiter
990 987 1247 1034 faciendum
1290 989 1396 1035 esset

100 1060 313 1122 exemplo
340 1059 561 1123 spefi'tator
593 1059 904 1123 probatorque
927 1059 1166 1124 gestorum.
1183 1062 1295 1120 Quo
1324 1062 1396 1106 in-

98 1143 166 1178 ter
191 1132 499 1180 discriminum
524 1133 719 1180 vertices
746 1133 822 1180 diu
857 1133 1143 1197 multumque
1176 1133 1357 1180 versato
1378 1170 1395 1191 ,

98 1204 314 1251 varietate
349 1205 660 1253 munitionum
689 1219 827 1270 atque
863 1208 1061 1254 telorum
1082 1242 1094 1265 ,
1129 1207 1178 1254 &
1213 1202 1401 1268 consp?

98 1277 277 1324 ratione
306 1279 842 1342 oppugnatorum,idem
874 1279 1102 1326 castellum
1136 1279 1393 1326 incenditur

99 1365 295 1413 captum.
330 1352 436 1398 Post
466 1369 592 1415 quae,
620 1353 912 1400 consideratis
941 1351 1250 1416 asperitatibus
1287 1363 1391 1399 ante

98 1423 320 1488 gestarum
343 1441 491 1472 rerum
516 1428 566 1488 &
597 1425 981 1489 impendentium,
1009 1425 1235 1490 requievit
1263 1441 1394 1470 exer-

99 1499 216 1546 citus
253 1499 409 1545 labore
438 1499 583 1546 nimio
622 1499 845 1562 quassatus
866 1534 880 1555 ,
915 1497 1070 1544 multis
1099 1495 1237 1543 vieini
1272 1512 1391 1543 con·-

98 1574 218 1636 gruis
234 1572 398 1620 affatim
424 1572 685 1619 distributis.
704 1572 885 1618 Vallum
907 1584 1053 1618 tamen
1076 1569 1257 1616 sudibus
1281 1569 1393 1616 den-

96 1645 151 1694 fis
178 1649 228 1695 &
261 1646 472 1694 fossarum
502 1647 738 1695 altitudine
778 1646 950 1694 cautius
986 1644 1146 1691 deinde
1190 1642 1392 1689 strueba-

98 1734 201 1776 tur,
216 1735 320 1765 cum
347 1735 372 1765 a
396 1718 549 1767 vicina
566 1718 654 1779 jam
674 1718 968 1780 Ctesiphonte
984 1714 1206 1779 repentini
1228 1731 1394 1762 excur-

97 1793 169 1840 sus
189 1828 202 1849 ‚
233 1795 282 1841 &
311 1793 395 1840 alia
425 1793 780 1841 formidarentur
807 1792 1003 1839 occulta.

163 1868 237 1912 V1.
271 1868 466 1913 Ventum
486 1867 544 1914 efl
569 1867 677 1914 hinc
706 1867 761 1912 ad
792 1864 937 1912 foffile
963 1864 1132 1912 flumen
1158 1863 1392 1913 Naarmala

98 1938 180 1985 cha
200 1931 408 1998 nomine,
429 1940 555 2004 quod
573 1940 715 1987 amnis
735 1956 892 2005 regum
916 1940 1234 2004 interpretatur
1247 1977 1259 1999 ,
1278 1954 1390 1988 tunc

99 2009 287 2058 aridum.
319 2011 366 2056 ld
395 2012 586 2060 antehac
616 2011 836 2074 Traianus
856 2048 870 2071 ,
896 2013 1140 2078 posteaque
1163 2017 1353 2061 Severus
1371 2045 1390 2070 ‚

99 2082 248 2146 egesto
268 2083 366 2131 solo
393 2084 531 2131 fodiri
549 2086 595 2132 in
623 2086 810 2133 modum
834 2087 998 2134 canalis
1023 2088 1275 2151 amplissimi
1301 2087 1393 2135 stu·-

100 2155 180 2201 dio
211 2169 446 2205 curaverat
475 2157 679 2216 summo,
706 2170 755 2204 ut
789 2159 914 2221 aquis
946 2159 1055 2208 illuc
1080 2161 1135 2208 ab
1163 2161 1391 2224 Euphrate

100 2227 328 2277 transfusis
347 2267 363 2289 ,
396 2248 536 2279 naves
566 2233 624 2279 ad
650 2232 882 2296 Tigridem
909 2233 1269 2298 commigrarent.
1290 2233 1390 2279 Tu-

101 2300 401 2365 tiffimumque
428 2304 483 2350 ad
505 2304 661 2351 omnia
689 2302 835 2351 visum
867 2304 953 2364 est,
979 2307 1132 2353 eadem
1154 2309 1255 2354 loca
1280 2322 1389 2369 pur·-

99 2373 221 2437 gari,
248 2391 350 2437 quae
379 2378 609 2440 quondam
644 2376 800 2423 similia
841 2377 978 2425 Persae
1016 2380 1223 2427 timentes
1266 2379 1389 2426 mole

1038 2455 1070 2498 Β
1107 2473 1137 2511 4
