1626 2917
324 238 544 284 RERUM
580 238 918 287 GESTARUM
956 241 1057 289 LlB.
1094 241 1225 289 XXI.
1328 260 1419 304 259

137 348 379 397 mittendus
396 383 408 404 ‚
431 348 602 410 agnitus
630 348 689 395 est
711 351 757 395 ὅ(
779 347 1033 410 prohibitus
1053 365 1065 395 ε
1104 346 1421 410 strepentibus-

136 442 223 487 que
243 423 422 480 multis,
452 425 501 470 8<
536 422 701 468 intueri
741 423 885 469 lucem
918 419 1100 468 ulterius
1128 436 1222 467 non
1259 420 1421 468 debere

137 496 430 545 clamantibus
453 508 501 541 ut
520 494 788 557 perduellem
813 496 860 541 ὅ(
881 493 1174 550 obstinatum,
1191 492 1419 540 Conssan-

135 569 221 615 tius
256 568 373 614 circa
407 568 502 614 haec
533 566 679 613 lenior
713 565 846 613 solito
867 601 882 622 ‚
913 565 1128 629 Definite,
1169 564 1254 620 ait,
1283 584 1420 628 urgere

138 643 363 699 hominem,
384 658 431 687 ut
449 642 635 707 existimo
649 641 836 700 ,sontem
849 641 950 700 ,fid
967 643 1151 687 nondum
1167 655 1299 700 aperte
1318 659 1421 685 corz-

137 716 286 761 vic‘lum
315 734 330 760 .-
364 712 406 760 6⁴
447 730 704 770 mementote,
732 715 841 773 quod
863 711 906 774 fi
933 715 1035 773 quid
1068 712 1236 777 admific
1271 712 1422 772 hujus-

138 792 279 847 modi,
306 790 390 850 sub
421 789 628 834 obtutibus
655 790 750 832 meis
782 787 1037 848 conscientiae
1067 786 1194 851 ipsius
1211 781 1442 846 fintemia‘

132 864 352 924 punietur,
373 879 493 922 quam
515 865 633 906 latere
653 878 736 905 non
751 862 923 920 poterit:
944 860 993 906 &
1016 858 1075 905 ita
1097 858 1321 906 discessum
1343 860 1420 909 est.

139 934 354 981 Postridie
391 933 506 980 ludis
528 932 811 978 Circensibus
832 932 949 977 idem
979 947 1035 977 ex
1063 931 1250 978 adverso
1274 934 1421 994 Impe-

141 1009 303 1055 ratoris
325 1043 336 1063 ‚
357 1007 431 1053 ubi
453 1006 746 1053 consueverat
767 1041 780 1062 ,
811 1005 1031 1068 similans,
1053 1005 1291 1069 repentino
1325 1008 1422 1054 cla·

139 1099 266 1129 more
282 1081 454 1128 sublato
471 1117 482 1138 ‚
505 1097 604 1128 cum
628 1093 847 1126 certamen
866 1079 1099 1143 opinatum
1117 1082 1420 1141 emitteretur,

141 1153 347 1200 diffractis
371 1151 594 1210 cancellis,
609 1151 771 1214 quibus
790 1167 878 1197 una
897 1167 999 1197 cum
1019 1151 1222 1213 pluribus
1243 1152 1419 1200 incum-

141 1228 298 1284 bebat,
332 1225 502 1274 cunctis
524 1243 624 1272 cum
647 1242 702 1272 eo
724 1225 769 1271 in
793 1242 960 1272 vanum
983 1225 1170 1273 excuffis
1186 1262 1199 1282 ‚
1226 1226 1421 1292 laesisque

140 1300 301 1347 leviter
322 1297 498 1363 paucis,
520 1298 692 1346 interna
712 1314 924 1361 compage
941 1297 1135 1360 disrupta
1155 1299 1312 1347 efflasse
1331 1300 1421 1363 spi-

140 1375 273 1421 ritum
295 1386 496 1436 repertus
515 1373 575 1419 est
598 1371 715 1421 solus
736 1391 746 1419 :
779 1373 896 1419 unde
929 1373 1218 1423 Constantius
1238 1375 1423 1424 futuro-³

141 1463 237 1493 rum
261 1461 445 1508 quoque
475 1445 686 1507 praescius
716 1444 977 1491 exsultabat.
1010 1446 1181 1493 Eodem
1214 1460 1421 1511 tempore

142 1518 388 1567 Faustinam
426 1518 611 1564 nomine
647 1517 827 1564 sortitus
862 1517 923 1563 est
959 1517 1197 1582 conjugem
1220 1556 1234 1577 ‚
1272 1522 1421 1570 amissa

141 1590 400 1654 jampridem
422 1591 604 1637 Eusebia
621 1626 633 1648 ‚
670 1589 793 1652 cujus
818 1589 972 1637 fratres
992 1602 1118 1637 erant
1140 1592 1350 1641 Eusebius
1370 1597 1423 1643 δε

144 1663 370 1728 Hypatius
392 1664 648 1711 consulares
667 1700 678 1722 ,
699 1665 906 1728 corporis
925 1681 1196 1729 morumque
1223 1667 1425 1730 pulchri-

142 1738 296 1785 tudine
321 1738 523 1801 pluribus
545 1738 776 1785 antistante
793 1776 806 1796 ,
840 1741 890 1787 &
920 1739 963 1785 in
994 1739 1192 1787 culmine
1213 1753 1300 1788 tam
1328 1744 1422 1790 cel-

145 1811 193 1857 so
219 1810 433 1856 humana:
463 1810 588 1870 cujus
615 1810 774 1857 favore
802 1810 1034 1871 justiffimo
1054 1825 1280 1860 exemtum
1304 1818 1424 1878 peri-

146 1883 257 1931 culis
276 1919 289 1940 ‚
316 1883 673 1948 declaratumque
695 1883 912 1931 Caesarem
937 1885 1166 1933 retulimus
1186 1888 1425 1940 Iulianum.

144 1957 306 2004 Habita
341 1957 400 2004 est
430 1957 582 2005 iisdem
622 1957 777 2005 diebus
807 1959 938 2006 etiam
971 1959 1186 2007 Florentii
1210 1963 1326 2009 ratio
1348 2001 1362 2021 ‚
1398 1982 1424 2011 e

145 2030 301 2077 Galliis
328 2030 545 2078 novitatis
573 2043 692 2078 metu
723 2032 927 2096 digreffi,
956 2034 1005 2079 &
1027 2034 1243 2081 Anatolio
1268 2053 1425 2085 recens

146 2103 578 2166 mortuoffpraefefflo
615 2105 831 2167 praetorio
863 2122 940 2169 per
972 2106 1204 2169 Illyricum
1221 2143 1233 2164 ,
1254 2109 1308 2155 ad
1329 2109 1424 2169 ejus

147 2174 339 2222 mittitur
370 2177 521 2224 locum
547 2195 557 2223 ε
596 2194 788 2241 cumque
830 2179 982 2224 Tauro
1018 2178 1170 2226 itidem
1209 2181 1422 2242 praet'ecto

148 2248 364 2310 praetorio
397 2266 478 2312 per
502 2250 668 2296 Italiam
690 2286 704 2306 ,
739 2250 991 2312 ampliffimi
1025 2250 1212 2314 suscepit
1241 2254 1425 2317 insignia

149 2320 436 2381 magistratus.
471 2323 746 2369 Parabantur
797 2323 1090 2371 nihilominus
1130 2338 1425 2376 externorum

151 2402 284 2454 atque
306 2391 511 2440 civilium
531 2392 819 2441 instrumenta
839 2395 1060 2441 bellorum
1079 2431 1093 2454 ‚
1111 2399 1159 2444 &
1179 2401 1425 2461 augebatur

152 2477 393 2512 turmarum
414 2469 679 2530 equestrium
703 2486 909 2516 numerus
928 2506 941 2527 ‚
960 2471 1141 2534 parique
1161 2471 1303 2518 studio
1326 2473 1426 2536 sup-

155 2537 376 2602 plementa
397 2540 650 2604 legionibus
677 2542 836 2608 scripta
861 2544 994 2605 sunt,
1026 2544 1199 2593 indictis
1219 2563 1298 2610 per
1315 2564 1427 2611 pro-

1067 2619 1108 2664 R,
1146 2637 1170 2667 2
