1626 2917
316 193 539 267 RERUM
575 194 913 242 GESTARUM
947 195 1049 241 LlB.
1084 194 1188 240 XV.
1339 209 1401 253 47

127 300 289 361 totius,
311 319 411 365 quae
440 301 572 349 nobis
594 301 774 348 videtur
796 301 1033 359 immensa,
1053 300 1107 347 ad
1129 299 1403 362 magnitudi-

127 392 230 421 nem
249 373 552 422 universitatis
575 375 707 421 instar
731 374 880 422 brevis
900 371 1075 421 obtinet
1092 372 1260 435 punEti.

189 451 241 497 11.
268 449 451 513 Jamque
480 448 580 512 post
607 448 899 495 miserandam
930 446 1062 494 deleti
1094 446 1280 494 Caesaris
1310 446 1404 494 cla-

126 522 225 569 dem
239 557 254 581 ,
272 521 457 569 sonante
476 521 782 584 periculorum
805 520 1078 579 judicialium
1099 520 1228 578 tuba,
1248 521 1294 568 in
1317 521 1405 568 cri-

125 611 230 642 men
257 593 371 641 laesae
404 593 636 655 majestatis
671 587 967 641 arcem-*batur
1001 592 1257 650 Ursicinus,
1291 594 1404 640 ado-

125 665 316 715 lescente
332 666 468 730 magis
488 666 709 729 magisque
729 678 887 713 contra
911 664 1004 727 ejus
1031 664 1214 712 salutem
1236 665 1406 727 livore,

125 740 340 787 omnibus
359 740 491 787 bonis
512 739 687 786 infesto.
708 741 802 786 Hac
830 739 949 785 enim
979 737 1263 800 superabatur
1285 739 1406 786 diffi-

127 815 317 872 cultate,
339 814 462 878 quod
480 815 534 861 ad
563 813 856 876 suscipiendas
886 811 1166 859 defensiones
1188 829 1336 875 aequas
1356 815 1406 861 δε

127 886 383 951 probabiles
403 886 688 949 Imperatoris
716 901 843 949 aures
863 882 1053 931 occlusae
1067 918 1081 941 ,
1102 883 1314 945 patebant
1334 885 1407 932 su-

127 962 260 1010 surris
279 961 577 1009 insidiantium
607 958 886 1008 clandestinis
907 976 919 1005 ε
942 957 1020 1021 qui
1046 956 1299 1004 Constantii
1319 976 1407 1004 no-

127 1035 249 1096 mine
279 1050 357 1097 per
387 1032 590 1079 Orientis
622 1032 784 1078 traslus
813 1046 971 1077 omnes
1002 1029 1203 1082 abolito,
1232 1031 1407 1077 antedi-

127 1109 243 1155 &um
265 1106 424 1153 ducem
452 1104 578 1151 domi
604 1103 801 1167 forisque
825 1102 1081 1160 desiderari,
1103 1114 1151 1148 ut
1179 1101 1408 1150 formido-

125 1178 274 1226 losum
293 1177 474 1224 Persicae
501 1176 624 1241 genti
640 1174 881 1240 fingebant.
911 1175 996 1221 Sed
1021 1187 1178 1223 contra
1198 1176 1408 1223 acciden-

126 1251 188 1299 tia
213 1251 284 1298 vir
312 1250 618 1313 magnanimus
644 1247 784 1295 stabat
812 1247 1084 1307 immobilis,
1113 1265 1168 1294 ne
1190 1249 1233 1295 se
1262 1248 1408 1311 proji-

127 1335 250 1373 ceret
275 1322 483 1386 abjeffius
509 1339 698 1380 cavens,
727 1339 882 1384 parum
912 1333 1013 1368 tuto
1046 1321 1154 1368 loco
1184 1321 1410 1368 innocen-

126 1398 235 1445 tiam
261 1397 372 1447 stare
394 1395 651 1442 medullitus
671 1411 851 1458 gemens
870 1412 880 1440 :
899 1394 1079 1457 hocque
1102 1411 1195 1440 uno
1217 1395 1409 1454 tristior,

128 1469 258 1534 quod
284 1468 418 1517 amici
445 1479 546 1514 ante
566 1467 662 1513 haec
686 1465 940 1529 frequentes
966 1467 1021 1513 ad
1042 1467 1243 1530 potiores
1267 1468 1410 1515 desci-

129 1553 292 1590 verant
309 1577 323 1599 ‚
342 1552 392 1588 ut
411 1542 465 1587 ad
484 1539 771 1598 successores,
790 1539 1048 1586 officiorum
1068 1556 1195 1586 more
1216 1539 1411 1602 poscen-

131 1628 200 1674 te,
222 1614 366 1661 solent
393 1612 572 1659 transire
596 1612 789 1658 li&ores.
821 1612 1112 1675 Impugnabat
1135 1624 1280 1658 autem
1304 1629 1411 1660 eum

130 1706 212 1752 per
240 1687 352 1734 fietae
382 1684 666 1749 benignitatis
693 1682 922 1731 illecebras
950 1683 1120 1748 collega
1138 1719 1151 1742 ,
1183 1687 1230 1732 δέ
1260 1684 1411 1732 virum

132 1760 296 1809 fortem
327 1758 557 1822 propalam
587 1757 700 1820 saepe.
725 1756 950 1819 appellans
970 1758 1180 1810 Arbetio,
1199 1758 1251 1804 ad
1277 1759 1411 1805 inne-

133 1832 309 1880 &tendas
337 1830 489 1878 letales
517 1829 691 1876 infidias
724 1828 828 1874 vitae
858 1828 1043 1891 simplici
1073 1846 1287 1893 perquam
1315 1829 1410 1876 cal-

131 1906 254 1964 lens,
291 1904 344 1951 &
379 1920 430 1950 ea
465 1902 717 1965 tempestate
751 1901 934 1948 nimium
973 1914 1148 1964 potens.
1192 1906 1255 1949 Ut
1289 1903 1428 1951 enim-

131 1980 439 2027 subterraneus
468 1978 642 2041 serpens
665 1977 866 2024 foramen
899 1977 1119 2025 subsidens
1145 1980 1374 2026 occultum
1394 2016 1411 2036 ,

134 2053 295 2101 assultu
313 2053 460 2100 subito
476 2052 673 2115 singulos
690 2051 941 2098 transitores
960 2052 1201 2101 observans
1219 2053 1411 2102 incessit:

135 2130 198 2176 ita
221 2130 296 2176 ille
325 2131 380 2178 ab
399 2130 500 2176 imae
529 2129 657 2177 sortis
677 2127 880 2192 gregario
899 2129 954 2175 ad
984 2128 1204 2176 summum
1233 2130 1411 2175 evea-us

133 2200 306 2248 militiae
328 2218 515 2258 munus,
538 2217 620 2248 nec
642 2199 764 2246 laesus
793 2199 1037 2262 aliquando
1059 2216 1141 2247 nec
1160 2199 1379 2247 lacessitus
1396 2237 1411 2257 ,

134 2272 394 2336 inexplebili
414 2273 606 2336 quodam
627 2271 815 2318 laedendi
836 2270 1071 2334 proposito
1091 2270 1411 2319 conscientiam

135 2345 380 2408 polluebat.
412 2346 549 2410 igitur
577 2345 729 2409 paucis
754 2361 1019 2392 arcanorum
1044 2344 1262 2409 praefeoffis
1299 2362 1412 2392 con-

136 2418 254 2477 sciis,
273 2418 458 2466 latenter
472 2437 574 2468 cum
592 2423 862 2481 Imperatore
878 2419 1138 2466 sententiam
1160 2434 1346 2482 rogante
1366 2418 1413 2464 id

136 2489 331 2550 sederat,
351 2503 400 2538 ut
423 2491 554 2539 noste
574 2486 764 2542 ventura
791 2489 951 2554 procul
972 2506 995 2538 a
1026 2489 1269 2554 conspeetu
1295 2487 1417 2535 mili-
