1626 2917
162 216 248 266 182
348 215 693 264 AMMIANI
744 212 1241 260 MARCELLINI

156 332 250 369 tere
284 323 464 384 quidem
508 322 681 369 australi
711 359 725 381 ‚
765 323 1020 387 geniculato
1055 325 1250 389 Tigridis
1287 333 1436 371 meatu

158 394 376 441 subluitur
405 394 588 456 propius
616 395 879 458 emergentis
903 413 913 442 :
945 413 1030 458 qua
1057 396 1162 443 Euri
1187 396 1438 460 opponitur

157 467 355 523 flatibus,
378 467 717 529 Mesopotamiae
734 469 863 530 plana
886 469 1103 532 despeftat
1126 488 1136 516 :
1158 471 1274 516 unde
1295 467 1439 532 Aqui-

158 541 256 589 loni
291 540 494 588 obnoxia
525 540 613 599 est,
639 542 903 604 Nymphaeo
927 543 1047 589 amni
1078 543 1228 590 vicina
1250 579 1263 599 ,
1296 541 1439 588 verti-

159 614 286 661 cibus
308 613 518 660 Taurinis
536 615 791 671 umbratur,
812 631 964 680 gentes
982 617 1353 681 Transtigritanas
1373 615 1440 662 di-

158 688 422 736 rimentibus
451 691 499 736 &
535 689 788 736 Armeniam
820 708 831 737 :
870 690 1048 752 spiranti
1078 692 1295 755 Zephyro
1329 707 1443 738 con-

159 761 351 810 traversa
376 763 708 810 Gumathenam
727 763 978 828 contingit,
1008 765 1237 826 regionem
1259 764 1443 810 uberem

160 839 210 884 &
230 836 352 883 cultu
377 835 498 898 juxta
524 835 815 884 foecundam:
842 836 888 883 in
917 854 1004 900 qua
1033 836 1163 884 vicus
1189 837 1249 884 est
1268 836 1443 884 Abarne

162 909 350 957 nomine
381 946 395 969 ‚
438 909 710 972 sospitalium
733 928 951 974 aquarum
972 911 1162 958 lavacris
1198 909 1446 958 calentibus

162 996 314 1031 notus.
347 986 396 1029 ln
420 982 518 1045 ipso
551 996 697 1031 autem
740 984 913 1030 Amidae
947 983 1200 1030 meditullio
1230 983 1308 1029 sub
1345 997 1447 1028 arce

164 1056 269 1104 fons
297 1057 422 1104 dives
450 1057 680 1112 exundat,
708 1057 920 1119 potabilis
955 1056 1132 1118 quidem
1150 1093 1163 1113 ‚
1192 1057 1264 1103 sed
1298 1073 1448 1118 vapo-

163 1130 269 1178 ratis
314 1130 488 1176 aestibus
522 1146 849 1192 nonnunquam
886 1128 1069 1176 foetens.
1112 1129 1255 1187 Cujus
1290 1127 1449 1192 oppidi

164 1204 371 1268 praefidio
399 1218 489 1251 erat
521 1204 690 1266 semper
709 1204 861 1267 quinta
880 1204 1077 1252 Parthica
1110 1203 1228 1267 legio
1259 1203 1449 1250 destina-

164 1291 235 1337 ta,
258 1296 357 1326 cum
383 1278 690 1340 indigenarum
711 1290 854 1325 turma
880 1295 973 1325 non
1001 1268 1344 1326 contemnenda.
1363 1275 1450 1323 Sed

165 1363 273 1398 tunc
292 1351 570 1413 ingruentem
597 1351 824 1397 Persarum
852 1350 1186 1396 multitudinem
1210 1348 1283 1395 sex
1304 1348 1450 1412 legio-¹

166 1441 246 1471 nes
278 1424 437 1486 raptim
466 1422 685 1485 percursis
719 1422 952 1468 itineribus
991 1421 1279 1485 antegressae,
1309 1421 1449 1469 muris

166 1498 372 1547 adstitere
402 1496 683 1552 firmissimis,
729 1496 1032 1560 Magnentiaci
1066 1497 1114 1543 ὅ(
1149 1494 1451 1554 Decentiaci,

166 1590 283 1638 quos
313 1564 411 1634 post
435 1570 768 1618 consummatos
799 1569 957 1617 civiles
985 1568 1266 1635 procinctu-s,
1289 1582 1339 1616 ut
1365 1568 1453 1615 fal·

170 1648 284 1695 laces
303 1647 352 1693 &
373 1644 594 1702 turbidos,
614 1644 668 1691 ad
686 1643 919 1690 Orientem
941 1641 1097 1689 venire
1119 1642 1341 1705 compulit
1362 1644 1455 1688 Im-

169 1733 385 1785 perator,
419 1717 496 1765 ubi
531 1718 643 1765 nihil
676 1730 835 1779 praeter
866 1716 980 1764 bella
1012 1716 1193 1763 timetur
1235 1730 1416 1763 externa
1438 1733 1454 1765 ε

169 1795 218 1840 &
243 1791 534 1839 Tricesimani
570 1791 902 1854 Decimanique
932 1788 1162 1836 Fortenses
1181 1825 1195 1847 ‚
1217 1790 1267 1836 &
1296 1788 1452 1852 super-

169 1880 386 1914 ventores
416 1878 547 1927 atque
579 1877 887 1927 praeventores
917 1880 1017 1910 cum
1044 1862 1221 1910 AEliano
1251 1862 1337 1923 jam
1368 1879 1451 1909 co-

171 1938 280 1986 mite
300 1974 313 1996 ,
337 1955 454 2001 quos
480 1937 652 1984 tirones
683 1951 776 1985 tum
801 1937 933 1984 etiam
968 1935 1180 1983 novellos
1201 1972 1214 1991 ‚
1241 1935 1451 1981 hortante

172 2024 423 2058 memorato
444 2011 586 2057 adhuc
607 2011 882 2070 protectore,
901 2009 1086 2073 erupiffe
1103 2026 1126 2055 a
1146 2008 1453 2069 Singara,Per·

172 2083 323 2146 sasque
354 2082 476 2130 fusos
501 2083 546 2129 in
573 2082 778 2129 somnum
809 2083 1040 2129 retulimus
1074 2080 1302 2128 trucidasse
1327 2097 1451 2129 com-

174 2156 336 2219 plures.
356 2156 518 2203 Aderat
546 2156 764 2202 comitum
794 2171 976 2218 quoque
1005 2153 1331 2217 sagittariorum
1353 2168 1454 2214 pars

173 2228 320 2289 major
340 2265 353 2286 ‚
387 2228 611 2292 equestres
645 2229 858 2276 videlicet
886 2241 1044 2274 turmae
1071 2227 1130 2273 ita
1153 2225 1454 2289 cognomina-

174 2316 232 2349 tae
253 2337 266 2358 ‚
288 2302 366 2348 ubi
398 2315 569 2348 merent
601 2319 758 2349 omnes
785 2302 967 2366 ingenui
1001 2301 1202 2359 barbari,
1226 2316 1455 2348 armorum

176 2374 434 2436 viriumque
465 2372 742 2420 firmitudine
775 2373 892 2420 inter
918 2372 1030 2420 alios
1058 2372 1316 2419 eminentes.

239 2447 298 2494 X.
323 2447 430 2493 Haec
457 2445 564 2492 dum
583 2444 715 2507 primi
736 2444 926 2507 impetus
949 2443 1084 2489 turbo
1106 2443 1340 2490 conatibus
1360 2440 1456 2505 agi-s

175 2531 239 2569 tat
270 2519 535 2585 insperatis,
571 2535 650 2567 rex
684 2535 784 2566 cum
817 2517 991 2582 populo
1020 2515 1098 2564 suo
1130 2514 1455 2581 gentibusque,
