1626 2917
208 155 336 200 SUB
374 153 829 204 CONSTANTINO
872 159 1113 206 MAGNO
1148 159 1226 209 &a
1263 173 1392 207 xun

120 259 252 299 tiniani
283 261 414 302 rexisse
439 262 624 313 potestate
648 263 814 303 Praefefti
842 265 988 306 Italiam
1018 268 1053 306 ἅ
1079 266 1285 319 Illyricum.
1312 268 1396 308 Ho.

117 333 201 360 rum
228 323 403 362 omnium
435 324 713 364 ordinariorum
747 327 902 365 ministri
925 329 960 366 δε
989 328 1167 376 officiales
1192 328 1398 379 Apparito·

120 396 180 424 res
205 385 384 427 dicuntur
407 388 537 438 paffim
553 419 564 437 ,
585 389 648 439 qui
670 392 704 429 ἃ
724 389 904 430 Scholam
931 394 966 431 δε
990 392 1201 442 Principem
1230 391 1393 440 habent,

119 458 231 496 quem
252 449 513 499 Apparitionis
547 450 763 501 Principem
790 452 1025 502 appellatum
1048 453 1113 492 hic
1140 453 1314 504 legimus.

172 518 400 560 militarium
430 522 742 571 magistratuum,
770 524 833 573 qui
865 526 899 564 &
926 523 1134 564 castrenses
1155 523 1397 575 appellantur

117 579 344 630 Ammiano,
363 582 426 622 alii
451 585 652 633 peditum,
674 584 740 623 alii
765 585 937 634 equitum
962 586 1129 635 Magistri
1152 585 1396 632 dicebantur3

120 650 279 692 uterque
303 643 485 694 Magister
509 658 700 684 armorum
724 645 772 684 ab
791 647 996 685 Ammiano
1023 645 1119 695 saepe
1145 653 1399 695 nuncupatur.

120 703 164 743 In
190 703 336 744 Codice
355 713 519 755 utroque
546 706 661 745 etiam
684 706 848 745 militum
871 706 1038 756 Magistri
1062 704 1313 755 appellantur.
1347 703 1399 743 Hi

119 767 340 817 portionem
372 768 565 818 potestatis
592 775 762 807 veterum
790 768 1057 807 praefectorum
1084 768 1259 807 Praetorio
1284 764 1402 804 habe-

124 827 243 876 bant,
273 842 416 881 nempe
447 830 651 880 disciplinae
677 830 847 869 militaris
871 829 1105 877 custodiam,
1139 831 1173 868 δε
1201 830 1260 876 jus
1280 825 1403 877 gladii

122 887 166 927 in
187 888 327 929 milites
344 921 356 939 ,
383 903 478 941 quos
507 891 621 930 etiam
654 890 882 930 ordinabant
897 920 907 939 ,
941 898 984 929 ut
1004 890 1174 930 Zofimus
1195 889 1257 929 ait.
1290 886 1403 937 Equi-

123 956 208 990 tum
238 951 417 1002 Magister
446 952 586 991 dicitur
620 966 641 991 a
667 951 898 993 Marcellino
927 951 993 993 lib.
1022 951 1196 991 XXVIII
1227 950 1401 999 equitum

125 1013 254 1063 copias
277 1014 399 1054 tueri:
426 1014 530 1053 idem
557 1027 647 1065 ergo
674 1015 723 1054 de
745 1015 928 1066 Magistro
950 1014 1125 1064 peditum
1149 1012 1222 1051 dici
1246 1012 1404 1062 poterit.

125 1074 197 1114 His
220 1082 349 1115 autem
370 1077 561 1117 exercitus
587 1076 823 1128 potissimum
851 1075 1215 1123 committebantur3
1247 1073 1286 1112 hi
1320 1086 1402 1125 mass

124 1148 283 1184 gnarum
304 1139 340 1178 &
361 1137 563 1178 arduarum
579 1139 869 1190 expeditionum
888 1138 1005 1178 duces
1022 1137 1307 1187 deligebantur:
1336 1147 1405 1174 ca·-

117 1197 184 1248 jus
209 1199 263 1238 rei
282 1199 459 1251 exempla
486 1201 526 1240 in
546 1200 620 1241 hac
648 1201 801 1241 historia
828 1201 915 1241 sunt
938 1214 1016 1240 non
1041 1212 1172 1251 pauca.
1198 1197 1404 1239 Habebam:

126 1259 162 1299 &
192 1257 232 1298 hi
255 1260 519 1312 Apparitores,
553 1269 597 1302 ut
627 1262 748 1301 civilis
773 1263 1030 1314 magistratus,
1055 1274 1217 1312 quorum
1249 1260 1288 1299 in
1312 1260 1404 1308 Jure

125 1334 207 1360 non
233 1322 393 1363 obscura
421 1324 589 1366 mentio:
627 1323 823 1364 habebant
850 1325 884 1363 Sc
910 1323 1144 1364 Promolores
1169 1321 1401 1372 aliquando„

128 1388 172 1424 ut
192 1384 318 1433 postea
344 1385 532 1426 dicemus.
565 1385 739 1426 Militum
764 1397 876 1435 porro
905 1383 970 1423 alii
997 1384 1037 1422 in
1068 1383 1237 1422 exercitu
1268 1390 1403 1428 erant;

129 1444 194 1484 alii
215 1446 255 1485 in
280 1446 467 1489 limitibus
494 1451 531 1490 ὁὶ
557 1448 736 1500 praefidiis
765 1446 1027 1495 excubabant3
1066 1445 1130 1485 alii
1158 1447 1198 1484 in
1221 1445 1406 1483 comitatu

129 1508 285 1558 Augusti
307 1519 373 1551 aut
392 1511 543 1552 Caesaris
569 1511 823 1551 versabantur.
849 1511 903 1551 Ex
926 1509 984 1549 his
1005 1509 1067 1548 alii
1082 1509 1314 1549 Protectores
1330 1507 1406 1547 Do-

129 1570 301 1619 mestici,
327 1573 362 1612 ἃ
383 1575 553 1624 corporis
590 1573 813 1625 principalis
840 1573 1013 1613 costodes
1034 1581 1168 1621 erant,
1203 1573 1306 1611 unde
1333 1584 1407 1609 no-

130 1641 220 1668 men
241 1631 500 1673 Protectorum
522 1633 642 1673 sortiti
664 1634 768 1682 sunt,
795 1633 846 1672 ait
868 1633 965 1683 Imp.
991 1633 1032 1672 L.
1060 1648 1083 1686 9
1106 1632 1148 1671 C.
1165 1631 1240 1672 Tb..
1267 1630 1314 1669 de
1331 1630 1408 1669 Do-

130 1691 273 1731 mestic.
301 1695 334 1732 δι
352 1694 512 1735 Prote&
540 1695 612 1736 Alii
636 1696 801 1746 legiones
816 1694 1091 1735 Comitatenses
1114 1693 1405 1732 constituebant.

131 1750 184 1789 Hi
210 1764 411 1807 numeros„
431 1754 488 1794 illi
504 1754 684 1796 Scholam
705 1755 922 1802 habebant,
948 1768 992 1793 ac
1017 1754 1175 1805 perinde
1189 1753 1406 1798 Comitem,

132 1813 348 1856 Tribunum
372 1829 417 1857 ac
443 1818 703 1857 Primicerium
729 1818 802 1857 five
824 1818 1005 1858 Primum.
1039 1818 1139 1857 Nam
1165 1825 1207 1854 ut
1228 1815 1409 1855 primice-

132 1876 208 1916 rius
233 1878 475 1931 distinguitur
494 1895 516 1921 a
542 1882 714 1922 Tribuno
742 1882 804 1921 lib.
834 1881 966 1923 va
994 1880 1110 1929 hujus·
1133 1878 1317 1925 histor1ae,
1340 1877 1407 1916 ubi

135 1936 199 1979 hic
224 1940 266 1980 fit
284 1956 332 1982 ex
362 1942 428 1982 illo
448 1957 458 1984 :
490 1945 540 1984 fic
564 1959 585 1984 a
612 1945 784 1985 Tribuno
799 1945 1105 1985 Domesticorum
1125 1942 1314 1994 separatur
1331 1942 1408 1982 Co-

135 2014 217 2042 mes
239 2002 308 2043 lib.
337 2005 434 2046 XX.
472 2007 529 2047 Ex
552 2007 726 2047 Tribuno
751 2008 856 2046 enim
882 2006 998 2046 fiebat
1032 2006 1195 2046 Comes:
1229 2014 1269 2044 ut
1294 2005 1409 2045 Boni-

135 2062 257 2104 facius
276 2064 520 2119 i11e‚scriptis
545 2069 593 2108 D.
612 2068 805 2119 Augustini
828 2068 1062 2115 notillimuS,
1087 2081 1174 2107 cum
1198 2077 1307 2107 antea
1328 2067 1412 2107 Tri-

136 2123 263 2167 hunus
293 2129 445 2177 suisset,
477 2130 604 2181 postea
640 2130 869 2170 Comitivam
906 2130 1209 2169 Domesticorum
1246 2129 1411 2172 affumlit

136 2189 381 2239 potestatem,
410 2202 452 2231 ut
478 2193 579 2232 idem
610 2193 662 2232 ait
690 2193 802 2243 Epist.
824 2193 961 2241 LXX,
999 2195 1035 2233 δε
1067 2193 1213 2244 magnis
1250 2192 1411 2244 legioni-

141 2249 211 2290 bus
237 2253 480 2308 imperitavit.
511 2256 557 2295 Et
581 2255 718 2294 horum
741 2257 896 2306 quidem
915 2257 1173 2296 protectorum
1195 2269 1278 2306 pars
1306 2256 1414 2305 equi-

139 2318 218 2359 tes,
244 2326 327 2363 pars
354 2317 502 2365 pedites
529 2317 710 2356 fuerunt:
746 2325 790 2356 ut
821 2319 860 2356 in
888 2319 964 2356 vita
990 2318 1180 2358 Ammiani
1205 2318 1384 2357 adnotavi
1405 2348 1417 2365 ‚

139 2373 182 2411 in
202 2376 310 2422 cujus
338 2375 497 2416 Historia
527 2377 732 2419 Domestici
763 2391 841 2417 non
862 2378 925 2418 alii
948 2378 1053 2427 sunt,
1083 2391 1196 2429 quam
1222 2379 1414 2418 Protecto-

143 2446 200 2475 res
224 2434 440 2478 Domestici.
468 2439 582 2481 Erant
609 2440 710 2480 enirn
738 2442 772 2481 ὃς
804 2440 868 2481 alii
896 2441 1155 2490 Proteftore83
1179 2454 1256 2481 non
1285 2449 1414 2481 tamen
