1626 2917
1347 186 1405 231 45

213 317 675 387 AMMIANI
735 316 1334 386 MARCELLINI

138 481 615 572 RERUM
677 482 1410 575 GESTARUM

491 675 836 731 LIBER
901 675 1049 733 XV.

133 939 242 983 Mors
265 939 362 981 Galli
379 939 529 980 Caesaris
542 929 763 990 im‘perat‘ori
778 938 984 979 nuntiatur.
1001 940 1040 979 C.
1058 940 1088 978 Ι,
1106 940 1297 980 Ursicinus
1318 941 1411 982 Ma:

187 1003 298 1054 gister
314 1002 485 1052 equitum
509 1014 576 1052 per
597 1001 821 1047 Orientem,
837 1000 1013 1048 Julianus
1037 1001 1131 1040 Galli
1160 1002 1250 1043 Caes.
1273 1002 1409 1053 frater,

188 1067 225 1105 δε
258 1065 469 1116 Gorgonius
491 1063 711 1115 praepofitus
738 1062 934 1102 Caesariani
958 1063 1126 1102 cubiculi
1148 1094 1158 1111 ,
1186 1065 1411 1105 accusantur

184 1128 404 1177 majestatis.
425 1128 474 1169 II.
495 1127 539 1168 In
563 1126 660 1167 Galli
678 1126 830 1166 Caesaris
855 1126 997 1165 amicos
1021 1128 1056 1166 ὁὶ
1081 1126 1267 1167 ministros
1282 1130 1411 1168 anim-

186 1189 408 1229 advertitur.
435 1188 505 1229 III.
531 1186 752 1229 Lentienses
767 1187 965 1226 Alamanni
986 1200 1006 1226 a
1031 1188 1252 1228 Constantio
1273 1191 1312 1230 A.
1325 1204 1412 1241 pars

184 1249 289 1297 caefi,
320 1261 406 1300 pars
428 1248 562 1300 fugati.
583 1249 652 1288 IV.
685 1247 860 1288 Silvanus
887 1249 1075 1298 francus,
1102 1251 1275 1301 magister
1299 1254 1411 1303 pedi-

181 1317 266 1349 tum
284 1323 351 1360 per
368 1309 527 1358 Gallias,
545 1308 713 1348 Coloniae
732 1310 919 1360 Augustus
934 1311 1167 1361 appellatur,
1187 1314 1221 1352 Sc
1238 1324 1410 1354 XXVIII

182 1372 334 1423 imperii
362 1372 424 1412 die
447 1385 514 1422 per
533 1371 683 1410 infidias
711 1372 952 1421 opprimitur.
984 1375 1027 1412 V.
1056 1373 1202 1413 Silvani
1229 1376 1341 1414 amici
1372 1380 1409 1416 ἐζ

186 1433 328 1472 conscii
351 1432 487 1472 necati.
519 1432 580 1472 VI.
607 1432 664 1471 Ab
685 1432 847 1472 Leontio
871 1434 1051 1483 praefefto
1072 1434 1157 1473 urbi
1177 1435 1309 1486 populi
1328 1437 1410 1476 Ro·-

182 1494 290 1532 mani
308 1492 512 1532 seditiones
534 1492 714 1543 repreffae.
738 1493 911 1533 Liberius
928 1494 1132 1545 episcopus
1156 1494 1245 1535 sede
1267 1497 1411 1547 pulsus.

188 1556 272 1594 VII.
296 1554 468 1603 Julianus
492 1553 589 1594 Galli
618 1553 734 1592 frater
753 1567 773 1592 a
798 1554 1017 1594 Constantio
1042 1556 1083 1595 A.
1105 1555 1221 1595 fratre
1245 1558 1412 1608 patrueli

186 1617 306 1658 Caesar
323 1625 470 1656 creatur
491 1629 536 1656 ac
554 1615 754 1666 praeficitur
781 1615 924 1655 Galliis.
946 1618 1049 1655 VIII.
1077 1616 1133 1655 De
1150 1619 1298 1670 origine
1315 1620 1411 1659 Gal·-

178 1679 310 1720 ‘lorum
325 1711 337 1730 ‚
362 1683 399 1721 &
418 1680 520 1719 unde
544 1680 634 1718 dieti
660 1677 775 1718 Celtae
797 1691 841 1717 ac
858 1678 998 1718 Galatae
1011 1709 1022 1727 ‚
1041 1680 1164 1730 deque
1184 1693 1317 1720 eorum
1335 1681 1411 1720 do-

185 1743 365 1791 &oribus
394 1745 464 1783 IX.
487 1743 545 1782 De
568 1741 727 1792 Alpibus
750 1741 975 1790 Gallicanis,
1000 1744 1034 1781 ἃ
1058 1741 1106 1782 de
1127 1743 1236 1782 variis
1256 1756 1323 1794 per
1347 1757 1411 1783 eas

182 1804 393 1845 itineribus.
419 1808 470 1845 X.
500 1805 628 1844 Brevis
657 1805 785 1843 divisio
808 1817 852 1843 ac
877 1804 1081 1854 descriptio
1114 1805 1346 1855 Galliarum,
1372 1809 1412 1848 Sc

101 1878 110 1887 ·
184 1867 314 1906 cursus
329 1867 500 1907 fluminis
517 1866 708 1907 Rhodani.
734 1868 808 1906 XI.
832 1866 888 1906 De
904 1866 1075 1905 moribus
1094 1866 1301 1907 Gallorum.
1317 1869 1407 1908 XII.

181 1929 241 1969 De
264 1929 493 1970 Musoniano
515 1930 696 1982 praefecto
719 1930 895 1981 praetorio
922 1942 989 1980 per
1008 1929 1220 1970 Orientem.
1236 1931 1350 1971 XIII.

129 2037 506 2158 UTCUNQUE
520 2101 751 2165 potuimus
763 2101 995 2150 veritatem
1012 2101 1212 2160 scrutari,
1227 2119 1294 2161 ea,
1309 2119 1409 2167 φιτ,

127 2174 286 2222 videre
308 2175 436 2223 licuit
453 2193 532 2239 per
549 2187 746 2233 aetatem,
765 2174 838 2221 vel
856 2174 1068 2237 perplexe
1086 2174 1409 2238 interrogando

129 2248 331 2296 versatos
349 2248 395 2295 in
416 2249 566 2296 medio
587 2249 696 2296 scire
711 2281 725 2303 ‚
747 2247 1028 2294 narravimus
1049 2247 1207 2294 ordine
1227 2247 1409 2294 castium

129 2321 337 2383 exposito
367 2322 651 2370 diversorum
673 2339 682 2369 :
704 2321 897 2381 residua,
917 2338 1016 2385 quae
1045 2321 1271 2368 secuturus
1301 2338 1411 2383 ape-

130 2395 217 2441 riet
244 2408 388 2443 textus
401 2431 414 2452 ,
433 2412 519 2459 pro
537 2395 707 2444 virium
726 2407 857 2457 captu
885 2394 1079 2443 limatius
1099 2394 1411 2453 absolvemus,

125 2465 242 2513 nihil
271 2467 591 2517 ohtre&atores
615 2468 772 2532 longi,
788 2480 839 2516 ut
865 2481 1050 2532 putant,
1075 2469 1224 2533 operis
1246 2466 1411 2520 formi-,
