<?xml version="1.0" encoding="UTF-8"?>
<!DOCTYPE html PUBLIC "-//W3C//DTD XHTML 1.0 Transitional//EN"
    "http://www.w3.org/TR/xhtml1/DTD/xhtml1-transitional.dtd">
<html xmlns="http://www.w3.org/1999/xhtml" xml:lang="en" lang="en">
 <head>
  <title>
</title>
<meta http-equiv="Content-Type" content="text/html;charset=utf-8" />
  <meta name='ocr-system' content='tesseract 3.04.00' />
  <meta name='ocr-capabilities' content='ocr_page ocr_carea ocr_par ocr_line ocrx_word'/>
</head>
<body>
  <div class='ocr_page' id='page_1' title='image "./rerumgestarumqui00ammiuoft_0640.png"; bbox 0 0 1626 2917; ppageno 0'>
   <div class='ocr_carea' id='block_1_1' title="bbox 253 179 1305 229">
    <p class='ocr_par' dir='ltr' id='par_1_1' title="bbox 253 179 1305 229">
     <span class='ocr_line' id='line_1_1' title="bbox 253 179 1305 229; baseline 0.004 -4"><span class='ocrx_word' id='word_1_1' title='bbox 253 180 343 225; x_wconf 86' lang='lat'><strong>206</strong></span> <span class='ocrx_word' id='word_1_2' title='bbox 467 179 802 225; x_wconf 84' lang='lat' dir='ltr'><strong>AMMIANI</strong></span> <span class='ocrx_word' id='word_1_3' title='bbox 848 180 1305 229; x_wconf 69' lang='lat' dir='ltr'>MARCELLINI</span> 
     </span>
    </p>
   </div>
   <div class='ocr_carea' id='block_1_2' title="bbox 227 283 1532 2551">
    <p class='ocr_par' dir='ltr' id='par_1_2' title="bbox 227 283 1532 2551">
     <span class='ocr_line' id='line_1_2' title="bbox 249 283 1530 350; baseline 0.004 -20"><span class='ocrx_word' id='word_1_4' title='bbox 249 301 358 330; x_wconf 81' lang='lat' dir='ltr'><strong>num</strong></span> <span class='ocrx_word' id='word_1_5' title='bbox 393 283 562 329; x_wconf 87' lang='lat' dir='ltr'><strong>suarum</strong></span> <span class='ocrx_word' id='word_1_6' title='bbox 595 283 818 332; x_wconf 85' lang='lat' dir='ltr'>faciebant</span> <span class='ocrx_word' id='word_1_7' title='bbox 847 297 1082 344; x_wconf 80' lang='lat' dir='ltr'><strong>extorres,</strong></span> <span class='ocrx_word' id='word_1_8' title='bbox 1114 292 1228 349; x_wconf 83' lang='lat' dir='ltr'><strong>opus</strong></span> <span class='ocrx_word' id='word_1_9' title='bbox 1256 287 1391 350; x_wconf 86' lang='lat' dir='ltr'><strong>paulo</strong></span> <span class='ocrx_word' id='word_1_10' title='bbox 1429 300 1530 336; x_wconf 89' lang='lat' dir='ltr'><strong>ante</strong></span> 
     </span>
     <span class='ocr_line' id='line_1_3' title="bbox 248 356 1532 423; baseline 0.004 -21"><span class='ocrx_word' id='word_1_11' title='bbox 248 356 515 402; x_wconf 89' lang='lat' dir='ltr'><strong>inchoatum</strong></span> <span class='ocrx_word' id='word_1_12' title='bbox 541 357 822 420; x_wconf 85' lang='lat' dir='ltr'>aggreditur,</span> <span class='ocrx_word' id='word_1_13' title='bbox 851 358 1030 406; x_wconf 70' lang='lat' dir='ltr'><strong>admissa</strong></span> <span class='ocrx_word' id='word_1_14' title='bbox 1048 359 1191 421; x_wconf 42' lang='lat' dir='ltr'><strong>*copia</strong></span> <span class='ocrx_word' id='word_1_15' title='bbox 1218 361 1406 423; x_wconf 86' lang='lat' dir='ltr'><strong>rogandi</strong></span> <span class='ocrx_word' id='word_1_16' title='bbox 1437 360 1532 419; x_wconf 30' lang='lat' dir='ltr'><strong>sus·-</strong></span> 
     </span>
     <span class='ocr_line' id='line_1_4' title="bbox 247 428 1529 497; baseline 0.006 -23"><span class='ocrx_word' id='word_1_17' title='bbox 247 428 443 492; x_wconf 85' lang='lat' dir='ltr'><strong>pensum.</strong></span> <span class='ocrx_word' id='word_1_18' title='bbox 462 430 676 493; x_wconf 86' lang='lat' dir='ltr'><strong>Denique</strong></span> <span class='ocrx_word' id='word_1_19' title='bbox 704 431 948 480; x_wconf 85' lang='lat' dir='ltr'><strong>Gabinium</strong></span> <span class='ocrx_word' id='word_1_20' title='bbox 966 443 1114 497; x_wconf 87' lang='lat' dir='ltr'><strong>regem</strong></span> <span class='ocrx_word' id='word_1_21' title='bbox 1129 468 1144 491; x_wconf 91' lang='lat'><strong>,</strong></span> <span class='ocrx_word' id='word_1_22' title='bbox 1167 449 1223 480; x_wconf 91' lang='lat' dir='ltr'><strong>ne</strong></span> <span class='ocrx_word' id='word_1_23' title='bbox 1248 434 1357 497; x_wconf 86' lang='lat' dir='ltr'><strong>quid</strong></span> <span class='ocrx_word' id='word_1_24' title='bbox 1381 451 1529 482; x_wconf 86' lang='lat' dir='ltr'><strong>nova-</strong></span> 
     </span>
     <span class='ocr_line' id='line_1_5' title="bbox 247 503 1530 566; baseline 0.007 -20"><span class='ocrx_word' id='word_1_25' title='bbox 247 515 372 547; x_wconf 82' lang='lat' dir='ltr'>retur</span> <span class='ocrx_word' id='word_1_26' title='bbox 388 537 400 559; x_wconf 91' lang='lat'><strong>,</strong></span> <span class='ocrx_word' id='word_1_27' title='bbox 423 503 621 549; x_wconf 87' lang='lat' dir='ltr'><strong>modeste</strong></span> <span class='ocrx_word' id='word_1_28' title='bbox 648 503 907 565; x_wconf 89' lang='lat' dir='ltr'><strong>poscentem</strong></span> <span class='ocrx_word' id='word_1_29' title='bbox 921 540 935 563; x_wconf 93' lang='lat'><strong>,</strong></span> <span class='ocrx_word' id='word_1_30' title='bbox 955 519 1005 552; x_wconf 90' lang='lat' dir='ltr'><strong>ut</strong></span> <span class='ocrx_word' id='word_1_31' title='bbox 1033 506 1302 566; x_wconf 74' lang='lat' dir='ltr'><strong>assensurus,</strong></span> <span class='ocrx_word' id='word_1_32' title='bbox 1321 508 1530 555; x_wconf 81' lang='lat' dir='ltr'><strong>humani·-</strong></span> 
     </span>
     <span class='ocr_line' id='line_1_6' title="bbox 247 576 1530 645; baseline 0.007 -24"><span class='ocrx_word' id='word_1_33' title='bbox 247 587 336 621; x_wconf 89' lang='lat' dir='ltr'><strong>tate</strong></span> <span class='ocrx_word' id='word_1_34' title='bbox 367 576 567 623; x_wconf 81' lang='lat' dir='ltr'><strong>simulata</strong></span> <span class='ocrx_word' id='word_1_35' title='bbox 591 594 692 624; x_wconf 88' lang='lat' dir='ltr'><strong>cum</strong></span> <span class='ocrx_word' id='word_1_36' title='bbox 722 577 818 624; x_wconf 86' lang='lat' dir='ltr'><strong>aliis</strong></span> <span class='ocrx_word' id='word_1_37' title='bbox 843 577 897 624; x_wconf 89' lang='lat' dir='ltr'><strong>ad</strong></span> <span class='ocrx_word' id='word_1_38' title='bbox 933 580 1204 631; x_wconf 82' lang='lat' dir='ltr'><strong>convivium</strong></span> <span class='ocrx_word' id='word_1_39' title='bbox 1241 582 1530 645; x_wconf 83' lang='lat' dir='ltr'>corrogavit:</span> 
     </span>
     <span class='ocr_line' id='line_1_7' title="bbox 245 649 1528 713; baseline 0.004 -18"><span class='ocrx_word' id='word_1_40' title='bbox 245 666 382 710; x_wconf 79' lang='lat' dir='ltr'><strong>quem</strong></span> <span class='ocrx_word' id='word_1_41' title='bbox 414 649 733 713; x_wconf 75' lang='lat' dir='ltr'><strong>digredientem</strong></span> <span class='ocrx_word' id='word_1_42' title='bbox 774 649 873 712; x_wconf 87' lang='lat' dir='ltr'><strong>post</strong></span> <span class='ocrx_word' id='word_1_43' title='bbox 912 650 1360 713; x_wconf 48' lang='lat' dir='ltr'><strong>epulasfhospitalis</strong></span> <span class='ocrx_word' id='word_1_44' title='bbox 1389 654 1528 701; x_wconf 83' lang='lat' dir='ltr'><strong>officii</strong></span> 
     </span>
     <span class='ocr_line' id='line_1_8' title="bbox 246 722 1529 777; baseline 0.002 -6"><span class='ocrx_word' id='word_1_45' title='bbox 246 723 473 771; x_wconf 51' lang='lat' dir='ltr'><strong>{antistare</strong></span> <span class='ocrx_word' id='word_1_46' title='bbox 496 722 660 771; x_wconf 79' lang='lat' dir='ltr'><strong>nefarie</strong></span> <span class='ocrx_word' id='word_1_47' title='bbox 695 723 863 770; x_wconf 87' lang='lat' dir='ltr'><strong>violata</strong></span> <span class='ocrx_word' id='word_1_48' title='bbox 877 759 889 777; x_wconf 92' lang='lat'><em>‚</em></span> <span class='ocrx_word' id='word_1_49' title='bbox 911 723 1123 770; x_wconf 87' lang='lat' dir='ltr'><strong>trucidari</strong></span> <span class='ocrx_word' id='word_1_50' title='bbox 1143 724 1345 772; x_wconf 87' lang='lat' dir='ltr'><strong>securum</strong></span> <span class='ocrx_word' id='word_1_51' title='bbox 1366 726 1529 774; x_wconf 83' lang='lat' dir='ltr'><strong>effecit.</strong></span> 
     </span>
     <span class='ocr_line' id='line_1_9' title="bbox 246 795 1532 861; baseline 0.002 -18"><span class='ocrx_word' id='word_1_52' title='bbox 246 795 386 855; x_wconf 83' lang='lat' dir='ltr'><strong>Cujus</strong></span> <span class='ocrx_word' id='word_1_53' title='bbox 417 797 478 843; x_wconf 80' lang='lat' dir='ltr'><strong>rei</strong></span> <span class='ocrx_word' id='word_1_54' title='bbox 506 802 591 843; x_wconf 78' lang='lat' dir='ltr'><strong>tam</strong></span> <span class='ocrx_word' id='word_1_55' title='bbox 623 797 789 845; x_wconf 84' lang='lat' dir='ltr'><strong>atrocis</strong></span> <span class='ocrx_word' id='word_1_56' title='bbox 811 796 1109 845; x_wconf 76' lang='lat' dir='ltr'><strong>disseminatus</strong></span> <span class='ocrx_word' id='word_1_57' title='bbox 1125 814 1282 844; x_wconf 88' lang='lat' dir='ltr'><strong>rumor</strong></span> <span class='ocrx_word' id='word_1_58' title='bbox 1308 798 1431 846; x_wconf 82' lang='lat' dir='ltr'><strong>illico</strong></span> <span class='ocrx_word' id='word_1_59' title='bbox 1452 816 1532 861; x_wconf 88' lang='lat' dir='ltr'><strong>per</strong></span> 
     </span>
     <span class='ocr_line' id='line_1_10' title="bbox 227 869 1531 933; baseline 0.002 -16"><span class='ocrx_word' id='word_1_60' title='bbox 227 928 229 931; x_wconf 16' lang='lat' dir='ltr'>v</span> <span class='ocrx_word' id='word_1_61' title='bbox 247 869 447 928; x_wconf 80' lang='lat' dir='ltr'><strong>diversa,</strong></span> <span class='ocrx_word' id='word_1_62' title='bbox 477 873 526 919; x_wconf 89' lang='lat'>&amp;</span> <span class='ocrx_word' id='word_1_63' title='bbox 542 871 745 932; x_wconf 82' lang='lat' dir='ltr'>-Quados</span> <span class='ocrx_word' id='word_1_64' title='bbox 773 871 822 917; x_wconf 87' lang='lat'>&amp;</span> <span class='ocrx_word' id='word_1_65' title='bbox 843 883 994 933; x_wconf 86' lang='lat' dir='ltr'><strong>gentes</strong></span> <span class='ocrx_word' id='word_1_66' title='bbox 1014 870 1286 918; x_wconf 79' lang='lat' dir='ltr'><strong>circumfitas</strong></span> <span class='ocrx_word' id='word_1_67' title='bbox 1305 872 1531 920; x_wconf 87' lang='lat' dir='ltr'><strong>efferavit:</strong></span> 
     </span>
     <span class='ocr_line' id='line_1_11' title="bbox 245 943 1531 1008; baseline 0.002 -18"><span class='ocrx_word' id='word_1_68' title='bbox 245 943 450 1008; x_wconf 80' lang='lat' dir='ltr'><strong>regisque</strong></span> <span class='ocrx_word' id='word_1_69' title='bbox 483 943 638 990; x_wconf 84' lang='lat' dir='ltr'><strong>flentes</strong></span> <span class='ocrx_word' id='word_1_70' title='bbox 668 944 925 1002; x_wconf 87' lang='lat' dir='ltr'><strong>interitum,</strong></span> <span class='ocrx_word' id='word_1_71' title='bbox 947 944 993 989; x_wconf 90' lang='lat' dir='ltr'><strong>in</strong></span> <span class='ocrx_word' id='word_1_72' title='bbox 1015 960 1154 989; x_wconf 89' lang='lat' dir='ltr'><strong>unum</strong></span> <span class='ocrx_word' id='word_1_73' title='bbox 1181 946 1350 991; x_wconf 62' lang='lat' dir='ltr'><strong>coafiiae</strong></span> <span class='ocrx_word' id='word_1_74' title='bbox 1375 947 1531 994; x_wconf 80' lang='lat' dir='ltr'><strong>misere</strong></span> 
     </span>
     <span class='ocr_line' id='line_1_12' title="bbox 247 1016 1531 1081; baseline 0.002 -17"><span class='ocrx_word' id='word_1_75' title='bbox 247 1016 510 1064; x_wconf 78' lang='lat' dir='ltr'><strong>vastatorias</strong></span> <span class='ocrx_word' id='word_1_76' title='bbox 529 1034 706 1064; x_wconf 77' lang='lat' dir='ltr'><strong>manus:</strong></span> <span class='ocrx_word' id='word_1_77' title='bbox 722 1034 822 1081; x_wconf 85' lang='lat' dir='ltr'><strong>quae</strong></span> <span class='ocrx_word' id='word_1_78' title='bbox 838 1017 1102 1063; x_wconf 82' lang='lat' dir='ltr'>Danubium</span> <span class='ocrx_word' id='word_1_79' title='bbox 1123 1018 1408 1081; x_wconf 72' lang='lat' dir='ltr'><strong>transgressae,</strong></span> <span class='ocrx_word' id='word_1_80' title='bbox 1427 1036 1531 1067; x_wconf 77' lang='lat' dir='ltr'><strong>cum</strong></span> 
     </span>
     <span class='ocr_line' id='line_1_13' title="bbox 245 1088 1530 1153; baseline 0.002 -17"><span class='ocrx_word' id='word_1_81' title='bbox 245 1090 361 1136; x_wconf 81' lang='lat' dir='ltr'><strong>nihil</strong></span> <span class='ocrx_word' id='word_1_82' title='bbox 381 1089 704 1153; x_wconf 70' lang='lat' dir='ltr'><strong>exfi)e&amp;aretur</strong></span> <span class='ocrx_word' id='word_1_83' title='bbox 725 1088 911 1144; x_wconf 82' lang='lat' dir='ltr'><strong>host-ile,</strong></span> <span class='ocrx_word' id='word_1_84' title='bbox 932 1103 1196 1150; x_wconf 79' lang='lat' dir='ltr'>occupatam</span> <span class='ocrx_word' id='word_1_85' title='bbox 1219 1092 1333 1138; x_wconf 61' lang='lat' dir='ltr'><strong>circa</strong></span> <span class='ocrx_word' id='word_1_86' title='bbox 1355 1091 1530 1138; x_wconf 77' lang='lat' dir='ltr'><strong>mefl&#39;em</strong></span> 
     </span>
     <span class='ocr_line' id='line_1_14' title="bbox 246 1163 1529 1228; baseline 0.002 -18"><span class='ocrx_word' id='word_1_87' title='bbox 246 1166 459 1228; x_wconf 80' lang='lat' dir='ltr'><strong>agrestem</strong></span> <span class='ocrx_word' id='word_1_88' title='bbox 502 1165 672 1212; x_wconf 83' lang='lat' dir='ltr'><strong>adortae</strong></span> <span class='ocrx_word' id='word_1_89' title='bbox 709 1164 808 1210; x_wconf 88' lang='lat' dir='ltr'><strong>sunt</strong></span> <span class='ocrx_word' id='word_1_90' title='bbox 848 1163 1064 1226; x_wconf 86' lang='lat' dir='ltr'><strong>plebem:</strong></span> <span class='ocrx_word' id='word_1_91' title='bbox 1104 1164 1362 1227; x_wconf 84' lang='lat' dir='ltr'><strong>majoreque</strong></span> <span class='ocrx_word' id='word_1_92' title='bbox 1404 1181 1529 1228; x_wconf 84' lang='lat' dir='ltr'><strong>parte</strong></span> 
     </span>
     <span class='ocr_line' id='line_1_15' title="bbox 246 1238 1528 1301; baseline 0 -16"><span class='ocrx_word' id='word_1_93' title='bbox 246 1252 449 1285; x_wconf 84' lang='lat' dir='ltr'><strong>truncata</strong></span> <span class='ocrx_word' id='word_1_94' title='bbox 467 1275 481 1296; x_wconf 89' lang='lat'><strong>,</strong></span> <span class='ocrx_word' id='word_1_95' title='bbox 510 1238 728 1301; x_wconf 79' lang='lat' dir='ltr'><strong>quidquid</strong></span> <span class='ocrx_word' id='word_1_96' title='bbox 760 1238 1004 1300; x_wconf 79' lang='lat' dir='ltr'><strong>superfuit,</strong></span> <span class='ocrx_word' id='word_1_97' title='bbox 1027 1239 1212 1284; x_wconf 89' lang='lat' dir='ltr'><strong>domum</strong></span> <span class='ocrx_word' id='word_1_98' title='bbox 1239 1256 1340 1285; x_wconf 84' lang='lat' dir='ltr'><strong>cum</strong></span> <span class='ocrx_word' id='word_1_99' title='bbox 1372 1239 1528 1285; x_wconf 88' lang='lat' dir='ltr'><strong>multi-</strong></span> 
     </span>
     <span class='ocr_line' id='line_1_16' title="bbox 246 1311 1528 1374; baseline -0.002 -14"><span class='ocrx_word' id='word_1_100' title='bbox 246 1313 402 1360; x_wconf 80' lang='lat' dir='ltr'><strong>tudine</strong></span> <span class='ocrx_word' id='word_1_101' title='bbox 424 1311 540 1358; x_wconf 89' lang='lat' dir='ltr'><strong>varii</strong></span> <span class='ocrx_word' id='word_1_102' title='bbox 560 1312 738 1374; x_wconf 79' lang='lat' dir='ltr'><strong>pecoris</strong></span> <span class='ocrx_word' id='word_1_103' title='bbox 761 1311 1058 1358; x_wconf 83' lang='lat' dir='ltr'><strong>abduxerunt.</strong></span> <span class='ocrx_word' id='word_1_104' title='bbox 1078 1312 1301 1358; x_wconf 77' lang='lat' dir='ltr'><strong>Evenifl&#39;et</strong></span> <span class='ocrx_word' id='word_1_105' title='bbox 1325 1313 1528 1374; x_wconf 61' lang='lat' dir='ltr'><strong>profesto</strong></span> 
     </span>
     <span class='ocr_line' id='line_1_17' title="bbox 247 1382 1529 1446; baseline -0.001 -14"><span class='ocrx_word' id='word_1_106' title='bbox 247 1384 662 1446; x_wconf 27' lang='lat' dir='ltr'><strong>iuncqinexpiabile</strong></span> <span class='ocrx_word' id='word_1_107' title='bbox 698 1382 838 1431; x_wconf 89' lang='lat' dir='ltr'><strong>scelus</strong></span> <span class='ocrx_word' id='word_1_108' title='bbox 858 1419 873 1442; x_wconf 93' lang='lat'><strong>,</strong></span> <span class='ocrx_word' id='word_1_109' title='bbox 899 1384 1227 1430; x_wconf 82' lang='lat' dir='ltr'><strong>numerandum</strong></span> <span class='ocrx_word' id='word_1_110' title='bbox 1269 1384 1385 1431; x_wconf 90' lang='lat' dir='ltr'><strong>inter</strong></span> <span class='ocrx_word' id='word_1_111' title='bbox 1418 1402 1529 1446; x_wconf 81' lang='lat' dir='ltr'><strong>pro-</strong></span> 
     </span>
     <span class='ocr_line' id='line_1_18' title="bbox 246 1455 1530 1521; baseline -0.001 -16"><span class='ocrx_word' id='word_1_112' title='bbox 246 1459 399 1506; x_wconf 81' lang='lat' dir='ltr'><strong>brosas</strong></span> <span class='ocrx_word' id='word_1_113' title='bbox 436 1459 499 1505; x_wconf 90' lang='lat' dir='ltr'><strong>rei</strong></span> <span class='ocrx_word' id='word_1_114' title='bbox 529 1460 749 1505; x_wconf 83' lang='lat' dir='ltr'><strong>Romanae</strong></span> <span class='ocrx_word' id='word_1_115' title='bbox 786 1457 968 1517; x_wconf 69' lang='lat' dir='ltr'><strong>ja&amp;uras</strong></span> <span class='ocrx_word' id='word_1_116' title='bbox 1009 1455 1176 1521; x_wconf 87' lang='lat' dir='ltr'><strong>(paulo</strong></span> <span class='ocrx_word' id='word_1_117' title='bbox 1213 1457 1332 1504; x_wconf 89' lang='lat' dir='ltr'><strong>enim</strong></span> <span class='ocrx_word' id='word_1_118' title='bbox 1362 1458 1530 1519; x_wconf 89' lang='lat' dir='ltr'><strong>abfuit,</strong></span> 
     </span>
     <span class='ocr_line' id='line_1_19' title="bbox 246 1531 1530 1595; baseline -0.001 -16"><span class='ocrx_word' id='word_1_119' title='bbox 246 1533 356 1595; x_wconf 83' lang='lat' dir='ltr'><strong>quin</strong></span> <span class='ocrx_word' id='word_1_120' title='bbox 388 1531 477 1579; x_wconf 80' lang='lat' dir='ltr'><strong>filia</strong></span> <span class='ocrx_word' id='word_1_121' title='bbox 503 1545 737 1595; x_wconf 78' lang='lat' dir='ltr'><strong>caperetur</strong></span> <span class='ocrx_word' id='word_1_122' title='bbox 767 1531 1022 1579; x_wconf 82' lang='lat' dir='ltr'><strong>Constantii</strong></span> <span class='ocrx_word' id='word_1_123' title='bbox 1040 1550 1060 1589; x_wconf 93' lang='lat'><strong>·,</strong></span> <span class='ocrx_word' id='word_1_124' title='bbox 1091 1532 1240 1581; x_wconf 87' lang='lat' dir='ltr'><strong>cibum</strong></span> <span class='ocrx_word' id='word_1_125' title='bbox 1275 1531 1530 1578; x_wconf 60' lang='lat' dir='ltr'><strong>sumens&#39;in</strong></span> 
     </span>
     <span class='ocr_line' id='line_1_20' title="bbox 245 1604 1529 1669; baseline -0.002 -15"><span class='ocrx_word' id='word_1_126' title='bbox 245 1606 426 1668; x_wconf 85' lang='lat' dir='ltr'><strong>publica</strong></span> <span class='ocrx_word' id='word_1_127' title='bbox 453 1606 589 1664; x_wconf 88' lang='lat' dir='ltr'><strong>villa,</strong></span> <span class='ocrx_word' id='word_1_128' title='bbox 606 1623 740 1669; x_wconf 84' lang='lat' dir='ltr'><strong>quam</strong></span> <span class='ocrx_word' id='word_1_129' title='bbox 771 1605 996 1668; x_wconf 86' lang='lat' dir='ltr'><strong>appellant</strong></span> <span class='ocrx_word' id='word_1_130' title='bbox 1016 1604 1298 1663; x_wconf 89' lang='lat' dir='ltr'><strong>Pistrensem,</strong></span> <span class='ocrx_word' id='word_1_131' title='bbox 1322 1622 1424 1653; x_wconf 90' lang='lat' dir='ltr'><strong>cum</strong></span> <span class='ocrx_word' id='word_1_132' title='bbox 1445 1606 1529 1652; x_wconf 87' lang='lat' dir='ltr'><strong>du·-</strong></span> 
     </span>
     <span class='ocr_line' id='line_1_21' title="bbox 246 1677 1528 1742; baseline -0.004 -14"><span class='ocrx_word' id='word_1_133' title='bbox 246 1693 419 1728; x_wconf 82' lang='lat' dir='ltr'><strong>ceretur</strong></span> <span class='ocrx_word' id='word_1_134' title='bbox 447 1681 667 1727; x_wconf 83' lang='lat' dir='ltr'><strong>Gratiano</strong></span> <span class='ocrx_word' id='word_1_135' title='bbox 694 1677 922 1742; x_wconf 77' lang='lat' dir='ltr'><strong>nuptura)</strong></span> <span class='ocrx_word' id='word_1_136' title='bbox 951 1677 1187 1726; x_wconf 20' lang='lat' dir='ltr'><strong>nirfavore</strong></span> <span class='ocrx_word' id='word_1_137' title='bbox 1221 1677 1408 1741; x_wconf 87' lang='lat' dir='ltr'><strong>propitii</strong></span> <span class='ocrx_word' id='word_1_138' title='bbox 1442 1695 1528 1724; x_wconf 91' lang='lat' dir='ltr'><strong>nu-</strong></span> 
     </span>
     <span class='ocr_line' id='line_1_22' title="bbox 245 1750 1529 1816; baseline -0.003 -17"><span class='ocrx_word' id='word_1_139' title='bbox 245 1753 378 1800; x_wconf 74' lang='lat' dir='ltr'><strong>minis</strong></span> <span class='ocrx_word' id='word_1_140' title='bbox 399 1753 600 1816; x_wconf 72' lang='lat' dir='ltr'><strong>praesens</strong></span> <span class='ocrx_word' id='word_1_141' title='bbox 621 1753 816 1800; x_wconf 70' lang='lat' dir='ltr'><strong>Messalla</strong></span> <span class='ocrx_word' id='word_1_142' title='bbox 840 1750 1088 1814; x_wconf 85' lang='lat' dir='ltr'><strong>provinciae</strong></span> <span class='ocrx_word' id='word_1_143' title='bbox 1119 1752 1265 1798; x_wconf 72' lang='grc' dir='ltr'><strong>τεξὶοι·</strong></span> <span class='ocrx_word' id='word_1_144' title='bbox 1283 1786 1298 1809; x_wconf 89' lang='grc'><em>,</em></span> <span class='ocrx_word' id='word_1_145' title='bbox 1325 1767 1420 1796; x_wconf 89' lang='lat' dir='ltr'><strong>eam</strong></span> <span class='ocrx_word' id='word_1_146' title='bbox 1457 1751 1529 1812; x_wconf 69' lang='lat' dir='ltr'><strong>ju-</strong></span> 
     </span>
     <span class='ocr_line' id='line_1_23' title="bbox 247 1823 1522 1889; baseline -0.002 -16"><span class='ocrx_word' id='word_1_147' title='bbox 247 1827 396 1874; x_wconf 82' lang='lat' dir='ltr'><strong>diciali</strong></span> <span class='ocrx_word' id='word_1_148' title='bbox 431 1839 647 1889; x_wconf 80' lang='lat' dir='ltr'><strong>carpento</strong></span> <span class='ocrx_word' id='word_1_149' title='bbox 690 1825 942 1889; x_wconf 74' lang='lat' dir='ltr'><strong>impositam</strong></span> <span class='ocrx_word' id='word_1_150' title='bbox 977 1827 1033 1872; x_wconf 90' lang='lat' dir='ltr'><strong>ad</strong></span> <span class='ocrx_word' id='word_1_151' title='bbox 1065 1825 1272 1871; x_wconf 80' lang='lat' dir='ltr'><strong>Sirmium</strong></span> <span class='ocrx_word' id='word_1_152' title='bbox 1307 1823 1522 1871; x_wconf 79' lang='lat' dir='ltr'><strong>vicesimo</strong></span> 
     </span>
     <span class='ocr_line' id='line_1_24' title="bbox 246 1898 1526 1965; baseline -0.004 -16"><span class='ocrx_word' id='word_1_153' title='bbox 246 1903 372 1950; x_wconf 81' lang='lat' dir='ltr'><strong>sexto</strong></span> <span class='ocrx_word' id='word_1_154' title='bbox 393 1902 822 1965; x_wconf 82' lang='lat' dir='ltr'><strong>lapidedisparatum</strong></span> <span class='ocrx_word' id='word_1_155' title='bbox 841 1900 969 1947; x_wconf 90' lang='lat' dir='ltr'><strong>cursu</strong></span> <span class='ocrx_word' id='word_1_156' title='bbox 988 1899 1228 1946; x_wconf 80' lang='lat' dir='ltr'><strong>reduxisset</strong></span> <span class='ocrx_word' id='word_1_157' title='bbox 1247 1898 1401 1945; x_wconf 85' lang='lat' dir='ltr'><strong>effuso.</strong></span> <span class='ocrx_word' id='word_1_158' title='bbox 1425 1900 1526 1945; x_wconf 84' lang='lat' dir='ltr'><strong>Hoc</strong></span> 
     </span>
     <span class='ocr_line' id='line_1_25' title="bbox 246 1968 1526 2040; baseline -0.005 -17"><span class='ocrx_word' id='word_1_159' title='bbox 246 1977 347 2023; x_wconf 85' lang='lat' dir='ltr'><strong>casu</strong></span> <span class='ocrx_word' id='word_1_160' title='bbox 367 1976 584 2040; x_wconf 85' lang='lat' dir='ltr'><strong>prospero</strong></span> <span class='ocrx_word' id='word_1_161' title='bbox 602 1968 719 2040; x_wconf 80' lang='lat' dir='ltr'><strong>regia</strong></span> <span class='ocrx_word' id='word_1_162' title='bbox 745 1975 919 2040; x_wconf 85' lang='lat' dir='ltr'><strong>virgine</strong></span> <span class='ocrx_word' id='word_1_163' title='bbox 943 1975 1146 2038; x_wconf 71' lang='lat' dir='ltr'><strong>periculo</strong></span> <span class='ocrx_word' id='word_1_164' title='bbox 1168 1973 1423 2020; x_wconf 79' lang='lat' dir='ltr'><strong>miserandae</strong></span> <span class='ocrx_word' id='word_1_165' title='bbox 1443 1972 1526 2018; x_wconf 81' lang='lat' dir='ltr'><strong>ser-</strong></span> 
     </span>
     <span class='ocr_line' id='line_1_26' title="bbox 245 2047 1526 2114; baseline -0.005 -16"><span class='ocrx_word' id='word_1_166' title='bbox 245 2052 401 2100; x_wconf 87' lang='lat' dir='ltr'><strong>vitutis</strong></span> <span class='ocrx_word' id='word_1_167' title='bbox 433 2049 610 2099; x_wconf 80' lang='lat' dir='ltr'><strong>exemta</strong></span> <span class='ocrx_word' id='word_1_168' title='bbox 630 2050 794 2114; x_wconf 79' lang='lat' dir='ltr'><strong>‚cujus</strong></span> <span class='ocrx_word' id='word_1_169' title='bbox 831 2051 910 2097; x_wconf 74' lang='lat' dir='ltr'><strong>nisi</strong></span> <span class='ocrx_word' id='word_1_170' title='bbox 948 2049 1157 2112; x_wconf 77' lang='lat' dir='ltr'><strong>potuisset</strong></span> <span class='ocrx_word' id='word_1_171' title='bbox 1190 2047 1413 2109; x_wconf 84' lang='lat' dir='ltr'><strong>impetrari</strong></span> <span class='ocrx_word' id='word_1_172' title='bbox 1453 2063 1526 2093; x_wconf 89' lang='lat' dir='ltr'><strong>re-</strong></span> 
     </span>
     <span class='ocr_line' id='line_1_27' title="bbox 245 2122 1527 2190; baseline -0.002 -18"><span class='ocrx_word' id='word_1_173' title='bbox 245 2126 416 2172; x_wconf 87' lang='lat' dir='ltr'><strong>demtio</strong></span> <span class='ocrx_word' id='word_1_174' title='bbox 448 2139 618 2190; x_wconf 85' lang='lat' dir='ltr'><strong>captae,</strong></span> <span class='ocrx_word' id='word_1_175' title='bbox 644 2142 824 2189; x_wconf 82' lang='lat' dir='ltr'><strong>magnas</strong></span> <span class='ocrx_word' id='word_1_176' title='bbox 844 2124 1052 2171; x_wconf 73' lang='lat' dir='ltr'><strong>inuffifl&#39;et</strong></span> <span class='ocrx_word' id='word_1_177' title='bbox 1084 2122 1341 2185; x_wconf 85' lang='lat' dir='ltr'><strong>reipublicae</strong></span> <span class='ocrx_word' id='word_1_178' title='bbox 1367 2123 1527 2170; x_wconf 83' lang='lat' dir='ltr'><strong>clades.</strong></span> 
     </span>
     <span class='ocr_line' id='line_1_28' title="bbox 245 2196 1526 2260; baseline -0.003 -14"><span class='ocrx_word' id='word_1_179' title='bbox 245 2199 394 2246; x_wconf 88' lang='lat' dir='ltr'><strong>Latius</strong></span> <span class='ocrx_word' id='word_1_180' title='bbox 429 2199 471 2245; x_wconf 90' lang='lat' dir='ltr'><strong>se</strong></span> <span class='ocrx_word' id='word_1_181' title='bbox 501 2216 605 2247; x_wconf 86' lang='lat' dir='ltr'><strong>cum</strong></span> <span class='ocrx_word' id='word_1_182' title='bbox 645 2197 856 2245; x_wconf 83' lang='lat' dir='ltr'><strong>Sarmatis</strong></span> <span class='ocrx_word' id='word_1_183' title='bbox 894 2197 1049 2257; x_wconf 83' lang='lat' dir='ltr'><strong>Quadi</strong></span> <span class='ocrx_word' id='word_1_184' title='bbox 1076 2196 1348 2260; x_wconf 88' lang='lat' dir='ltr'><strong>pandentes,</strong></span> <span class='ocrx_word' id='word_1_185' title='bbox 1369 2196 1424 2242; x_wconf 91' lang='lat' dir='ltr'><strong>ad</strong></span> <span class='ocrx_word' id='word_1_186' title='bbox 1455 2212 1526 2242; x_wconf 85' lang='lat' dir='ltr'><strong>ra-</strong></span> 
     </span>
     <span class='ocr_line' id='line_1_29' title="bbox 245 2269 1525 2335; baseline -0.002 -18"><span class='ocrx_word' id='word_1_187' title='bbox 245 2284 345 2334; x_wconf 85' lang='lat' dir='ltr'><strong>ptus</strong></span> <span class='ocrx_word' id='word_1_188' title='bbox 375 2273 424 2319; x_wconf 86' lang='lat'>&amp;</span> <span class='ocrx_word' id='word_1_189' title='bbox 452 2271 690 2320; x_wconf 83' lang='lat' dir='ltr'><strong>latrocinia</strong></span> <span class='ocrx_word' id='word_1_190' title='bbox 722 2284 874 2335; x_wconf 87' lang='lat' dir='ltr'><strong>gentes</strong></span> <span class='ocrx_word' id='word_1_191' title='bbox 905 2270 1153 2334; x_wconf 83' lang='lat' dir='ltr'><strong>aptiffimae,</strong></span> <span class='ocrx_word' id='word_1_192' title='bbox 1180 2270 1350 2332; x_wconf 86' lang='lat' dir='ltr'><strong>praedas</strong></span> <span class='ocrx_word' id='word_1_193' title='bbox 1374 2269 1525 2315; x_wconf 87' lang='lat' dir='ltr'><strong>homi-</strong></span> 
     </span>
     <span class='ocr_line' id='line_1_30' title="bbox 245 2342 1524 2406; baseline -0.003 -16"><span class='ocrx_word' id='word_1_194' title='bbox 245 2361 352 2392; x_wconf 81' lang='lat' dir='ltr'><strong>num</strong></span> <span class='ocrx_word' id='word_1_195' title='bbox 379 2344 511 2392; x_wconf 87' lang='lat' dir='ltr'><strong>virile</strong></span> <span class='ocrx_word' id='word_1_196' title='bbox 532 2347 582 2393; x_wconf 88' lang='lat'>&amp;</span> <span class='ocrx_word' id='word_1_197' title='bbox 602 2344 820 2392; x_wconf 87' lang='lat' dir='ltr'><strong>muliebre</strong></span> <span class='ocrx_word' id='word_1_198' title='bbox 850 2343 974 2391; x_wconf 90' lang='lat' dir='ltr'><strong>secus</strong></span> <span class='ocrx_word' id='word_1_199' title='bbox 991 2342 1180 2406; x_wconf 88' lang='lat' dir='ltr'><strong>agebant</strong></span> <span class='ocrx_word' id='word_1_200' title='bbox 1199 2343 1249 2389; x_wconf 90' lang='lat'>&amp;</span> <span class='ocrx_word' id='word_1_201' title='bbox 1275 2357 1490 2404; x_wconf 89' lang='lat' dir='ltr'><strong>pecorum</strong></span> <span class='ocrx_word' id='word_1_202' title='bbox 1509 2375 1524 2398; x_wconf 93' lang='lat'><strong>,</strong></span> 
     </span>
     <span class='ocr_line' id='line_1_31' title="bbox 244 2414 1528 2478; baseline -0.005 -14"><span class='ocrx_word' id='word_1_203' title='bbox 244 2418 452 2465; x_wconf 84' lang='lat' dir='ltr'><strong>villarum</strong></span> <span class='ocrx_word' id='word_1_204' title='bbox 474 2418 698 2465; x_wconf 82' lang='lat' dir='ltr'><strong>cineribus</strong></span> <span class='ocrx_word' id='word_1_205' title='bbox 717 2417 967 2464; x_wconf 82' lang='lat' dir='ltr'><strong>exustarum</strong></span> <span class='ocrx_word' id='word_1_206' title='bbox 993 2415 1303 2478; x_wconf 80' lang='lat' dir='ltr'><strong>caesorumque</strong></span> <span class='ocrx_word' id='word_1_207' title='bbox 1322 2414 1528 2461; x_wconf 89' lang='lat' dir='ltr'><strong>incolen-</strong></span> 
     </span>
     <span class='ocr_line' id='line_1_32' title="bbox 244 2485 1524 2551; baseline -0.005 -15"><span class='ocrx_word' id='word_1_208' title='bbox 244 2490 352 2537; x_wconf 71' lang='lat' dir='ltr'><strong>tium</strong></span> <span class='ocrx_word' id='word_1_209' title='bbox 383 2488 649 2536; x_wconf 77' lang='lat' dir='ltr'><strong>exsultantes</strong></span> <span class='ocrx_word' id='word_1_210' title='bbox 681 2489 921 2548; x_wconf 72' lang='lat' dir='ltr'><strong>aerumnis,</strong></span> <span class='ocrx_word' id='word_1_211' title='bbox 944 2503 1059 2551; x_wconf 85' lang='lat' dir='ltr'><strong>quos</strong></span> <span class='ocrx_word' id='word_1_212' title='bbox 1093 2486 1415 2550; x_wconf 81' lang='lat' dir='ltr'><strong>necopinantes</strong></span> <span class='ocrx_word' id='word_1_213' title='bbox 1436 2485 1524 2531; x_wconf 77' lang='lat' dir='ltr'><strong>sine</strong></span> 
     </span>
    </p>
   </div>
  </div>
 </body>
</html>
