1626 2917
145 201 235 247 216
334 200 678 247 AMM1AN1
734 201 1224 253 MARCELLINI

144 389 177 435 1.
215 325 330 439 H
338 403 420 436 AEc
448 405 527 451 per
547 389 781 454 Illyricum
795 426 808 449 ‚
830 408 999 457 perque
1017 394 1252 441 Orientem
1273 411 1423 442 rerum

143 462 275 509 series
310 463 408 509 fuit.
439 464 688 512 Consulatu
720 482 834 513 vero
863 467 1112 514 Constantii
1145 468 1315 523 decies,
1338 482 1423 514 ter-

145 552 234 598 que
276 536 470 592 Iuliani,
510 537 557 583 in
591 538 833 586 Britanniis
872 558 972 587 cum
1006 543 1245 590 Scotorum
1279 544 1423 588 pieto-

145 625 336 670 rumque
368 609 565 672 gentium
609 610 801 658 ferarum
838 613 1077 669 excursus,
1106 628 1233 678 rupta
1276 616 1428 678 quiete

147 681 352 726 condicta
375 717 386 736 ,
409 681 510 727 loca
531 681 746 728 limitibus
769 683 918 730 vicina
945 685 1190 742 vastarent,
1212 688 1260 732 &
1277 685 1428 747 impli-

148 764 269 798 caret
308 751 509 799 formido
546 755 833 816 provincias,
874 756 1193 818 praeteritarum
1233 757 1428 803 cladium

149 823 363 885 congerie
384 823 528 870 feffas:
549 825 739 873 hiemem
761 843 892 891 agens
910 827 1027 889 apud
1050 827 1240 873 Parisios
1259 827 1428 883 Caesar,

149 893 466 958 distrafiusque
497 897 545 942 in
565 896 887 944 sollicitudines
916 899 1056 945 varias
1071 934 1084 956 ‚
1107 899 1344 945 *rebatur
1364 899 1431 945 ire

150 966 342 1014 subfidio
382 968 709 1026 transmarinis,
748 969 827 1032 (ut
870 970 1103 1016 retulimus
1143 983 1246 1017 ante
1283 970 1433 1018 feciffe

152 1040 485 1103 Constantem)
522 1058 576 1087 ne
604 1042 775 1087 rectore
809 1059 972 1088 vacuas
1012 1042 1284 1104 relinqueret
1315 1042 1432 1088 Gal-

149 1111 231 1159 lias
247 1147 259 1169 ,
289 1113 548 1160 Alamannis
567 1113 621 1160 ad
647 1112 860 1159 saevitiam
885 1114 1014 1160 etiam
1036 1130 1128 1159 tum
1161 1114 1352 1160 incitatis
1382 1116 1434 1162 &

152 1184 283 1231 bella.
313 1188 379 1232 Ire
404 1185 536 1248 igitur
555 1186 608 1232 ad
634 1186 729 1231 haec
750 1186 924 1233 ratione
947 1185 1020 1232 vel
1044 1185 1089 1231 vi
1113 1186 1432 1247 componenda

154 1258 422 1319 Lupicinum
448 1257 616 1319 placuit
631 1295 643 1316 ‚
669 1276 717 1305 ea
733 1259 990 1321 tempestate
1010 1259 1260 1323 magistrum
1282 1275 1434 1305 armo-

154 1346 255 1376 rum
277 1366 292 1387 ,
316 1329 578 1376 bellicosum
610 1329 709 1375 sane
730 1365 744 1386 ,
766 1332 815 1378 &
841 1331 1065 1376 castrensis
1103 1331 1164 1375 rei
1206 1331 1396 1391 peritum
1417 1365 1434 1388 ,

154 1401 230 1449 sed
259 1402 491 1464 supercilia
510 1401 751 1464 erigentem
783 1415 831 1448 ut
860 1419 1034 1449 cornua
1054 1438 1067 1460 ‚
1089 1405 1139 1450 &
1159 1402 1211 1448 de
1232 1403 1434 1465 tragico,

155 1475 283 1537 quod
317 1474 471 1534 ajunt,
492 1475 719 1522 cothurno
747 1475 1039 1539 strepentem:
1072 1476 1200 1540 super
1235 1493 1329 1539 quo
1357 1476 1434 1522 diu

157 1546 459 1609 ambigebatur
478 1584 493 1603 ‚
517 1563 677 1594 avarus
697 1547 799 1594 effet
826 1548 976 1610 porius
990 1584 1003 1605 ,
1024 1566 1078 1594 an
1101 1549 1305 1596 crudelis.
1327 1549 1435 1594 Mo-

157 1631 208 1664 to
235 1636 341 1683 ergo
371 1619 545 1667 velitari
575 1620 770 1678 auxilio,
794 1621 953 1668 AErulis
975 1620 1141 1667 scilicet
1162 1622 1210 1667 ὅ(
1229 1620 1432 1678 Batavis,

158 1692 439 1755 numerisque
462 1692 779 1740 Moesiacorum
801 1694 998 1748 duobus,
1017 1694 1162 1740 adulta
1181 1693 1324 1740 hieme
1346 1693 1438 1739 dux

160 1764 402 1811 antedifms
432 1766 683 1812 Bononiam
708 1767 867 1812 venit:
900 1765 1177 1829 quaesitisque
1208 1765 1398 1828 navigiis
1417 1801 1436 1823 ,

161 1837 212 1883 &
244 1837 370 1882 omni
399 1838 609 1900 imposito
640 1839 809 1896 milite,
830 1839 1072 1886 observato
1097 1838 1205 1884 flatu
1238 1838 1434 1884 secundo

161 1922 407 1955 ventorum
423 1946 436 1967 ,
456 1911 511 1956 ad
541 1911 762 1974 Rutupias
792 1911 889 1957 sitas
913 1927 967 1958 ex
990 1910 1177 1957 adverso
1209 1909 1436 1965 defertur,

161 1981 362 2047 petitque
391 1984 690 2040 Lundinium‚
724 1998 772 2031 nt
803 1985 989 2042 exinde,
1025 1983 1223 2045 suscepto
1257 2000 1340 2044 pro
1370 1977 1435 2030 rei

162 2055 376 2118 qualitate
399 2057 589 2103 consilio
609 2094 621 2114 ‚
642 2057 864 2104 festinaret
883 2056 1010 2102 ocius
1030 2056 1083 2101 ad
1104 2054 1403 2117 procinctum.

228 2130 280 2174 II.
311 2131 428 2189 Quae
448 2147 548 2176 cum
569 2131 628 2176 ita
649 2143 883 2193 geruntur,
900 2127 998 2191 post
1015 2128 1184 2174 Amidae
1203 2144 1438 2191 oppugna-

162 2199 335 2246 tionem
355 2202 607 2248 Ursicinum
628 2203 682 2248 ad
707 2200 1020 2248 commilitium
1050 2200 1264 2262 principis
1290 2212 1339 2246 ut
1361 2218 1440 2263 pe-

165 2274 305 2320 ditum
340 2275 593 2337 magistrum
625 2275 847 2323 reversum
879 2273 1150 2336 (succeffiffe
1186 2274 1304 2319 enim
1336 2290 1439 2320 eum

166 2347 421 2395 Barbationi
458 2347 779 2415 praediximus)
817 2347 1134 2398 obtreflatores
1168 2346 1399 2408 excipiunt
1425 2363 1439 2392 ε

166 2420 316 2488 primo
344 2420 666 2468 disseminantes
695 2422 927 2468 mordaces
955 2418 1150 2466 susurros
1172 2455 1184 2475 ,
1207 2419 1306 2464 dein
1327 2435 1440 2481 pro-

165 2493 309 2559 palam
334 2492 431 2546 fi&a
452 2494 636 2545 crimina
659 2494 976 2543 subneftentes.
996 2492 1175 2555 Quibus
1194 2496 1443 2556 Imperator
