1626 2917
321 211 540 259 RERUM
573 209 915 257 GESTARUM
949 210 1053 256 LIB.
1090 209 1238 257 XXII.
1338 226 1425 273 315

149 325 252 364 'cum
281 315 583 376 impensarum
611 315 905 377 amplitudine
938 315 1127 372 antehac
1149 313 1352 360 inusitata
1381 315 1434 361 δε

149 389 276 454 gravi
297 406 307 435 :
328 392 378 437 δε
402 389 587 453 quisque
618 407 721 437 cum
751 389 1058 452 impraepedite
1084 389 1268 443 liceret,
1289 387 1436 441 scien-

148 462 257 508 tiam
285 462 563 510 vaticinandi
594 461 834 524 professus,
868 461 994 523 juxta
1017 461 1248 524 imperitus
1272 461 1322 508 &
1347 460 1437 506 do-

149 534 276 593 cilis,
305 535 397 581 fine
422 534 512 581 fine
534 535 609 581 vel
636 533 891 598 praestitutis
923 534 1158 580 ordinibus
1175 569 1191 591 ,
1221 532 1440 580 oraculo-⁴

148 625 249 655 rum
273 609 643 672 permittebantur
670 608 817 655 scitari
850 607 1081 671 responsa,
1108 608 1158 654 &
1183 606 1437 669 extispicia,

148 696 479 744 nonnunquam
507 681 654 728 futura
678 680 945 743 pandentia:
972 679 1266 743 oscinumque
1294 681 1343 726 δε
1361 696 1438 725 au·-

149 753 414 817 guriorum‚
453 755 502 801 &
542 753 747 799 ominum
782 751 921 811 fides,
962 753 993 799 fi
1030 752 1216 816 reperiri
1254 751 1438 814 usquam

148 826 295 889 poffet
309 863 321 883 ‚
340 826 538 873 affecfflata
561 826 773 873 varietate
792 827 1090 891 quaerebatur.
1112 828 1310 889 Haecque
1329 826 1440 872 dum

146 899 212 946 ita
236 900 516 962 procedunt,
542 916 667 944 more
699 900 820 962 pacis
851 899 1101 945 multorum
1125 898 1344 946 curiosior
1362 899 1440 944 Ju-

151 971 298 1018 lianus
320 988 491 1018 novam
525 970 696 1017 consilii
721 972 842 1017 viam
868 971 1082 1034 ingressus
1104 972 1192 1030 est,
1213 987 1351 1018 venas
1371 970 1440 1017 fa-

150 1047 306 1095 tidicas
326 1046 507 1094 Castalii
533 1046 762 1093 recludere
783 1046 986 1109 cogitans
1004 1045 1143 1093 fontis
1165 1065 1176 1094 ε
1197 1063 1331 1110 quem
1351 1045 1442 1091 ob-

151 1121 352 1169 struxisse
376 1121 524 1168 Caesar
552 1120 714 1167 dicitur
731 1121 980 1167 Hadrianus
1000 1120 1122 1167 mole
1140 1120 1351 1168 saxorum
1371 1119 1442 1165 in-

150 1195 301 1259 genti,
325 1195 523 1253 veritus,
545 1210 627 1252 ne⁹
652 1206 700 1240 ut
725 1190 820 1256 'ipse
846 1193 1194 1256 praecinentibus
1217 1193 1340 1256 aquis
1365 1210 1443 1240 ca·-

148 1268 399 1332 peffendam
418 1268 738 1332 rempublicam
760 1268 1006 1331 comperit,
1029 1267 1164 1314 etiam
1186 1268 1259 1314 alii
1282 1266 1441 1314 similia

150 1341 453 1388 docerentur:
482 1358 533 1388 ac
562 1341 703 1387 statim
741 1340 1096 1388 circumhumata
1130 1356 1324 1403 corpora
1355 1338 1442 1385 sta·-

149 1415 237 1462 tuit
266 1415 429 1463 exinde
449 1415 679 1462 transferri
701 1432 758 1461 eo
788 1416 877 1463 ritu
895 1451 909 1475 ,
929 1431 1022 1479 quo
1044 1413 1336 1462 Athenienses
1365 1413 1442 1466 in·-v

152 1487 289 1535 sulam
319 1503 620 1552 purgaverant
647 1490 820 1538 Delon.

216 1564 336 1609 XIII.
368 1563 540 1609 Eodem
571 1575 778 1626 tempore
811 1562 881 1610 die
910 1564 978 1610 XI
1008 1564 1200 1611 Kalend.
1227 1563 1442 1610 Novem-

152 1633 298 1682 brium
342 1635 651 1698 amplissimum
690 1636 918 1698 Daphnaei
970 1636 1198 1699 Apollinis
1243 1636 1398 1683 fanum
1421 1670 1440 1692 ‚

152 1707 280 1769 quod
300 1707 552 1770 Epiphanes
572 1708 825 1756 Antiochus
846 1725 925 1755 rex
946 1709 1021 1756 ille
1040 1708 1244 1756 condidit
1265 1709 1444 1754 iracun-

154 1779 237 1825 dus
262 1781 313 1827 &
339 1779 508 1836 saevus,
529 1782 579 1828 &
611 1780 892 1827 simulacrum
913 1781 956 1826 in
991 1797 1047 1826 eo
1076 1779 1341 1844 Olympiaci
1360 1781 1442 1827 Jo-

154 1848 226 1901 {ris
245 1889 260 1910 ‚
288 1853 555 1902 imitamenti
578 1853 857 1917 aequiparans
887 1853 1239 1917 magnitudinem
1256 1889 1270 1912 ‚
1299 1852 1442 1899 subita

151 1924 204 1972 vi
235 1924 511 1972 flammarum
541 1925 743 1973 exustum
779 1924 852 1972 est.
885 1926 995 1985 Quo
1032 1936 1122 1971 tam
1153 1923 1297 1972 atroci
1337 1923 1440 1972 casu

152 2010 336 2062 repente
353 1999 610 2057 consumto,
623 2000 677 2046 ad
692 2000 736 2045 id
756 1999 894 2061 usque
915 2000 1232 2062 Imperatorem
1251 1997 1312 2045 ira
1332 2014 1441 2060 pro-

154 2071 308 2129 vexit,
336 2086 386 2120 ut
418 2072 689 2136 quaestiones
721 2071 877 2134 agitari
909 2070 1081 2133 juberet
1117 2069 1253 2117 solito
1286 2070 1440 2118 acrio-

156 2158 259 2202 reS,
291 2145 340 2192 &
365 2143 579 2206 majorem
605 2143 834 2191 ecclesiam
866 2141 1127 2188 Antiochia:
1161 2141 1321 2189 claudi.
1354 2142 1440 2187 Su-
1512 2173 1513 2178 ,

155 2214 406 2277 spicabatur
425 2217 570 2274 enim,
590 2215 636 2262 id
657 2215 935 2262 Christianos
954 2213 1082 2277 egisse
1101 2213 1349 2260 stimulatos
1371 2212 1440 2258 in-

155 2284 281 2331 vidia
299 2320 312 2343 ‚
338 2288 462 2349 quod
490 2287 607 2333 idem
640 2286 856 2349 templum
893 2285 1029 2333 inviti
1058 2285 1274 2334 videbant
1295 2283 1438 2331 ambi-

154 2356 275 2403 tioso
301 2357 566 2406 circumdari
585 2358 839 2423 peristylio·
867 2358 1104 2406 Ferebatur
1122 2370 1272 2406 autem
1291 2393 1305 2415 ‚
1328 2356 1434 2403 licet

154 2445 340 2477 rumore
366 2431 616 2490 leviffimo,
647 2433 729 2479 hac
753 2448 808 2478 ex
842 2430 968 2479 causa
990 2430 1278 2495 conflagrasse
1313 2429 1436 2476 delu-

152 2501 283 2550 brum
306 2522 319 2551 ε
359 2505 484 2568 quod
528 2504 806 2569 Asclepiades
849 2503 1144 2568 philosophus
1161 2539 1176 2563 ,
1210 2501 1335 2562 cujus
1380 2500 1428 2547 in
