1626 2917
187 252 284 302 350
408 216 745 284 AMMIANI
788 235 1262 284 MARCELmNt

186 363 334 413 prope
358 345 505 392 lacum
535 343 723 390 nomine
745 343 996 406 Sofingiten
1018 379 1032 400 ,
1062 342 1189 406 cujus
1223 343 1355 390 alveo
1387 341 1473 388 Ti·

187 421 280 485 gris
310 430 497 465 voratus
528 416 756 480 fluensque
787 416 1120 475 subterraneus,
1140 417 1355 480 percursis
1377 416 1475 478 spa—

187 496 263 543 tiis
289 493 436 557 longis
469 492 666 555 emergit.
701 491 785 538 Hic
813 493 862 539 &
888 491 1086 554 naphtha
1117 491 1311 554 gignitur
1350 491 1475 552 picea

188 567 335 631 specie
367 565 589 631 glutinosa
610 602 622 623 ‚
649 564 798 611 similis
827 563 918 627 ipsa
943 579 1125 627 quoque
1145 563 1379 610 bitumini:
1402 562 1477 610 cui

187 640 360 687 etiamsi
395 639 574 687 avicula
602 637 808 684 insederit
835 637 1014 694 brevis,
1036 637 1282 699 praepedito
1317 636 1477 682 volatu

192 712 405 761 subversa
443 711 619 775 penitus
659 709 898 757 evanescit.
937 712 992 756 Et
1027 726 1126 755 cum
1155 710 1242 755 hoc
1286 708 1477 772 liquoris

191 787 350 833 ardere
382 784 572 848 coeperit
619 800 755 844 genus
777 819 791 840 ,
830 781 1004 828 nullum
1049 781 1252 828 inveniet
1286 780 1479 826 humana

190 876 346 915 mens,
365 870 525 920 praeter
544 855 776 919 pulverem
796 891 809 914 ,
829 855 1138 918 exstinguendi
1157 865 1481 901 commentum.

191 936 244 980 In
265 933 332 979 his
357 931 480 996 pagis
510 931 655 977 hiatus
680 946 863 994 quoque
890 928 1166 991 conspicitur
1189 941 1341 981 terrae,
1361 925 1481 972 unde

193 1005 359 1052 halitus
389 1002 531 1051 letalis
560 1003 824 1066 exsurgens,
860 1002 1162 1066 quodcunque
1185 998 1349 1046 animal
1372 1015 1481 1060 pro·

195 1081 322 1129 ‚xime
365 1077 559 1132 steterit,
591 1077 737 1123 odore
782 1078 911 1139 gravi
959 1074 1197 1122 consumit.
1238 1076 1356 1134 Quae
1387 1071 1483 1118 lues

195 1155 351 1201 oriens
381 1169 404 1198 a
423 1150 654 1214 profundo
687 1149 881 1212 quodam
904 1161 1040 1210 puteo
1062 1184 1075 1206 ,
1097 1166 1197 1196 cum
1217 1164 1268 1194 os
1286 1146 1377 1207 ejus
1403 1163 1484 1191 ex-

197 1226 372 1274 cefferit
401 1225 567 1283 latum,
587 1236 824 1285 antequam
852 1221 1080 1268 sublimius
1112 1233 1374 1284 vagaretur,
1396 1231 1486 1265 ter-

198 1316 268 1347 ras
304 1296 573 1345 circumsitas
595 1293 905 1340 inhabitabiles
926 1293 1162 1340 acerbitate
1187 1292 1367 1339 fecisset.
1387 1293 1485 1339 Cu·

197 1371 270 1434 jus
299 1368 438 1415 simile
473 1366 675 1412 foramen
712 1365 828 1427 apud
857 1364 1134 1426 Hierapolim
1162 1364 1371 1428 Phrygiae
1405 1381 1486 1410 an-

199 1445 362 1500 tehac,
383 1454 432 1488 ut
460 1439 650 1487 afferunt
685 1436 860 1501 aliqui,
891 1436 1126 1484 videbatur
1149 1454 1159 1484 :
1194 1437 1313 1482 unde
1344 1452 1489 1482 emer-

201 1533 310 1583 gens
323 1515 474 1562 itidem
489 1511 653 1558 noxius
670 1510 847 1574 spiritus
863 1510 1162 1573 perseveranti
1179 1511 1342 1568 odore,
1360 1508 1488 1571 quid·

200 1590 311 1654 quid
328 1603 468 1652 prope
480 1597 683 1642 venerat,
698 1584 1031 1647 corrumpebat,
1045 1584 1206 1648 absque
1222 1583 1491 1647 spadonibus

205 1663 312 1711 solis
334 1681 344 1709 ε
374 1661 498 1725 quod
524 1677 610 1723 qua
639 1659 761 1705 causa
788 1658 995 1715 eveniat,
1016 1657 1268 1704 rationibus
1295 1656 1491 1720 physicis

203 1736 504 1802 permittatur.
529 1734 661 1796 Apud
680 1732 899 1779 Asbamaei
919 1749 1103 1796 quoque
1134 1731 1255 1778 Jovis
1274 1730 1490 1792 templum

206 1811 256 1857 in
290 1806 612 1871 Cappadocia,
647 1806 722 1852 ubi
758 1804 1042 1867 ampliffimus
1085 1803 1158 1850 ille
1194 1803 1491 1866 philosophus

208 1883 488 1947 Apollonius
511 1881 696 1927 traditur
727 1892 854 1925 natus
882 1894 1023 1959 prope
1049 1877 1266 1958 oppidum
1296 1876 1457 1939 Tyana
1477 1910 1492 1933 ‚

208 1958 362 2022 stagno
405 1955 586 2002 effluens
631 1953 734 2000 fons
782 1952 982 1999 cernitur
1005 1987 1019 2008 ‚
1062 1951 1139 2013 qui
1186 1947 1493 2022 magnitudine

210 2048 426 2094 aquarum
453 2029 634 2075 inflatus
667 2027 842 2089 seseque
875 2025 1131 2080 resorbens,
1159 2041 1389 2102 nunquam
1413 2040 1494 2069 ex·

211 2117 278 2150 tra
300 2102 516 2164 margines
537 2098 804 2145 intumescit.
827 2100 943 2143 Intra
966 2098 1084 2142 hunc
1103 2096 1205 2142 circ
1208 2096 1337 2141 titum
1361 2093 1494 2141 Adia·

213 2177 331 2223 bena
355 2174 442 2228 est,
468 2171 643 2236 Assyria
670 2170 821 2233 priscis
851 2168 1129 2231 temporibus
1156 2167 1373 2223 vocitata,
1396 2167 1496 2212 lon·

213 2264 359 2315 gaque
392 2246 664 2293 assuetudine
694 2245 747 2291 ad
780 2245 870 2302 hoc
899 2243 1105 2288 translata
1138 2241 1410 2287 vocabulum
1446 2255 1497 2285 ea

213 2340 296 2377 re,
327 2319 453 2383 quod
478 2319 593 2364 inter
612 2307 763 2365 Onani
796 2318 845 2364 δέ
867 2314 1095 2378 Tigridem
1116 2315 1227 2372 lita,
1257 2313 1495 2378 navigeros

215 2393 414 2449 fluvios,
440 2391 551 2437 adiri
583 2392 702 2438 vado
725 2407 952 2453 nunquam
988 2387 1168 2450 potuit:
1191 2389 1358 2453 tranfire
1377 2385 1496 2432 enim

219 2477 434 2522 Σιαβαίνειν
465 2465 654 2512 dicimus
685 2465 869 2512 Graeci:
904 2465 952 2510 &
982 2475 1152 2509 veteres
1188 2463 1368 2523 quidem
1406 2460 1496 2506 hoc

220 2541 502 2589 arbitrantur.
530 2541 626 2588 Nos
646 2553 794 2588 autem
815 2538 860 2586 id
879 2537 1087 2598 diciniuS‚
1107 2536 1233 2601 quod
1252 2536 1297 2582 in
1324 2535 1389 2582 liis
1410 2547 1496 2581 ter·
