1626 2917
300 202 518 251 RERUM
553 204 897 251 GESTARUM
933 205 1035 252 LIB.
1072 205 1241 254 XXIII.
1312 221 1405 272 333

122 310 406 368 diuturnior,
426 310 553 357 nullo
573 311 774 373 pulsante
795 311 1029 372 concidit,
1047 312 1325 377 animamque
1345 315 1412 361 in..

121 383 297 445 sperato
325 382 425 429 casu
450 383 619 429 efflavit
644 401 655 429 :
683 385 807 446 quod
835 383 1053 431 adstantes
1078 385 1305 433 interitum
1331 403 1412 450 per

120 456 421 520 imperitiam,
456 474 513 503 an
552 458 760 504 adulandi
795 458 1065 521 cupiditate,
1099 463 1411 509 memorabant

120 530 359 579 consulum
381 531 545 579 seniori
566 531 778 595 portendi
806 532 1017 579 nimirum
1037 534 1246 582 Sallustio
1267 554 1279 582 ε
1306 535 1377 582 sed
1393 572 1410 594 ‚

121 617 174 651 ut
196 605 427 668 apparuit,
451 623 544 653 non
569 605 718 662 aetati,
743 605 817 651 sed
841 606 1048 669 potestati
1073 606 1233 669 majori
1253 608 1413 655 interi-

122 689 217 724 tum
239 678 544 741 propinquare
566 677 913 725 monstrabatur.
944 680 1083 742 Super
1102 680 1168 726 his
1187 680 1272 727 alia
1294 700 1410 745 quo-

120 767 212 813 que
235 751 411 797 minora
433 751 554 814 figna
576 751 782 810 subinde,
802 752 912 815 quid
932 753 1179 811 accideret,
1202 754 1415 802 ostende-¹

120 820 244 871 bant.
278 826 395 869 [nter
424 823 513 885 ipsa
548 824 667 869 enim
703 817 888 870 exordia
923 826 1181 887 procinctus
1214 827 1413 876 Parthici

121 896 421 959 disponendi,
441 897 693 943 nuntiatum
714 896 791 954 est,
809 898 1258 962 Constantinopolim
1277 913 1412 949 terrae

121 970 254 1032 pulsu
280 971 529 1017 vibratam:
560 972 687 1034 quod
716 971 880 1017 horum
912 972 1042 1033 periti
1076 974 1223 1021 minus
1258 977 1410 1024 laetum

123 1042 210 1089 effe
238 1043 620 1104 pronuntiabant,
655 1042 797 1089 aliena
830 1045 1077 1105 pervadere
1111 1047 1317 1094 molienti
1341 1066 1414 1095 re-

122 1116 252 1163 croti.
279 1117 477 1178 [deoque
497 1115 815 1178 intempestivo
839 1131 1006 1164 conatu
1030 1118 1231 1167 desistere
1254 1121 1414 1168 suade-1·

121 1189 231 1236 bant
249 1206 260 1238 :
279 1190 339 1236 ita
365 1190 546 1235 demum
566 1190 662 1236 haec
682 1191 732 1237 &
762 1189 917 1237 similia
939 1193 1173 1238 contemni
1194 1208 1412 1256 oportere

122 1261 377 1320 firmantes,
405 1259 510 1309 cum
540 1261 812 1310 irruentibus
840 1264 969 1310 armis
1003 1266 1194 1313 externis
1223 1268 1296 1314 lex
1321 1286 1412 1316 una

122 1337 177 1384 fit
206 1338 256 1384 &
281 1349 525 1399 perpetua,
557 1335 741 1382 salutem
774 1337 901 1383 omni
933 1337 1106 1384 ratione
1138 1340 1413 1401 defendere,

121 1408 237 1459 nihil
255 1409 510 1455 remittente
539 1410 585 1454 vi
614 1409 769 1457 moris.
793 1410 946 1456 lisdem
966 1411 1122 1458 diebus
1153 1413 1411 1462 nuntiatum

123 1480 188 1526 est
212 1480 251 1526 ei
283 1498 362 1543 per
389 1481 557 1537 literas,
575 1481 736 1527 Romae
766 1481 894 1543 super
914 1483 1003 1529 hoc
1032 1483 1153 1530 bello
1179 1484 1320 1531 libros
1344 1485 1413 1531 Si-

123 1554 265 1618 hyllae
283 1553 540 1611 consultos,
572 1568 619 1601 ut
640 1554 817 1616 jusserat
833 1592 847 1614 ,
867 1559 1183 1620 Imperatorem
1205 1575 1262 1605 eo
1287 1574 1413 1606 anno

122 1625 345 1673 discedere
380 1643 403 1672 a
442 1626 658 1673 limitibus
695 1626 783 1675 suis
827 1641 985 1691 aperto
1027 1630 1301 1693 prohibuiffe
1335 1648 1411 1688 ref

123 1697 305 1762 sponso.

188 1774 242 1819 11..
268 1773 388 1818 Inter
413 1772 512 1820 haec
533 1784 680 1819 tamen
699 1772 947 1837 legationes
972 1775 1169 1839 gentium
1190 1778 1413 1841 plurima*

123 1862 223 1893 rum
240 1881 254 1904 ,
275 1846 441 1893 auxilia
462 1846 775 1909 pollicentium
791 1883 804 1905 ,
831 1847 1074 1895 liberaliter
1091 1849 1305 1914 susceptae
1340 1870 1415 1900 re-

123 1920 442 1979 mittebantur,
461 1920 664 1983 speciosa„
677 1919 837 1969 fiducia
858 1921 1064 1983 Principe
1086 1924 1412 1986 respondente,

122 2009 404 2057 nequaquam
432 1993 588 2040 decere
615 1993 876 2040 adventitiis
897 1993 1161 2055 adjumentis
1179 2014 1272 2043 rem
1301 1998 1413 2044 vin-

124 2064 264 2114 dicari
297 2068 552 2113 Romanam
569 2103 582 2125 ,
608 2066 736 2129 cujus
759 2068 922 2130 opibus
951 2067 1103 2116 foveri
1137 2071 1412 2119 conveniret

124 2137 296 2186 amicos
323 2140 371 2186 &
399 2138 572 2198 socios,
595 2141 624 2186 fi
649 2140 863 2187 auxilium
894 2157 973 2188 eos
1000 2143 1195 2206 adegerit
1220 2145 1411 2210 neceqfli-

124 2222 191 2257 tas
221 2211 477 2274 implorare.
509 2213 664 2260 Solum
688 2213 893 2260 Arsacem
923 2227 1160 2261 monuerat
1182 2216 1409 2263 Armeniae

124 2298 299 2345 regem,
321 2296 370 2330 ut
388 2285 586 2332 collectis
605 2286 752 2348 copiis
774 2285 936 2333 validis
959 2285 1154 2348 jubenda
1172 2288 1412 2350 opperire-2

124 2366 199 2402 tur
212 2390 225 2413 ‚
242 2371 334 2417 quo
355 2358 536 2406 tendere
549 2394 564 2418 ,
585 2359 694 2423 quid
714 2360 894 2406 deberet
911 2377 1068 2423 urgere
1081 2396 1095 2418 ,
1116 2377 1310 2424 propere
1327 2377 1412 2408 co-

126 2428 346 2492 gniturus.
377 2431 573 2479 Proinde
605 2449 708 2480 cum
741 2433 930 2495 primam
966 2432 1182 2480 consultae
1212 2434 1413 2481 rationes

127 2498 304 2566 copiam
327 2504 643 2567 praebuissent,
676 2522 860 2554 rumore
881 2505 1106 2570 praecurso
1125 2506 1305 2556 hostiles
1325 2519 1413 2571 oc}
