1626 2917
227 147 311 178 120
413 134 1298 180 AMMIANIMARCELMM

217 238 409 299 densque
431 238 482 283 ad
503 237 770 283 Lundinium
792 250 919 285 vetus
943 239 1155 299 oppidum
1171 276 1182 295 ,
1202 241 1324 301 quocl
1344 243 1494 303 Augu·

217 309 321 355 stam
354 310 583 370 posteritas
611 310 883 371 appellavit,
907 310 1055 355 divisis
1087 311 1355 371 plurifariam
1389 312 1492 373 glo-

216 382 314 437 bis,
342 383 524 427 adortus
558 382 617 428 est
652 394 862 444 vagantes
888 382 1078 429 hostium
1111 383 1364 431 vastatorias
1396 402 1492 430 ma-

220 470 303 498 nus
319 488 329 507 ,
343 471 502 515 graves
524 471 660 501 onere
679 456 944 502 sarcinarum
966 474 975 501 :
997 459 1046 503 &
1066 473 1255 519 propere
1274 458 1393 515 fusis,
1414 457 1493 520 qui

217 527 396 572 vineios
414 527 618 574 homines
637 530 821 591 agebant
843 530 890 576 &
911 545 1070 590 pecora
1087 564 1100 586 ,
1127 531 1316 591 praedam
1336 529 1494 576 excus-

216 597 298 655 sit,
319 615 450 660 quam
481 601 699 647 tributarii
730 602 958 663 perdidere
985 602 1230 650 miserrimi.
1261 604 1339 650 His
1368 603 1494 649 deni-

215 686 302 730 que
331 671 528 718 restituta
548 674 700 730 omni,
720 687 878 734 praeter
898 686 1064 735 partem
1095 675 1295 736 exiguam
1319 675 1493 736 impen-

215 741 305 786 sam
323 743 536 789 militibus
556 744 691 800 feffis,
713 744 894 790 mersam
916 744 1245 791 difficultatibus
1268 746 1349 791 suis
1369 759 1496 791 ante-

218 812 301 857 hac
323 813 550 858 civitatem
566 849 577 870 ,
597 813 667 860 sed
690 815 850 869 subito,
870 831 1001 876 quam
1025 813 1135 861 salus
1156 815 1316 877 sperari
1331 816 1497 877 poruit,

217 901 483 943 recreatam,
518 886 563 932 in
595 887 777 934 ovantis
814 887 1002 949 speciem
1039 888 1276 934 laetiffimus
1307 887 1496 934 introiit.

216 958 308 1004 Ubi
341 960 393 1004 ad
429 961 625 1008 audenda
656 959 825 1020 maiora
859 961 1078 1022 prospero
1107 961 1302 1006 successu
1329 960 1498 1017 elatus,

217 1043 403 1094 tutaque
425 1019 662 1079 scrutanclo
689 1034 892 1091 consilia,
917 1033 1055 1079 tuturi
1077 1035 1332 1079 morabatur
1355 1033 1497 1079 ambi-

216 1121 352 1167 guus,
386 1104 585 1150 diffusam
615 1106 838 1150 taxiarum
871 1107 1066 1168 gentium
1096 1106 1268 1166 plebem
1299 1108 1346 1151 &
1374 1104 1495 1151 fero-

217 1175 409 1222 cientem
438 1176 715 1233 immaniter,
744 1194 837 1222 non
861 1177 938 1222 nisi
967 1194 1044 1238 per
1072 1177 1202 1222 dolos
1224 1176 1499 1222 occultiores

218 1249 267 1294 &
292 1249 564 1309 improvisos
589 1213 798 1295 excuisus
828 1249 1022 1310 superari
1045 1249 1190 1310 posse,
1208 1248 1497 1309 captiVO1um

218 1319 574 1368 confeffionibus
599 1323 647 1367 ὅ(
668 1320 988 1383 transfugarum
1014 1320 1186 1365 indiciis
1208 1320 1377 1366 doctus.
1398 1320 1497 1366 De-

217 1392 356 1454 nique
389 1393 538 1439 edistis
576 1393 816 1455 propositis
840 1428 852 1450 ‚
879 1393 1233 1456 impunitateque
1257 1393 1461 1454 promissa
1480 1429 1497 1450 ,

220 1464 465 1512 desertores
494 1467 547 1512 ad
575 1465 854 1527 proci116lum
887 1466 1106 1521 vocabat,
1127 1466 1174 1511 ὃς
1198 1464 1362 1510 multos
1385 1464 1500 1511 alios

218 1555 299 1600 per
319 1538 490 1586 diversa
506 1540 647 1585 libero
668 1553 922 1585 commeatu
939 1538 1170 1601 dispersos.
1192 1539 1298 1598 Quo
1320 1537 1500 1586 monitu.

220 1626 268 1659 ut
288 1613 457 1659 rediere
477 1614 676 1676 plerique
692 1650 703 1670 ,
726 1614 958 1661 incentivo
982 1613 1170 1676 percitus
1187 1648 1199 1670 ‚
1220 1612 1498 1675 retentusque

219 1685 361 1733 anxiis
397 1687 537 1743 curis,
565 1686 758 1732 Civilem
797 1686 980 1732 nomine
1011 1686 1226 1731 refilurum
1248 1685 1500 1732 Britannias

218 1776 305 1822 pro
339 1759 554 1821 praefeciis
576 1759 627 1804 ad
651 1759 692 1805 se
723 1759 987 1821 poposcerat
1015 1759 1158 1815 mitti,
1182 1758 1327 1804 virum
1352 1759 1499 1805 acrio—

217 1835 277 1880 ris
309 1834 506 1896 ingenii,
542 1833 612 1880 sed
644 1832 742 1894 justi
777 1847 975 1880 tenacem
1011 1835 1059 1880 &
1091 1833 1220 1879 refli:
1254 1833 1495 1896 itidemque

218 1907 471 1954 Dulcitium
490 1942 502 1962 ‚
525 1907 681 1952 (lucem
706 1906 885 1952 scientia
907 1906 969 1952 rei
990 1907 1185 1953 militaris
1207 1907 1430 1970 insignem.

285 1981 365 2027 IX.
393 1981 500 2027 Haec
523 1981 567 2026 in
601 1981 838 2026 Britanniis
870 1981 1120 2043 agebantur.
1155 1981 1350 2027 Africam
1382 1998 1497 2028 vero

220 2054 304 2115 jam
330 2055 429 2100 inde
449 2055 502 2100 ab
536 2054 725 2101 exordio
753 2055 1055 2100 Valentiniani
1077 2054 1249 2115 imperii
1281 2057 1496 2102 exurebat

218 2127 446 2174 barbarica
469 2128 633 2184 rabies,
664 2144 742 2188 per
770 2127 1007 2187 procursus
1029 2127 1310 2173 audentiores
1331 2130 1375 2174 ὃ(
1399 2145 1498 2174 cre-

220 2199 310 2245 bris
331 2199 525 2246 caedibus
553 2202 600 2246 &
624 2199 787 2261 rapinis
810 2200 990 2246 intenta.
1013 2201 1158 2258 Quam
1187 2216 1276 2243 rem
1297 2199 1498 2246 militaris

224 2272 408 2334 augebat
442 2272 667 2328 secordia,
703 2274 749 2318 δέ
788 2272 930 2318 aliena
973 2272 1166 2316 invadet.
1174 2272 1215 2316 di
1253 2272 1496 2334 cupiditas,

214 2345 502 2425 maximeiqte
533 2345 725 2390 Romani
751 2345 932 2390 nomine
961 2344 1151 2391 comitis.
1185 2345 1279 2403 Qui
1315 2345 1496 2393 venturi

214 2405 471 2480 'providus,
491 2430 568 2465 tra
561 2417 921 2484 isserenzlaeque
912 2435 955 2465 in
978 2417 1117 2465 alios
1109 2434 1184 2466 ιω
1193 2418 1292 2467 idiae
1314 2418 1497 2477 artifex,
