1626 2917
320 197 537 245 RERUM
572 195 911 245 GESTARUM
939 193 1044 243 Lm.
1078 195 1205 245 xvi·
1339 210 1415 262 ρι’-

130 295 351 368 jussusque
374 303 530 368 loqui,
552 303 676 367 quod
694 302 858 361 vellet,
878 301 1132 352 verecunde
1154 303 1204 350 &
1224 300 1405 351 modice

131 379 290 436 docet,
309 379 448 426 velari
483 379 717 427 veritatem
748 367 1008 426 mendaciis.¹
1038 376 1251 441 Magistro
1286 375 1407 423 enim

128 467 355 500 armorum
375 453 454 518 (ut
480 454 768 514 credebatur)
794 452 982 501 cessante
1008 450 1218 500 consulto
1235 485 1250 509 ,
1276 449 1409 496 indu·

127 525 228 572 stria
264 526 394 591 vigili
426 527 643 576 Caesarem
681 527 896 576 obsessum
925 526 1043 590 apud
1072 526 1269 572 Senonas
1299 523 1375 571 diu
1393 559 1410 582 ‚

127 598 340 648 barbaros
372 602 605 665 repulifi'e:
642 602 1032 665 apparitoremque
1065 597 1202 646 fidum
1236 595 1410 644 auctori

127 671 223 730 suo,
243 674 394 737 quoad
413 674 604 733 vixerit,
618 675 717 721 fore
730 711 744 734 9
765 674 961 737 obligata
981 671 1158 720 cervice
1177 670 1251 718 sua
1269 669 1410 734 sp'on-

127 745 272 794 debat.
291 748 381 795 Res
399 748 578 795 monuit
596 747 725 811 super
745 748 835 794 hoc
853 747 1011 795 eodem
1032 745 1246 793 Eutherio
1264 760 1409 808 pauca

127 817 379 878 subserere‚
414 819 600 867 forsitan
629 836 722 866 non
753 820 999 875 credenda3
1028 835 1078 865 ea
1112 835 1188 875 re,
1219 817 1346 880 quod
1377 815 1412 862 fi

129 889 280 936 Numa
303 890 550 953 Pompilius
563 926 578 947 ,
597 891 672 937 vel
692 892 895 936 Socrates
915 889 1037 936 bona
1056 888 1255 952 quaedam
1286 887 1412 934 dice-

128 971 229 1018 rent
271 959 325 1007 de
363 960 592 1023 spadone,
638 959 849 1022 dictisque
895 958 1164 1022 religionum
1199 958 1412 1004 adderent

82 1025 285 1153 fflem,
312 1049 338 1080 a
361 1032 550 1080 veritate
578 1031 809 1079 descivisse
837 1047 1143 1096 arguerentur.
1176 1031 1262 1079 Sed
1293 1031 1412 1078 inter

164 1121 290 1167 epres
307 1106 421 1152 rosae
440 1105 704 1163 nascuntur,
725 1106 776 1152 &
800 1104 916 1152 inter
936 1105 1049 1152 feras
1071 1104 1303 1152 nonnullae
1321 1104 1412 1150 rni-
1465 1138 1470 1143 x

127 1178 314 1225 tescunt.
349 1181 500 1242 Itaque
534 1178 723 1239 carptim
759 1176 854 1238 ejus
891 1178 1140 1242 praecipua,
1171 1194 1274 1241 quae
1309 1176 1412 1223 sunt

127 1261 383 1313 comperta,
407 1250 683 1298 monstrabo.
714 1250 856 1298 Natus
883 1250 931 1296 in
961 1249 1170 1297 Armenia
1198 1249 1410 1313 sanguine

126 1323 302 1382 libere,
335 1325 575 1389 captusque
609 1343 634 1372 a
674 1323 874 1372 finitimis
907 1325 1106 1372 hostibus
1143 1323 1277 1371 etiam
1311 1336 1410 1370 tum

126 1396 367 1458 parvulus,
390 1397 613 1445 abstractis
645 1398 863 1461 geminis,
894 1397 1112 1444 Romanis
1144 1395 1411 1443 mercatori-

129 1469 213 1516 bus
241 1471 561 1530 venumdatus,
582 1471 638 1517 ad
669 1470 883 1534 palatium
910 1469 1202 1517 Constantini
1226 1469 1410 1515 deduci-

132 1550 232 1586 tur:
250 1540 328 1587 ubi
347 1541 558 1604 paulatim
577 1542 829 1590 adolescens
847 1541 1070 1589 rationem
1086 1541 1202 1589 reete
1221 1540 1410 1589 vivendi

130 1611 462 1677 sollertiamque
481 1614 764 1675 ostendebat,
784 1605 948 1673 literis,
965 1626 1183 1679 quantum
1211 1614 1289 1661 tali
1314 1612 1410 1660 for-

129 1696 252 1731 tunae
285 1685 384 1733 satis
415 1687 499 1734 effe
524 1701 726 1751 poterat,
748 1689 970 1745 eruditus,
1008 1686 1239 1752 cogitandi
1276 1686 1412 1732 inve-

129 1758 373 1823 niendique
395 1760 525 1807 dubia
548 1763 598 1809 &
620 1760 876 1824 scrupulosa
905 1761 1111 1809 acumine
1132 1759 1277 1807 nimio
1299 1777 1409 1823 prae-

128 1829 244 1878 stans
260 1831 557 1889 ‚immensum
585 1847 800 1897 quantum
823 1834 1040 1881 memoria
1063 1833 1219 1897 vigens
1234 1869 1249 1892 ,
1275 1833 1409 1879 bene·

129 1901 325 1950 faciendi
358 1905 544 1965 avidus,
577 1906 822 1970 plenusque
851 1906 952 1967 justi
985 1906 1159 1953 confilii
1181 1923 1192 1952 ε
1215 1921 1348 1969 quem
1377 1905 1409 1951 fi

129 1975 352 2024 Constans
379 1980 624 2041 Imperator
650 1980 760 2026 olim
789 1996 844 2026 ex
874 1980 1028 2027 adulto
1059 1978 1237 2042 jamque
1264 1989 1409 2024 matu-

128 2065 225 2094 rum
257 2050 429 2097 audiret
450 2050 634 2098 honesta
660 2051 906 2098 suadentem
930 2053 979 2099 &
1004 2051 1143 2108 resta,
1163 2049 1312 2106 nulla,
1332 2049 1409 2096 vel
1429 2095 1439 2113 ,

129 2122 266 2170 venia
286 2140 404 2171 certe
431 2125 562 2188 digna
583 2117 813 2188 peccasset.
850 2129 888 2173 Is
915 2127 1178 2189 praepositus
1208 2125 1409 2173 cubiculi

129 2194 260 2241 etiam
277 2196 498 2244 julianum
517 2198 756 2261 aliquoties
777 2198 1030 2262 corrigebat
1043 2234 1057 2258 ,
1076 2197 1278 2246 Asiaticis
1299 2214 1407 2245 coa-

132 2268 509 2330 litum-moribus,
531 2272 727 2336 ideoque
756 2270 918 2320 levem.
955 2272 1168 2336 Denique
1195 2272 1406 2335 digressus

129 2341 186 2386 ad
219 2342 388 2400 otium,
418 2344 662 2408 ascitusque
695 2344 849 2407 postea
880 2345 927 2392 in
965 2345 1206 2408 palatium,
1237 2345 1407 2407 semper

130 2413 304 2462 sobrius
321 2417 396 2474 ,&
423 2416 470 2464 in
492 2417 646 2480 primis
669 2418 900 2476 constans,
923 2418 984 2465 ita
1001 2416 1136 2465 fidem
1159 2417 1404 2467 continen-

130 2486 328 2552 tiamque
357 2488 549 2540 virtutes
574 2491 718 2540 coluit
747 2492 914 2556 amplas
924 2527 942 2554 ,
969 2504 1018 2541 ut
1049 2508 1134 2542 nec
1162 2490 1404 2556 prodidisse
