<?xml version="1.0" encoding="UTF-8"?>
<!DOCTYPE html PUBLIC "-//W3C//DTD XHTML 1.0 Transitional//EN"
    "http://www.w3.org/TR/xhtml1/DTD/xhtml1-transitional.dtd">
<html xmlns="http://www.w3.org/1999/xhtml" xml:lang="en" lang="en">
 <head>
  <title>
</title>
<meta http-equiv="Content-Type" content="text/html;charset=utf-8" />
  <meta name='ocr-system' content='tesseract 3.04.00' />
  <meta name='ocr-capabilities' content='ocr_page ocr_carea ocr_par ocr_line ocrx_word'/>
</head>
<body>
  <div class='ocr_page' id='page_1' title='image "./rerumgestarumqui00ammiuoft_0717.png"; bbox 0 0 1626 2917; ppageno 0'>
   <div class='ocr_carea' id='block_1_1' title="bbox 298 99 1395 167">
    <p class='ocr_par' dir='ltr' id='par_1_1' title="bbox 298 99 1395 167">
     <span class='ocr_line' id='line_1_1' title="bbox 298 99 1395 167; baseline 0.003 -21"><span class='ocrx_word' id='word_1_1' title='bbox 298 99 517 147; x_wconf 69' lang='lat' dir='ltr'><strong>RERUM</strong></span> <span class='ocrx_word' id='word_1_2' title='bbox 547 100 881 147; x_wconf 70' lang='lat' dir='ltr'>GESTARUM</span> <span class='ocrx_word' id='word_1_3' title='bbox 915 102 1019 148; x_wconf 75' lang='grc' dir='ltr'>ΠΒ.</span> <span class='ocrx_word' id='word_1_4' title='bbox 1048 102 1223 149; x_wconf 84' lang='grc' dir='ltr'><strong>ΧΧΧΙ.</strong></span> <span class='ocrx_word' id='word_1_5' title='bbox 1308 104 1395 167; x_wconf 74' lang='lat'>283</span> 
     </span>
    </p>
   </div>
   <div class='ocr_carea' id='block_1_2' title="bbox 117 200 1458 2394">
    <p class='ocr_par' dir='ltr' id='par_1_2' title="bbox 117 200 1419 1647">
     <span class='ocr_line' id='line_1_2' title="bbox 121 200 1404 268; baseline -0.001 -9"><span class='ocrx_word' id='word_1_6' title='bbox 121 211 325 259; x_wconf 85' lang='lat' dir='ltr'>reversus</span> <span class='ocrx_word' id='word_1_7' title='bbox 344 212 398 259; x_wconf 83' lang='lat' dir='ltr'>ad</span> <span class='ocrx_word' id='word_1_8' title='bbox 424 200 602 260; x_wconf 70' lang='lat' dir='ltr'>nostros</span> <span class='ocrx_word' id='word_1_9' title='bbox 617 249 629 268; x_wconf 78' lang='lat'><strong>‚</strong></span> <span class='ocrx_word' id='word_1_10' title='bbox 650 213 745 259; x_wconf 78' lang='lat' dir='ltr'>liaec</span> <span class='ocrx_word' id='word_1_11' title='bbox 767 212 825 259; x_wconf 86' lang='lat' dir='ltr'>ita</span> <span class='ocrx_word' id='word_1_12' title='bbox 845 212 1048 259; x_wconf 83' lang='lat' dir='ltr'>accidiffe</span> <span class='ocrx_word' id='word_1_13' title='bbox 1069 210 1281 259; x_wconf 88' lang='lat' dir='ltr'>narravit.</span> <span class='ocrx_word' id='word_1_14' title='bbox 1302 210 1404 258; x_wconf 86' lang='lat' dir='ltr'>Pari</span> 
     </span>
     <span class='ocr_line' id='line_1_3' title="bbox 119 286 1399 350; baseline -0.002 -16"><span class='ocrx_word' id='word_1_15' title='bbox 119 286 244 335; x_wconf 87' lang='lat' dir='ltr'>clade</span> <span class='ocrx_word' id='word_1_16' title='bbox 260 287 529 350; x_wconf 84' lang='lat' dir='ltr'>recuperatis</span> <span class='ocrx_word' id='word_1_17' title='bbox 547 288 786 350; x_wconf 53' lang='lat' dir='ltr'>Hispanis</span> <span class='ocrx_word' id='word_1_18' title='bbox 804 291 855 333; x_wconf 88' lang='lat' dir='ltr'>Sc</span> <span class='ocrx_word' id='word_1_19' title='bbox 878 288 984 350; x_wconf 89' lang='lat' dir='ltr'>pion</span> <span class='ocrx_word' id='word_1_20' title='bbox 994 305 1065 345; x_wconf 86' lang='lat' dir='ltr'>um</span> <span class='ocrx_word' id='word_1_21' title='bbox 1086 287 1399 343; x_wconf 85' lang='lat' dir='ltr'>alterum,cre-</span> 
     </span>
     <span class='ocr_line' id='line_1_4' title="bbox 117 359 1404 424; baseline -0.001 -18"><span class='ocrx_word' id='word_1_22' title='bbox 117 372 233 406; x_wconf 84' lang='lat' dir='ltr'>mata</span> <span class='ocrx_word' id='word_1_23' title='bbox 263 360 407 418; x_wconf 79' lang='lat' dir='ltr'>turri,</span> <span class='ocrx_word' id='word_1_24' title='bbox 435 360 478 406; x_wconf 90' lang='lat' dir='ltr'>in</span> <span class='ocrx_word' id='word_1_25' title='bbox 502 378 630 424; x_wconf 88' lang='lat' dir='ltr'>quam</span> <span class='ocrx_word' id='word_1_26' title='bbox 654 360 917 424; x_wconf 65' lang='lat' dir='ltr'>confugerat</span> <span class='ocrx_word' id='word_1_27' title='bbox 936 398 947 416; x_wconf 90' lang='lat'><strong>‚</strong></span> <span class='ocrx_word' id='word_1_28' title='bbox 970 360 1220 407; x_wconf 87' lang='lat' dir='ltr'>absumtum</span> <span class='ocrx_word' id='word_1_29' title='bbox 1243 359 1404 405; x_wconf 87' lang='lat' dir='ltr'>incen-</span> 
     </span>
     <span class='ocr_line' id='line_1_5' title="bbox 118 429 1405 496; baseline -0.002 -18"><span class='ocrx_word' id='word_1_30' title='bbox 118 431 197 478; x_wconf 83' lang='lat' dir='ltr'>dio</span> <span class='ocrx_word' id='word_1_31' title='bbox 236 432 385 478; x_wconf 83' lang='lat' dir='ltr'>hostili</span> <span class='ocrx_word' id='word_1_32' title='bbox 427 433 744 496; x_wconf 71' lang='lat' dir='ltr'>comperimus,</span> <span class='ocrx_word' id='word_1_33' title='bbox 784 435 895 480; x_wconf 86' lang='lat' dir='ltr'>Illud</span> <span class='ocrx_word' id='word_1_34' title='bbox 929 448 1076 479; x_wconf 76' lang='lat' dir='ltr'>tamen</span> <span class='ocrx_word' id='word_1_35' title='bbox 1106 445 1278 480; x_wconf 88' lang='lat' dir='ltr'>certum</span> <span class='ocrx_word' id='word_1_36' title='bbox 1314 429 1405 486; x_wconf 80' lang='lat' dir='ltr'>est,</span> 
     </span>
     <span class='ocr_line' id='line_1_6' title="bbox 118 504 1405 569; baseline 0 -18"><span class='ocrx_word' id='word_1_37' title='bbox 118 522 202 552; x_wconf 88' lang='lat' dir='ltr'>nec</span> <span class='ocrx_word' id='word_1_38' title='bbox 227 506 458 568; x_wconf 78' lang='lat' dir='ltr'>Scipioni,</span> <span class='ocrx_word' id='word_1_39' title='bbox 491 524 571 554; x_wconf 92' lang='lat' dir='ltr'>nec</span> <span class='ocrx_word' id='word_1_40' title='bbox 599 507 777 554; x_wconf 83' lang='lat' dir='ltr'>Valenti</span> <span class='ocrx_word' id='word_1_41' title='bbox 805 507 1071 569; x_wconf 69' lang='lat' dir='ltr'>sepulturam</span> <span class='ocrx_word' id='word_1_42' title='bbox 1096 542 1111 563; x_wconf 89' lang='lat'>,</span> <span class='ocrx_word' id='word_1_43' title='bbox 1142 504 1220 569; x_wconf 90' lang='lat' dir='ltr'>qui</span> <span class='ocrx_word' id='word_1_44' title='bbox 1250 504 1405 567; x_wconf 89' lang='lat' dir='ltr'>supre-</span> 
     </span>
     <span class='ocr_line' id='line_1_7' title="bbox 118 576 1406 643; baseline -0.002 -18"><span class='ocrx_word' id='word_1_45' title='bbox 118 578 285 626; x_wconf 84' lang='lat' dir='ltr'>mitatis</span> <span class='ocrx_word' id='word_1_46' title='bbox 308 580 459 626; x_wconf 88' lang='lat' dir='ltr'>honor</span> <span class='ocrx_word' id='word_1_47' title='bbox 483 580 568 639; x_wconf 89' lang='lat' dir='ltr'>est,</span> <span class='ocrx_word' id='word_1_48' title='bbox 593 581 838 643; x_wconf 73' lang='lat' dir='ltr'>contigisse.</span> <span class='ocrx_word' id='word_1_49' title='bbox 874 584 922 627; x_wconf 91' lang='lat' dir='ltr'>In</span> <span class='ocrx_word' id='word_1_50' title='bbox 949 581 1030 626; x_wconf 84' lang='lat' dir='ltr'>hac</span> <span class='ocrx_word' id='word_1_51' title='bbox 1064 577 1308 641; x_wconf 82' lang='lat' dir='ltr'>multiplici</span> <span class='ocrx_word' id='word_1_52' title='bbox 1331 576 1406 623; x_wconf 92' lang='lat' dir='ltr'>vi-</span> 
     </span>
     <span class='ocr_line' id='line_1_8' title="bbox 118 651 1408 716; baseline 0 -17"><span class='ocrx_word' id='word_1_53' title='bbox 118 669 273 699; x_wconf 84' lang='lat' dir='ltr'>rorum</span> <span class='ocrx_word' id='word_1_54' title='bbox 310 653 541 700; x_wconf 86' lang='lat' dir='ltr'>illustrium</span> <span class='ocrx_word' id='word_1_55' title='bbox 583 655 706 702; x_wconf 83' lang='lat' dir='ltr'>clade</span> <span class='ocrx_word' id='word_1_56' title='bbox 739 655 920 716; x_wconf 69' lang='lat' dir='ltr'>Traiani</span> <span class='ocrx_word' id='word_1_57' title='bbox 956 670 1076 700; x_wconf 88' lang='lat' dir='ltr'>mors</span> <span class='ocrx_word' id='word_1_58' title='bbox 1109 651 1328 708; x_wconf 81' lang='lat' dir='ltr'>eminuit,</span> <span class='ocrx_word' id='word_1_59' title='bbox 1355 652 1408 699; x_wconf 87' lang='lat'>&amp;</span> 
     </span>
     <span class='ocr_line' id='line_1_9' title="bbox 120 721 1409 792; baseline -0.002 -21"><span class='ocrx_word' id='word_1_60' title='bbox 120 726 393 774; x_wconf 81' lang='lat' dir='ltr'>Sebastiani:</span> <span class='ocrx_word' id='word_1_61' title='bbox 423 744 523 774; x_wconf 89' lang='lat' dir='ltr'>cum</span> <span class='ocrx_word' id='word_1_62' title='bbox 558 728 718 792; x_wconf 85' lang='lat' dir='ltr'>quibus</span> <span class='ocrx_word' id='word_1_63' title='bbox 752 742 904 774; x_wconf 74' lang='lat' dir='ltr'>XXXV</span> <span class='ocrx_word' id='word_1_64' title='bbox 935 726 1203 789; x_wconf 83' lang='lat' dir='ltr'>oppetivere</span> <span class='ocrx_word' id='word_1_65' title='bbox 1237 721 1409 771; x_wconf 83' lang='lat' dir='ltr'>tribuni</span> 
     </span>
     <span class='ocr_line' id='line_1_10' title="bbox 123 800 1409 859; baseline 0 -13"><span class='ocrx_word' id='word_1_66' title='bbox 123 801 368 857; x_wconf 83' lang='lat' dir='ltr'>Vacantes‚</span> <span class='ocrx_word' id='word_1_67' title='bbox 400 802 449 849; x_wconf 91' lang='lat'>&amp;</span> <span class='ocrx_word' id='word_1_68' title='bbox 481 819 774 849; x_wconf 88' lang='lat' dir='ltr'>numerorum</span> <span class='ocrx_word' id='word_1_69' title='bbox 806 804 1049 859; x_wconf 61' lang='lat' dir='ltr'>Rectores‚</span> <span class='ocrx_word' id='word_1_70' title='bbox 1076 803 1123 850; x_wconf 87' lang='lat'>&amp;</span> <span class='ocrx_word' id='word_1_71' title='bbox 1144 800 1409 847; x_wconf 79' lang='lat' dir='ltr'>Valerianus</span> 
     </span>
     <span class='ocr_line' id='line_1_11' title="bbox 121 873 1409 938; baseline -0.001 -20"><span class='ocrx_word' id='word_1_72' title='bbox 121 886 254 936; x_wconf 86' lang='lat' dir='ltr'>atque</span> <span class='ocrx_word' id='word_1_73' title='bbox 274 874 478 938; x_wconf 83' lang='lat' dir='ltr'>Equitius</span> <span class='ocrx_word' id='word_1_74' title='bbox 499 892 509 921; x_wconf 93' lang='lat'><strong>:</strong></span> <span class='ocrx_word' id='word_1_75' title='bbox 532 891 727 938; x_wconf 87' lang='lat' dir='ltr'>quorum</span> <span class='ocrx_word' id='word_1_76' title='bbox 749 876 859 922; x_wconf 84' lang='lat' dir='ltr'>alter</span> <span class='ocrx_word' id='word_1_77' title='bbox 881 874 1100 920; x_wconf 82' lang='lat' dir='ltr'>stabulum</span> <span class='ocrx_word' id='word_1_78' title='bbox 1116 909 1129 931; x_wconf 88' lang='lat'>,</span> <span class='ocrx_word' id='word_1_79' title='bbox 1149 873 1259 919; x_wconf 88' lang='lat' dir='ltr'>alter</span> <span class='ocrx_word' id='word_1_80' title='bbox 1276 889 1409 918; x_wconf 89' lang='lat' dir='ltr'>cura-</span> 
     </span>
     <span class='ocr_line' id='line_1_12' title="bbox 121 945 1409 1010; baseline -0.003 -16"><span class='ocrx_word' id='word_1_81' title='bbox 121 947 198 994; x_wconf 84' lang='lat' dir='ltr'>bat</span> <span class='ocrx_word' id='word_1_82' title='bbox 230 949 457 1010; x_wconf 82' lang='lat' dir='ltr'>palatium.</span> <span class='ocrx_word' id='word_1_83' title='bbox 486 951 605 996; x_wconf 83' lang='lat' dir='ltr'>Inter</span> <span class='ocrx_word' id='word_1_84' title='bbox 638 950 722 996; x_wconf 89' lang='lat' dir='ltr'>hos</span> <span class='ocrx_word' id='word_1_85' title='bbox 751 949 883 995; x_wconf 81' lang='lat' dir='ltr'>etiam</span> <span class='ocrx_word' id='word_1_86' title='bbox 909 950 1233 994; x_wconf 78' lang='lat' dir='ltr'>promotorum</span> <span class='ocrx_word' id='word_1_87' title='bbox 1262 945 1409 992; x_wconf 74' lang='lat' dir='ltr'>tribu·</span> 
     </span>
     <span class='ocr_line' id='line_1_13' title="bbox 124 1020 1413 1084; baseline -0.001 -18"><span class='ocrx_word' id='word_1_88' title='bbox 124 1038 208 1068; x_wconf 89' lang='lat' dir='ltr'>nus</span> <span class='ocrx_word' id='word_1_89' title='bbox 230 1023 463 1070; x_wconf 82' lang='lat' dir='ltr'>Potentius</span> <span class='ocrx_word' id='word_1_90' title='bbox 492 1023 654 1069; x_wconf 88' lang='lat' dir='ltr'>cecidit</span> <span class='ocrx_word' id='word_1_91' title='bbox 683 1022 727 1068; x_wconf 89' lang='lat' dir='ltr'>in</span> <span class='ocrx_word' id='word_1_92' title='bbox 751 1022 973 1084; x_wconf 80' lang='lat' dir='ltr'>primaevo</span> <span class='ocrx_word' id='word_1_93' title='bbox 998 1021 1135 1068; x_wconf 88' lang='lat' dir='ltr'>aetatis</span> <span class='ocrx_word' id='word_1_94' title='bbox 1163 1020 1302 1076; x_wconf 85' lang='lat' dir='ltr'>flore,</span> <span class='ocrx_word' id='word_1_95' title='bbox 1323 1020 1413 1065; x_wconf 90' lang='lat' dir='ltr'>bo-</span> 
     </span>
     <span class='ocr_line' id='line_1_14' title="bbox 121 1091 1414 1156; baseline 0 -17"><span class='ocrx_word' id='word_1_96' title='bbox 121 1110 186 1140; x_wconf 88' lang='lat' dir='ltr'>no</span> <span class='ocrx_word' id='word_1_97' title='bbox 225 1094 387 1156; x_wconf 88' lang='lat' dir='ltr'>cuique</span> <span class='ocrx_word' id='word_1_98' title='bbox 426 1093 667 1155; x_wconf 62' lang='lat' dir='ltr'>specimus,</span> <span class='ocrx_word' id='word_1_99' title='bbox 699 1095 869 1141; x_wconf 88' lang='lat' dir='ltr'>meritis</span> <span class='ocrx_word' id='word_1_100' title='bbox 906 1093 1100 1140; x_wconf 72' lang='lat' dir='ltr'>Ursicini</span> <span class='ocrx_word' id='word_1_101' title='bbox 1137 1091 1273 1154; x_wconf 83' lang='lat' dir='ltr'>patris</span> <span class='ocrx_word' id='word_1_102' title='bbox 1311 1093 1414 1139; x_wconf 83' lang='lat' dir='ltr'>Ma-</span> 
     </span>
     <span class='ocr_line' id='line_1_15' title="bbox 121 1162 1413 1228; baseline 0 -17"><span class='ocrx_word' id='word_1_103' title='bbox 121 1165 241 1227; x_wconf 82' lang='lat' dir='ltr'>gistri</span> <span class='ocrx_word' id='word_1_104' title='bbox 277 1166 506 1228; x_wconf 84' lang='lat' dir='ltr'>quondam</span> <span class='ocrx_word' id='word_1_105' title='bbox 544 1184 770 1214; x_wconf 85' lang='lat' dir='ltr'>armorum</span> <span class='ocrx_word' id='word_1_106' title='bbox 815 1165 988 1225; x_wconf 83' lang='lat' dir='ltr'>suisque</span> <span class='ocrx_word' id='word_1_107' title='bbox 1024 1162 1413 1215; x_wconf 84' lang='lat' dir='ltr'>commendabilis.</span> 
     </span>
     <span class='ocr_line' id='line_1_16' title="bbox 123 1236 1415 1299; baseline -0.002 -16"><span class='ocrx_word' id='word_1_108' title='bbox 123 1237 425 1299; x_wconf 82' lang='lat' dir='ltr'>Constatque,</span> <span class='ocrx_word' id='word_1_109' title='bbox 453 1238 533 1285; x_wconf 84' lang='lat' dir='ltr'>vix</span> <span class='ocrx_word' id='word_1_110' title='bbox 562 1239 736 1284; x_wconf 82' lang='lat' dir='ltr'>tertiam</span> <span class='ocrx_word' id='word_1_111' title='bbox 765 1236 948 1284; x_wconf 81' lang='lat' dir='ltr'>evafiffe</span> <span class='ocrx_word' id='word_1_112' title='bbox 981 1236 1201 1282; x_wconf 76' lang='lat' dir='ltr'>exercitus</span> <span class='ocrx_word' id='word_1_113' title='bbox 1225 1250 1415 1297; x_wconf 84' lang='lat' dir='ltr'>partem.</span> 
     </span>
     <span class='ocr_line' id='line_1_17' title="bbox 122 1306 1417 1372; baseline -0.002 -16"><span class='ocrx_word' id='word_1_114' title='bbox 122 1310 223 1357; x_wconf 86' lang='lat' dir='ltr'>Nec</span> <span class='ocrx_word' id='word_1_115' title='bbox 243 1310 330 1356; x_wconf 90' lang='lat' dir='ltr'>ulla</span> <span class='ocrx_word' id='word_1_116' title='bbox 351 1310 584 1356; x_wconf 81' lang='lat' dir='ltr'>annalibus</span> <span class='ocrx_word' id='word_1_117' title='bbox 598 1347 610 1367; x_wconf 89' lang='lat'>,</span> <span class='ocrx_word' id='word_1_118' title='bbox 629 1324 788 1372; x_wconf 86' lang='lat' dir='ltr'>praeter</span> <span class='ocrx_word' id='word_1_119' title='bbox 811 1307 1093 1355; x_wconf 77' lang='lat' dir='ltr'>Cannensem</span> <span class='ocrx_word' id='word_1_120' title='bbox 1109 1324 1305 1370; x_wconf 84' lang='lat' dir='ltr'>pugnam</span> <span class='ocrx_word' id='word_1_121' title='bbox 1320 1342 1334 1363; x_wconf 82' lang='lat'>‚</span> <span class='ocrx_word' id='word_1_122' title='bbox 1354 1306 1417 1354; x_wconf 85' lang='lat' dir='ltr'>ita</span> 
     </span>
     <span class='ocr_line' id='line_1_18' title="bbox 123 1381 1415 1446; baseline -0.003 -16"><span class='ocrx_word' id='word_1_123' title='bbox 123 1383 178 1430; x_wconf 86' lang='lat' dir='ltr'>ad</span> <span class='ocrx_word' id='word_1_124' title='bbox 197 1383 553 1429; x_wconf 76' lang='lat' dir='ltr'>internecionem</span> <span class='ocrx_word' id='word_1_125' title='bbox 581 1400 647 1429; x_wconf 86' lang='lat' dir='ltr'>res</span> <span class='ocrx_word' id='word_1_126' title='bbox 668 1383 827 1446; x_wconf 80' lang='lat' dir='ltr'>legitur</span> <span class='ocrx_word' id='word_1_127' title='bbox 854 1381 994 1446; x_wconf 83' lang='lat' dir='ltr'>gesta,</span> <span class='ocrx_word' id='word_1_128' title='bbox 1017 1398 1290 1444; x_wconf 84' lang='lat' dir='ltr'>quamquam</span> <span class='ocrx_word' id='word_1_129' title='bbox 1311 1382 1415 1427; x_wconf 86' lang='lat' dir='ltr'>Ro-</span> 
     </span>
     <span class='ocr_line' id='line_1_19' title="bbox 123 1453 1416 1516; baseline -0.001 -15"><span class='ocrx_word' id='word_1_130' title='bbox 123 1455 244 1502; x_wconf 82' lang='lat' dir='ltr'>mani</span> <span class='ocrx_word' id='word_1_131' title='bbox 271 1455 511 1516; x_wconf 79' lang='lat' dir='ltr'>aliquoties</span> <span class='ocrx_word' id='word_1_132' title='bbox 540 1456 724 1502; x_wconf 83' lang='lat' dir='ltr'>reflante</span> <span class='ocrx_word' id='word_1_133' title='bbox 756 1458 955 1503; x_wconf 79' lang='lat' dir='ltr'>Fortuna</span> <span class='ocrx_word' id='word_1_134' title='bbox 989 1453 1175 1501; x_wconf 84' lang='lat' dir='ltr'>fallaciis</span> <span class='ocrx_word' id='word_1_135' title='bbox 1203 1453 1282 1500; x_wconf 77' lang='lat' dir='ltr'>lusi</span> <span class='ocrx_word' id='word_1_136' title='bbox 1316 1454 1416 1501; x_wconf 83' lang='lat' dir='ltr'>bel-</span> 
     </span>
     <span class='ocr_line' id='line_1_20' title="bbox 124 1526 1419 1590; baseline 0 -16"><span class='ocrx_word' id='word_1_137' title='bbox 124 1528 275 1574; x_wconf 89' lang='lat' dir='ltr'>lorum</span> <span class='ocrx_word' id='word_1_138' title='bbox 304 1528 530 1590; x_wconf 85' lang='lat' dir='ltr'>iniquitati</span> <span class='ocrx_word' id='word_1_139' title='bbox 564 1529 782 1575; x_wconf 81' lang='lat' dir='ltr'>cefferunt</span> <span class='ocrx_word' id='word_1_140' title='bbox 803 1528 855 1574; x_wconf 89' lang='lat' dir='ltr'>ad</span> <span class='ocrx_word' id='word_1_141' title='bbox 879 1541 1083 1590; x_wconf 85' lang='lat' dir='ltr'>tempus:</span> <span class='ocrx_word' id='word_1_142' title='bbox 1108 1529 1156 1574; x_wconf 88' lang='lat'>&amp;</span> <span class='ocrx_word' id='word_1_143' title='bbox 1176 1526 1419 1575; x_wconf 86' lang='lat' dir='ltr'>certamina</span> 
     </span>
     <span class='ocr_line' id='line_1_21' title="bbox 125 1599 1152 1647; baseline 0 -1"><span class='ocrx_word' id='word_1_144' title='bbox 125 1601 262 1646; x_wconf 84' lang='lat' dir='ltr'>multa</span> <span class='ocrx_word' id='word_1_145' title='bbox 285 1599 495 1647; x_wconf 67' lang='lat' dir='ltr'>fabulosae</span> <span class='ocrx_word' id='word_1_146' title='bbox 519 1603 661 1647; x_wconf 74' lang='lat' dir='ltr'>neniae</span> <span class='ocrx_word' id='word_1_147' title='bbox 682 1601 771 1647; x_wconf 50' lang='lat' dir='ltr'>fleu</span> <span class='ocrx_word' id='word_1_148' title='bbox 778 1618 849 1646; x_wconf 90' lang='lat' dir='ltr'>ere</span> <span class='ocrx_word' id='word_1_149' title='bbox 868 1603 1152 1647; x_wconf 72' lang='lat' dir='ltr'>Graecorum.</span> 
     </span>
    </p>

    <p class='ocr_par' dir='ltr' id='par_1_3' title="bbox 125 1672 1458 2394">
     <span class='ocr_line' id='line_1_22' title="bbox 193 1672 1458 1737; baseline 0.002 -20"><span class='ocrx_word' id='word_1_150' title='bbox 193 1672 316 1718; x_wconf 79' lang='lat' dir='ltr'>xiv.</span> <span class='ocrx_word' id='word_1_151' title='bbox 337 1672 471 1717; x_wconf 86' lang='lat' dir='ltr'>Periit</span> <span class='ocrx_word' id='word_1_152' title='bbox 492 1687 638 1718; x_wconf 85' lang='lat' dir='ltr'>autem</span> <span class='ocrx_word' id='word_1_153' title='bbox 662 1673 753 1719; x_wconf 90' lang='lat' dir='ltr'>hoc</span> <span class='ocrx_word' id='word_1_154' title='bbox 781 1672 901 1719; x_wconf 87' lang='lat' dir='ltr'>exitu</span> <span class='ocrx_word' id='word_1_155' title='bbox 920 1672 1113 1731; x_wconf 89' lang='lat' dir='ltr'>Valens,</span> <span class='ocrx_word' id='word_1_156' title='bbox 1133 1672 1418 1737; x_wconf 79' lang='lat' dir='ltr'>quinquage-</span> <span class='ocrx_word' id='word_1_157' title='bbox 1445 1687 1458 1692; x_wconf 85' lang='lat'><strong>·</strong></span> 
     </span>
     <span class='ocr_line' id='line_1_23' title="bbox 125 1742 1417 1809; baseline 0.002 -19"><span class='ocrx_word' id='word_1_158' title='bbox 125 1742 238 1790; x_wconf 86' lang='lat' dir='ltr'>fimo</span> <span class='ocrx_word' id='word_1_159' title='bbox 273 1760 395 1791; x_wconf 88' lang='lat' dir='ltr'>anno</span> <span class='ocrx_word' id='word_1_160' title='bbox 425 1745 687 1808; x_wconf 75' lang='lat' dir='ltr'>contiguis,</span> <span class='ocrx_word' id='word_1_161' title='bbox 711 1762 812 1791; x_wconf 88' lang='lat' dir='ltr'>cum</span> <span class='ocrx_word' id='word_1_162' title='bbox 844 1762 922 1807; x_wconf 86' lang='lat' dir='ltr'>per</span> <span class='ocrx_word' id='word_1_163' title='bbox 945 1762 1088 1793; x_wconf 85' lang='lat' dir='ltr'>annos</span> <span class='ocrx_word' id='word_1_164' title='bbox 1108 1758 1301 1809; x_wconf 82' lang='lat' dir='ltr'>quatuor</span> <span class='ocrx_word' id='word_1_165' title='bbox 1329 1747 1417 1792; x_wconf 88' lang='lat' dir='ltr'>im-</span> 
     </span>
     <span class='ocr_line' id='line_1_24' title="bbox 126 1814 1416 1880; baseline 0.005 -21"><span class='ocrx_word' id='word_1_166' title='bbox 126 1814 312 1878; x_wconf 84' lang='lat' dir='ltr'>peraffet</span> <span class='ocrx_word' id='word_1_167' title='bbox 342 1816 390 1862; x_wconf 68' lang='grc' dir='ltr'>δέ</span> <span class='ocrx_word' id='word_1_168' title='bbox 422 1815 575 1862; x_wconf 88' lang='lat' dir='ltr'>decem</span> <span class='ocrx_word' id='word_1_169' title='bbox 600 1833 738 1877; x_wconf 78' lang='lat' dir='ltr'>parvo</span> <span class='ocrx_word' id='word_1_170' title='bbox 764 1817 923 1864; x_wconf 87' lang='lat' dir='ltr'>minus.</span> <span class='ocrx_word' id='word_1_171' title='bbox 956 1817 1098 1880; x_wconf 84' lang='lat' dir='ltr'>Cujus</span> <span class='ocrx_word' id='word_1_172' title='bbox 1119 1818 1239 1865; x_wconf 85' lang='lat' dir='ltr'>bona</span> <span class='ocrx_word' id='word_1_173' title='bbox 1264 1819 1416 1866; x_wconf 84' lang='lat' dir='ltr'>multis</span> 
     </span>
     <span class='ocr_line' id='line_1_25' title="bbox 127 1886 1416 1949; baseline 0.002 -15"><span class='ocrx_word' id='word_1_174' title='bbox 127 1886 309 1949; x_wconf 84' lang='lat' dir='ltr'>cognita</span> <span class='ocrx_word' id='word_1_175' title='bbox 328 1887 525 1934; x_wconf 87' lang='lat' dir='ltr'>dicemus</span> <span class='ocrx_word' id='word_1_176' title='bbox 541 1927 554 1944; x_wconf 75' lang='lat'>,</span> <span class='ocrx_word' id='word_1_177' title='bbox 576 1891 623 1935; x_wconf 68' lang='grc' dir='ltr'>ὅ(</span> <span class='ocrx_word' id='word_1_178' title='bbox 645 1889 769 1935; x_wconf 85' lang='lat' dir='ltr'>vitia.</span> <span class='ocrx_word' id='word_1_179' title='bbox 791 1889 974 1936; x_wconf 88' lang='lat' dir='ltr'>Amicus</span> <span class='ocrx_word' id='word_1_180' title='bbox 997 1888 1140 1938; x_wconf 86' lang='lat' dir='ltr'>fidelis</span> <span class='ocrx_word' id='word_1_181' title='bbox 1165 1893 1213 1938; x_wconf 86' lang='lat'>&amp;</span> <span class='ocrx_word' id='word_1_182' title='bbox 1235 1890 1416 1949; x_wconf 82' lang='lat' dir='ltr'>firmus,</span> 
     </span>
     <span class='ocr_line' id='line_1_26' title="bbox 129 1959 1417 2019; baseline 0.005 -14"><span class='ocrx_word' id='word_1_183' title='bbox 129 1959 251 2005; x_wconf 87' lang='lat' dir='ltr'>ultor</span> <span class='ocrx_word' id='word_1_184' title='bbox 273 1977 374 2007; x_wconf 90' lang='lat' dir='ltr'>acer</span> <span class='ocrx_word' id='word_1_185' title='bbox 399 1961 697 2008; x_wconf 85' lang='lat' dir='ltr'>ambitionum</span> <span class='ocrx_word' id='word_1_186' title='bbox 716 1998 730 2019; x_wconf 87' lang='lat'>,</span> <span class='ocrx_word' id='word_1_187' title='bbox 755 1962 931 2010; x_wconf 78' lang='lat' dir='ltr'>severus</span> <span class='ocrx_word' id='word_1_188' title='bbox 959 1963 1162 2011; x_wconf 87' lang='lat' dir='ltr'>militaris</span> <span class='ocrx_word' id='word_1_189' title='bbox 1193 1965 1240 2012; x_wconf 90' lang='lat'>&amp;</span> <span class='ocrx_word' id='word_1_190' title='bbox 1264 1964 1417 2012; x_wconf 85' lang='lat' dir='ltr'>civilis</span> 
     </span>
     <span class='ocr_line' id='line_1_27' title="bbox 130 2032 1419 2100; baseline 0.005 -21"><span class='ocrx_word' id='word_1_191' title='bbox 130 2032 375 2097; x_wconf 73' lang='lat' dir='ltr'>disciplinae</span> <span class='ocrx_word' id='word_1_192' title='bbox 411 2036 672 2082; x_wconf 63' lang='lat' dir='ltr'>corrector:</span> <span class='ocrx_word' id='word_1_193' title='bbox 710 2036 906 2100; x_wconf 82' lang='lat' dir='ltr'>pervigil</span> <span class='ocrx_word' id='word_1_194' title='bbox 941 2036 1110 2099; x_wconf 86' lang='lat' dir='ltr'>semper</span> <span class='ocrx_word' id='word_1_195' title='bbox 1141 2039 1192 2086; x_wconf 87' lang='lat'>&amp;</span> <span class='ocrx_word' id='word_1_196' title='bbox 1227 2038 1419 2098; x_wconf 85' lang='lat' dir='ltr'>anxius,</span> 
     </span>
     <span class='ocr_line' id='line_1_28' title="bbox 131 2107 1418 2172; baseline 0.005 -20"><span class='ocrx_word' id='word_1_197' title='bbox 131 2123 188 2152; x_wconf 89' lang='lat' dir='ltr'>ne</span> <span class='ocrx_word' id='word_1_198' title='bbox 211 2107 591 2170; x_wconf 82' lang='lat' dir='ltr'>propinquitatem</span> <span class='ocrx_word' id='word_1_199' title='bbox 615 2108 707 2170; x_wconf 84' lang='lat' dir='ltr'>ejus</span> <span class='ocrx_word' id='word_1_200' title='bbox 726 2110 1006 2172; x_wconf 79' lang='lat' dir='ltr'>praetendens</span> <span class='ocrx_word' id='word_1_201' title='bbox 1025 2111 1153 2157; x_wconf 86' lang='lat' dir='ltr'>altius</span> <span class='ocrx_word' id='word_1_202' title='bbox 1173 2111 1308 2158; x_wconf 87' lang='lat' dir='ltr'>semet</span> <span class='ocrx_word' id='word_1_203' title='bbox 1325 2112 1418 2159; x_wconf 85' lang='lat' dir='ltr'>fer·</span> 
     </span>
     <span class='ocr_line' id='line_1_29' title="bbox 131 2178 1418 2242; baseline 0.005 -18"><span class='ocrx_word' id='word_1_204' title='bbox 131 2191 228 2225; x_wconf 89' lang='lat' dir='ltr'>ret:</span> <span class='ocrx_word' id='word_1_205' title='bbox 260 2195 362 2242; x_wconf 84' lang='lat' dir='ltr'>erga</span> <span class='ocrx_word' id='word_1_206' title='bbox 389 2178 647 2226; x_wconf 80' lang='lat' dir='ltr'>deferendas</span> <span class='ocrx_word' id='word_1_207' title='bbox 681 2181 916 2242; x_wconf 78' lang='lat' dir='ltr'>potestates</span> <span class='ocrx_word' id='word_1_208' title='bbox 951 2182 1023 2227; x_wconf 92' lang='lat' dir='ltr'>vel</span> <span class='ocrx_word' id='word_1_209' title='bbox 1059 2183 1313 2230; x_wconf 84' lang='lat' dir='ltr'>adimendas</span> <span class='ocrx_word' id='word_1_210' title='bbox 1344 2183 1418 2230; x_wconf 89' lang='lat' dir='ltr'>ni-</span> 
     </span>
     <span class='ocr_line' id='line_1_30' title="bbox 133 2253 1418 2320; baseline 0.004 -21"><span class='ocrx_word' id='word_1_211' title='bbox 133 2253 273 2299; x_wconf 87' lang='lat' dir='ltr'>mium</span> <span class='ocrx_word' id='word_1_212' title='bbox 293 2254 467 2301; x_wconf 86' lang='lat' dir='ltr'>tardus:</span> <span class='ocrx_word' id='word_1_213' title='bbox 486 2255 825 2317; x_wconf 79' lang='lat' dir='ltr'>provinciarum</span> <span class='ocrx_word' id='word_1_214' title='bbox 849 2254 1118 2319; x_wconf 78' lang='lat' dir='ltr'>aequiflimus</span> <span class='ocrx_word' id='word_1_215' title='bbox 1136 2269 1286 2314; x_wconf 88' lang='lat' dir='ltr'>tutor,</span> <span class='ocrx_word' id='word_1_216' title='bbox 1306 2274 1418 2320; x_wconf 82' lang='lat' dir='ltr'>qua-</span> 
     </span>
     <span class='ocr_line' id='line_1_31' title="bbox 134 2326 1418 2394; baseline 0.003 -21"><span class='ocrx_word' id='word_1_217' title='bbox 134 2343 234 2374; x_wconf 81' lang='lat' dir='ltr'>rum</span> <span class='ocrx_word' id='word_1_218' title='bbox 267 2326 456 2392; x_wconf 67' lang='lat' dir='ltr'>lingulas</span> <span class='ocrx_word' id='word_1_219' title='bbox 488 2341 536 2376; x_wconf 90' lang='lat' dir='ltr'>ut</span> <span class='ocrx_word' id='word_1_220' title='bbox 566 2330 750 2376; x_wconf 86' lang='lat' dir='ltr'>domum</span> <span class='ocrx_word' id='word_1_221' title='bbox 779 2330 1005 2394; x_wconf 87' lang='lat' dir='ltr'>propriam</span> <span class='ocrx_word' id='word_1_222' title='bbox 1035 2330 1313 2379; x_wconf 86' lang='lat' dir='ltr'>custodiebat</span> <span class='ocrx_word' id='word_1_223' title='bbox 1344 2330 1418 2377; x_wconf 88' lang='lat' dir='ltr'>in-</span> 
     </span>
    </p>
   </div>
  </div>
 </body>
</html>
