1626 2917
230 174 385 213 xxxii
475 163 830 212 NOTITIA
877 165 1343 214 LITERARIA

228 273 485 337 composuit
518 274 703 329 Romae,
739 289 894 335 parum
927 274 1124 338 elegante
1159 276 1263 323 licet
1291 275 1510 334 diaione5

228 354 246 380 ²
273 346 592 403 Historiarum,
617 346 707 391 sive
728 364 856 392 rerum
871 365 917 409 ge
952 368 1067 395 arum
1082 385 1094 404 ‚
1115 358 1133 379 2
1157 367 1179 395 a
1201 349 1365 397 Nervae
1390 349 1514 411 prin·

231 417 384 480 cipatu
420 419 474 465 ad
506 417 730 464 excefl'um
758 418 891 482 usque
922 421 1030 482 Imp.
1062 421 1264 469 Valentis
1283 421 1375 469 five
1399 437 1436 468 a.
1456 421 1513 469 C.

234 493 356 555 378,
377 492 517 538 libros
546 493 717 538 XXXl.
751 501 766 534 3
792 493 971 540 Horum
1006 495 1158 557 primis
1190 494 1402 541 tredecim
1434 496 1515 541 de-

229 564 440 628 perditis,
480 563 561 609 soli
593 576 767 610 aetatem
803 566 1001 612 tulerunt
1039 567 1249 629 postremi
1283 567 1512 614 duodevi-

231 637 372 701 ginti,
393 637 469 700 qui
491 637 713 700 incipiunt
733 638 788 684 ab
809 655 846 685 a.
867 640 920 686 C.
943 654 1026 703 353
1046 675 1059 697 ‚
1078 639 1170 687 five
1191 657 1214 687 a
1236 639 1516 689 facinoribus

231 710 423 757 Caesaris
450 707 604 769 Galli,
643 710 979 774 propinquitate
1011 711 1142 774 regiae
1176 711 1320 775 stirpis
1352 712 1519 776 (Con-

231 783 382 830 stantii
412 784 529 830 enim
557 783 690 830 frater
719 783 929 846 patruelis
952 781 1066 847 fuit)
1088 783 1189 830 elati
1216 786 1265 832 δι
1294 784 1517 848 adspiran-

231 855 292 903 τὶς
321 855 375 902 ad
411 856 663 917 imperium.
697 859 744 903 ln
778 856 956 920 Assyria
984 856 1025 902 se
1055 855 1307 916 versatum,
1339 857 1518 904 testatur

232 929 316 976 lib.
360 924 544 986 XVIII,
572 931 633 987 6,
679 930 728 976 ὅ(
757 928 1035 991 expeditioni
1070 929 1231 976 Juliani
1267 932 1518 992 Imperato-
1593 980 1597 982 ,

232 1001 295 1050 ris
320 1000 367 1048 in
397 1003 587 1050 Parthos
616 1001 860 1050 interfuisse
897 1003 970 1050 lib.
999 1004 1153 1050 XXIV
1171 1038 1186 1060 ‚
1210 1019 1254 1063 1,
1282 1004 1445 1063 XXV,
1477 1019 1520 1053 2.

238 1153 400 1192 gerare,
439 1142 475 1181 ἃ
513 1140 653 1180 addere
692 1140 843 1180 veritati

239 1195 459 1245 complura,
483 1195 677 1244 fidemque
703 1194 844 1233 habere

237 1249 518 1288 narrationibus
554 1261 689 1309 parurn
719 1249 844 1288 verisi-

240 1303 425 1343 milibus:
450 1318 494 1341 on
508 1305 679 1342 recomzoit
693 1317 761 1354 par
771 1315 847 1342 tou-

238 1371 273 1396 te
298 1358 334 1395 la
350 1357 444 1410 suite
459 1358 499 1395 de
510 1357 577 1415 fim
592 1357 742 1408 Histoire
757 1371 803 1408 qu
807 1353 850 1395 ’il

240 1412 338 1472 estoit
351 1410 429 1463 fhrt
458 1409 519 1464 suj
519 1422 550 1449 et
584 1411 618 1449 ὃ)
650 1412 788 1448 αᾶοιιιιέ
815 1409 844 1447 a

242 1479 371 1511 ειοιιε,
406 1465 441 1503 6³
479 1464 651 1517 amplifler
678 1465 718 1502 de
751 1462 847 1502 telles

242 1519 477 1565 nat·rations.‚
504 1518 568 1570 sur
607 1517 785 1570 lesquelles
810 1517 849 1570 je

241 1587 327 1624 croy
351 1586 415 1625 que
451 1573 558 1611 Vives
580 1571 655 1624 s'est
673 1587 715 1610 ειι.
736 1573 849 1624 partic

242 1626 359 1679 re'gle‚
391 1629 512 1678 quand
549 1624 578 1663 il
614 1641 637 1662 a
674 1625 849 1677 ριοηοιιεέ

247 1695 297 1719 un
329 1680 378 1718 tel
401 1679 575 1732 jugement
604 1681 645 1716 de
671 1681 739 1731 sbrz
771 1679 852 1715 Hi-

239 1735 367 1794 stoire:
393 1734 578 1772 Ammiani
601 1735 693 1785 quod
709 1734 857 1785 fizpcrefl

249 1795 339 1840 opus
358 1802 419 1825 nec
441 1787 603 1825 Orator-is
621 1788 781 1832 omnino
796 1801 855 1824 nec

247 1842 428 1893 Historici.
461 1839 652 1880 Naudaeus
686 1841 724 1878 in
755 1841 855 1889 Apo-

247 1888 352 1945 logia
380 1907 449 1945 pro
475 1894 603 1933 Doc‘us
630 1894 769 1944 Magire
788 1892 856 1932 fal-

248 1947 290 1988 so
327 1947 506 1988 accusatis
538 1961 623 1998 pag.
664 1962 752 1999 207.
785 1948 857 1987 Lo-

250 2015 319 2042 cus
357 2003 542 2042 Ludovici
580 2001 684 2041 Vivis
726 2013 857 2041 occur-

251 2058 301 2095 rit
338 2055 437 2095 libro
475 2057 607 2106 quinto
640 2057 763 2107 operis
793 2069 858 2094 au-

251 2110 307 2151 rei
339 2111 387 2150 de
411 2110 603 2149 tradendis
632 2110 854 2161 disciplinis.

253 2164 353 2204 Vide
381 2166 416 2204 ἅ
442 2163 642 2204 Barthium
678 2165 808 2212 XLV,
836 2176 857 2204 2

253 2217 405 2259 Advers.

310 2283 339 2312 1.
353 2271 550 2312 Salmasius
571 2273 675 2322 praef.
700 2273 747 2312 de
765 2271 858 2313 Hel-

253 2325 424 2367 lenistica
451 2340 488 2376 p.
517 2339 586 2379 39:
608 2329 702 2378 Quis
725 2341 858 2378 compo-

248 2383 377 2434 sitione
401 2381 512 2434 magis
535 2382 578 2432 est
599 2382 799 2419 inconditus
824 2383 858 2420 δ’

255 2434 472 2481 lttrulentus5
502 2449 602 2486 quam
646 2435 857 2473 Ammianus

256 2490 491 2533 Marcellinus
501 2490 522 2528 ,Ρ
543 2489 621 2541 quis
628 2490 775 2542 phrases
798 2503 859 2526 un-

912 1154 1013 1193 quam
1057 1141 1240 1200 usurpavit
1266 1141 1440 1188 duriores,
1464 1140 1522 1178 ἰιι-

912 1195 1172 1242 concinatores,
1184 1210 1225 1232 ac
1237 1194 1444 1245 rusticiores.
1442 1197 1459 1221 ³
1480 1206 1523 1233 ut
1591 1202 1593 1206 ⁴

913 1249 1012 1286 lzomo
1057 1248 1224 1296 Graecus,
1257 1241 1292 1286 δ’
1329 1249 1428 1286 milit
1425 1248 1520 1295 zris,

913 1304 973 1354 qui
994 1315 1093 1340 voces
1113 1314 1247 1340 tantum
1271 1302 1406 1340 latinas
1428 1315 1521 1340 tene-

914 1368 960 1394 ret
975 1386 986 1402 ,
1005 1356 1171 1407 quomodo
1194 1355 1405 1395 collocandae
1419 1356 1523 1408 effint

914 1409 1076 1461 nesciret,
1110 1411 1250 1462 prorsus
1288 1411 1448 1470 loquitur.
1481 1410 1522 1449 Is

914 1475 1026 1501 tamen
1049 1463 1190 1510 Tacito,
1207 1477 1272 1515 quo
1287 1478 1323 1501 ru
1316 1463 1380 1502 ἱΙιὶἶ
1391 1464 1433 1516 est
1445 1476 1523 1502 con-

915 1516 1071 1564 cinnius,
1084 1531 1145 1554 nec
1158 1518 1370 1568 compostum
1392 1517 1522 1570 magis,

915 1570 1015 1623 longe
1035 1569 1190 1609 lucidior.
1214 1571 1402 1624 Sallustius
1419 1572 1522 1609 etiam

918 1639 955 1663 eo
979 1624 1159 1677 obscurior.

974 1691 995 1716 2
1019 1676 1221 1717 Priscianus
1244 1676 1311 1716 lib.
1342 1677 1412 1717 IX.
1434 1689 1518 1729 pag.
1580 1679 1588 1713 -3

919 1731 1017 1781 870:
1037 1732 1270 1770 Marcellinus
1289 1746 1393 1770 rerum
1411 1734 1520 1785 gesta·
1584 1724 1591 1736 ⁷

918 1799 990 1823 rum
1016 1797 1137 1837 quarto
1161 1786 1287 1823 decimo
1308 1799 1322 1822 :
1357 1797 1523 1839 tunquam

919 1839 1058 1877 licentia
1069 1839 1264 1877 crudelitas!
1278 1840 1427 1878 indulta.
1448 1839 1518 1879 Lo-

921 1904 986 1931 cus
1006 1891 1064 1931 -est
1093 1905 1128 1942 p.
1152 1908 1188 1941 4.
1213 1892 1305 1931 edit.
1350 1893 1457 1933 Paris.
1487 1905 1520 1933 a.

926 1946 1037 1987 1681.
1062 1945 1128 1984 fol.

981 2013 998 2052 3
1021 1998 1200 2039 Claudius
1217 2000 1428 2040 chiffletius
1441 2011 1523 2040 non

924 2054 1212 2093 contemnendis
1246 2055 1452 2094 rationibus
1483 2065 1522 2093 e-

921 2111 1071 2147 vincere
1086 2119 1241 2147 conatur
1254 2108 1343 2147 libb.
1362 2106 1523 2148 XXXII

923 2162 970 2201 ab
993 2164 1191 2202 Ammiano
1213 2161 1367 2212 scriptos
1390 2159 1523 2211 fuisse,
1570 2189 1574 2214 3

926 2219 960 2256 &a
995 2228 1124 2266 praeter
1155 2217 1296 2267 primos
1338 2216 1522 2255 tredecim

924 2271 941 2323 (
964 2283 1057 2320 quos
1094 2271 1132 2308 in
1167 2269 1402 2310 Bibliotheca
1443 2268 1525 2309 Poli
1574 2267 1575 2270 '

924 2324 1132 2363 Cardinalis
1162 2325 1294 2363 obvios
1314 2323 1445 2368 fuisse.
1468 2324 1524 2362 in-

923 2389 1022 2417 certa
1061 2379 1161 2417 fama
1198 2379 1336 2418 exstitit
1358 2379 1373 2432 )
1409 2377 1528 2416 etiam
1572 2387 1576 2412 2

923 2432 1177 2482 penultimum
1213 2433 1352 2474 librum
1383 2431 1523 2473 deside·
1568 2448 1570 2450 ’

922 2499 1009 2528 tan.
