1626 2917
289 114 511 162 RERUM
542 114 880 162 GESTARUM
909 114 1014 164 LIB.
1038 115 1210 165 XXVI.
1328 135 1391 182 99

114 219 361 269 natantium
384 219 678 268 multiformes
700 221 810 268 limo
839 234 1126 272 cernerentur
1146 223 1392 274 haerentes:

114 294 394 358 valliumque
422 293 642 342 vastitates
667 295 716 341 &
738 294 962 341 montium
992 307 1124 353 tunc,
1141 307 1192 342 ut
1211 297 1394 359 opinari

115 368 331 425 dabatur,
359 365 626 429 suspicerent
657 364 803 412 radios
832 364 936 412 solis
953 400 966 424 ,
986 382 1102 428 quos
1128 365 1396 430 primigenia

114 455 263 486 rerum
290 439 368 485 sub
398 438 618 486 immensis
655 437 901 502 gurgitibus
930 439 1200 486 amandavit.
1237 441 1396 488 Multis

117 512 251 576 igitur
277 513 468 561 navibus
501 513 627 560 velut
657 513 776 560 arida
803 513 946 559 humo
977 514 1195 561 connexis
1214 551 1227 573 ,
1257 517 1307 564 &
1339 517 1396 563 li-

118 599 272 634 center
313 605 391 651 per
430 587 610 650 exiguas
651 587 865 634 undarum
904 586 1113 650 reliquias
1145 589 1398 650 palantibus

119 660 351 725 plurimis,
383 673 431 707 ut
452 660 590 723 pisces
621 660 824 707 manibus
850 660 1113 723 colligerent
1134 664 1185 710 &
1209 661 1365 710 similia
1385 681 1397 710 t

120 732 281 780 marini
301 733 528 790 fremitus,
548 733 675 780 velut
695 733 867 796 gravati
890 732 1129 796 repulsam,
1149 734 1275 782 versa
1294 736 1398 784 vice

121 806 399 871 consurgunt
417 843 430 865 ,
451 822 618 870 perque
645 807 759 854 vada
785 805 1006 854 ferventia
1030 807 1180 854 insulis
1208 810 1257 857 &
1283 827 1401 857 con-

120 878 303 927 tinentis
329 892 457 926 terrae
478 879 692 942 porrectis
710 878 858 942 spatiis
878 877 1103 925 violenter
1124 879 1222 926 illifi
1237 916 1250 938 ,
1270 881 1402 927 innu-

123 968 245 999 mera
259 952 456 1014 quaedam
476 951 520 997 in
541 951 813 1007 civitatibus,
828 953 877 998 ὅ(
898 951 973 997 ubi
990 964 1162 1013 reperta
1179 953 1276 1000 sunt
1293 955 1405 1000 aedi-

122 1023 241 1081 ficia,
254 1023 616 1086 complanarunt:
633 1023 825 1087 proinde
839 1038 889 1070 ut
906 1023 1230 1071 elementorum
1249 1024 1406 1072 furen-

67 1154 71 1156 ,
123 1111 168 1145 te
180 1096 417 1155 discordia,
431 1095 640 1142 involuta
656 1095 789 1144 facies
803 1096 959 1143 mundi
977 1097 1301 1145 miraculorum
1320 1099 1405 1162 spe·

121 1170 213 1221 cies
231 1169 502 1218 ostendebat,
521 1169 705 1232 Relapsa
723 1170 841 1216 enim
865 1187 1097 1234 aequorum
1119 1173 1403 1236 magnitudo,

126 1264 236 1295 cum
257 1244 441 1291 minime
471 1242 716 1306 speraretur
735 1279 749 1302 ,
778 1243 914 1290 millia
938 1244 1075 1290 multa
1105 1248 1284 1294 necavit
1319 1249 1406 1294 ho-

124 1317 297 1365 minum
323 1317 373 1363 &
409 1314 662 1363 submersit:
688 1315 1103 1379 recurrentiumque
1128 1317 1311 1365 aestuum
1334 1321 1407 1366 in-

126 1389 260 1437 citata
301 1387 524 1451 vertigine
548 1423 562 1445 ‚
597 1387 797 1451 quaedam
841 1405 980 1436 naves
1002 1425 1015 1447 ‚
1050 1390 1289 1454 postquam
1324 1392 1408 1439 hu-

128 1459 292 1509 mentis
333 1458 580 1506 substantiae
613 1458 847 1506 consenuit
891 1472 1044 1506 tumor
1070 1495 1084 1518 ‚
1123 1461 1409 1524 pessumdatae

129 1534 238 1582 visae
265 1533 394 1580 sunt:
415 1533 749 1597 exanimataque
775 1532 1013 1597 naufragiis
1038 1551 1232 1597 corpora
1254 1536 1411 1599 supina

130 1606 362 1670 jacebant,
397 1618 471 1652 aut
498 1623 654 1668 prona.
689 1610 892 1670 Ingentes
925 1607 1022 1654 aliae
1053 1624 1191 1655 naves
1222 1609 1412 1656 extrusae

131 1678 296 1727 rabidis
329 1678 529 1738 flatibus,
554 1679 828 1726 culminibus
856 1679 1053 1727 insedere
1081 1681 1303 1728 mitorum
1325 1717 1339 1741 ,
1362 1694 1412 1729 ut

115 1751 417 1801 ‘Alexandriae
446 1751 635 1815 contigit
656 1770 667 1798 ε
686 1753 735 1800 &
763 1752 816 1798 ad
837 1751 1077 1800 secundum
1106 1753 1295 1817 lapidem
1320 1754 1415 1802 fere

132 1822 299 1887 procul
328 1840 351 1869 a
373 1823 506 1870 litore
539 1835 764 1870 contortae
794 1823 893 1870 sunt
922 1823 1110 1889 aliquae,
1140 1839 1189 1873 ut
1216 1826 1415 1874 Laconi-

134 1912 234 1943 cam
269 1913 412 1959 prope
451 1897 726 1943 Mothonem
759 1897 977 1959 oppidum
1020 1915 1103 1945 nos
1141 1900 1413 1948 transeundo

135 1967 452 2033 conspeximus
483 1969 693 2017 diuturna
728 1970 844 2017 carie
880 1969 1175 2021 fatiscentem.

421 2181 1127 2207 *mm-
