1626 2917
253 152 472 204 RERUM
505 155 840 202 GESTARUM
867 154 971 201 LlB.
1005 153 1216 201 XXVHI.
1291 157 1372 200 161

108 263 338 328 quisquam
358 280 516 311 eorum
545 260 968 326 genitales-revisere
990 260 1143 324 potuit
1169 261 1303 318 lares,
1324 279 1382 309 ne

112 355 206 386 uno
224 338 404 402 quidem
421 337 613 385 caedibus
630 336 1025 399 concorporalium
1045 335 1260 398 superesse
1281 353 1382 399 per-

111 412 256 460 miffo.
285 413 352 460 Ac
375 411 480 458 licet
504 409 637 471 justus
661 411 839 474 quidam
863 411 1027 458 arbiter
1047 427 1195 457 rerum
1219 410 1384 458 fafitum

108 483 330 533 incusabit
353 482 570 547 perfidum
597 485 645 531 δε
671 482 872 530 deforme
893 497 904 527 ε
925 480 1107 545 pensato
1132 498 1278 530 tamen
1303 499 1385 529 ne-

107 556 243 620 ⁷gotio
272 573 367 604 non
395 557 505 604 feret
527 554 735 618 indigne,
764 572 946 602 manum
974 555 1197 603 latronum
1225 556 1385 602 exitia·-

112 630 201 677 lem
231 631 407 677 tandem
436 629 568 692 copia
598 629 696 675 data
725 643 912 691 captam.
946 628 1049 674 Post
1069 629 1164 676 haec
1195 629 1254 676 ita
1279 645 1386 692 pro·-

113 701 238 765 spere
261 703 587 760 consummata,
605 702 948 749 Valentinianus
968 702 1187 749 versando
1209 702 1387 749 senten·-

115 776 197 823 tias
216 776 550 835 multiformes,
576 775 1030 838 anxiapsollicitudine
1063 776 1356 840 stringebatur
1374 793 1387 824 ε

116 862 328 910 reputans
345 849 482 895 multa
505 851 553 897 &
574 848 957 910 circumspiciens,
976 848 1139 911 quibus
1159 865 1389 895 commen-

116 919 174 966 tis
192 919 546 970 Alamannorum
562 921 612 967 &
625 920 840 967 Macriani
860 919 972 983 regis
990 919 1210 982 frangeret
1229 920 1359 966 fastus
1373 955 1389 978 ‚

118 994 209 1040 fine
236 991 324 1039 fine
345 992 430 1039 vel.
449 993 590 1039 modo
612 1008 707 1038 rem
738 993 988 1038 Romanam
1019 993 1270 1055 irrequietis
1290 1010 1392 1040 mo-

119 1066 238 1112 tibus
256 1063 598 1112 confundentes.
626 1063 835 1111 Immanis
855 1063 976 1110 enim
1007 1063 1156 1121 natio,
1176 1063 1260 1124 jam
1285 1065 1391 1112 inde

121 1139 177 1184 ab
197 1135 478 1183 incunabulis
510 1133 662 1197 primis
686 1135 900 1181 varietate
921 1133 1100 1182 casuum
1126 1134 1361 1183 imminuta
1377 1171 1391 1194 ,

106 1206 357 1270 sitasaepius
375 1207 615 1265 adolescit,
635 1218 685 1253 ut
713 1206 837 1253 fuiffe
865 1207 1011 1269 longis
1029 1207 1182 1254 seculis
1203 1208 1393 1255 aestime-

122 1293 196 1329 tur
219 1279 402 1327 intafla.
422 1279 634 1340 Seditque
662 1277 843 1325 consilia
864 1277 947 1324 alia
970 1276 1068 1339 post
1093 1278 1394 1341 alialmpera—

123 1353 216 1401 tori
231 1350 442 1414 probanti
457 1386 469 1408 ,
489 1347 773 1412 Burgundios
791 1348 836 1395 in
863 1365 1020 1396 eorum
1038 1350 1222 1397 excitari
1246 1351 1397 1413 perni-

124 1425 270 1480 ciem-⁶,
290 1421 530 1476 bellicosos
556 1423 604 1468 ὅ(
622 1420 750 1483 pubis
775 1419 998 1466 immensae
1023 1421 1194 1468 viribus
1216 1421 1397 1474 affluen-

124 1509 214 1555 tes,
241 1495 434 1558 ideoque
454 1494 718 1540 metuendos
744 1491 944 1540 finitimis
969 1493 1198 1543 univerfis.
1219 1496 1397 1543 Scribe-

125 1569 293 1631 batque
320 1565 572 1629 frequenter
603 1566 658 1612 ad
686 1582 842 1613 eorum
876 1582 999 1629 reges
1035 1584 1112 1629 per
1149 1568 1398 1618 taciturnos

126 1638 340 1704 quosdam
363 1639 412 1686 &
428 1635 552 1693 fidos
566 1671 580 1695 ,
599 1649 648 1683 ut
665 1636 816 1683 iisdem
834 1649 1037 1700 tempore
1057 1638 1304 1700 praestituto
1325 1640 1399 1687 su-

113 1711 445 1784 ¹‚per-venirent,
465 1710 709 1773 ,pollicitus
736 1710 827 1774 ipse
867 1727 1051 1774 quoque
1081 1713 1265 1760 transito
1296 1731 1400 1762 cum

128 1784 345 1833 Romanis
363 1782 609 1847 agminibus
627 1784 791 1831 Rheno
816 1799 1055 1831 occurrere
1074 1784 1267 1847 pavidis,
1285 1802 1402 1849 pon·

116 1860 215 1913 *dus
238 1873 466 1905 armorum
492 1856 742 1904 ÷vitantibus
763 1855 1045 1920 insperatum.
1071 1859 1310 1906 Gratanter
1330 1877 1403 1907 ra·-

130 1930 450 1993 fionegemi‘na
470 1928 690 1991 Principis
710 1942 904 1991 acceptae
925 1929 1023 1977 sunt
1042 1929 1180 1977 literae
1201 1933 1373 1995 :prima
1390 1968 1404 1990 ,

132 2003 258 2066 quod
280 2002 368 2064 jam
392 2002 495 2048 inde
522 2002 799 2064 temporibus
824 2001 998 2065 priscis,
1029 2003 1231 2051 sobolem
1253 2005 1296 2051 se
1321 2006 1406 2052 effe

133 2079 385 2129 Romanam
405 2076 648 2140 Burgundii
680 2075 849 2122 sciunt:
871 2075 973 2122 dein
988 2109 1002 2134 ‚
1027 2070 1151 2139 quod
1174 2078 1406 2125 salinarum

116 2148 382 2213 ,finiumque
401 2149 530 2201 ‚causa
552 2147 809 2194 Alamannis
839 2147 952 2210 saepe
970 2146 1219 2213 jurgabant.
1246 2155 1300 2200 Et
1332 2171 1409 2200 ca-

137 2234 287 2269 tervas
318 2220 469 2267 misere
502 2216 774 2267 lectiffimas:
807 2236 939 2282 quae,
973 2232 1208 2285 antequam
1245 2225 1407 2273 milites

138 2305 517 2356 congregarentur
535 2293 582 2338 in
611 2309 748 2337 unum
761 2327 775 2348 ,
794 2292 988 2356 adusque
1008 2294 1123 2357 ripas
1141 2297 1285 2344 Rheni
1304 2316 1408 2360 pro-

139 2368 313 2432 greffae,
341 2370 609 2429 Imperatore
634 2368 686 2412 ad
721 2366 922 2414 struenda
958 2370 1234 2418 munimenta
1268 2373 1412 2420 distri-
1459 2420 1463 2421 ⁷

123 2444 239 2499 (llo,
269 2441 428 2486 terrori
459 2440 620 2487 nostris
645 2439 765 2486 fuere
793 2441 867 2487 vel
888 2441 1096 2491 maximo.
1133 2444 1272 2507 Igitur
1299 2461 1412 2508 pau·⁴

205 2518 425 2562 Ammian.
456 2518 693 2564 Marcellin.
724 2520 814 2562 Vol.
839 2520 897 2565 II.
1210 2522 1242 2565 L
