1626 2917
224 186 318 234 ¹32
376 171 646 218 AMMIANI
681 170 1056 217 MARCELLINI
1088 172 1190 218 ΠΒ.
1224 172 1415 217 XXVII.

227 292 277 324 ut
296 277 584 325 concitandas
603 293 657 322 ex
683 276 775 323 hoc
796 292 978 339 quoque
1006 277 1189 339 negotio
1221 278 1369 324 turbas
1391 294 1507 324 con-

223 350 324 397 filio
346 349 666 413 prudentiaque
686 349 908 402 molliret,
931 348 1142 396 divifioni
1173 350 1404 414 acquievit
1426 352 1508 397 Hi-

226 423 393 470 beriae:
422 434 468 467 ut
495 439 591 468 eam
629 422 798 468 medius
828 421 1053 467 dirimeret
1075 421 1227 485 Cyrus
1249 461 1258 473 ‚
1282 424 1329 470 ὅ(
1349 424 1510 469 Sauro-

220 511 373 542 maces
404 494 625 541 Armeniis
659 492 844 539 finitima
875 492 1085 539 retineret
1118 496 1164 541 &
1196 494 1347 550 Lazis‚
1369 495 1512 557 Aspa-

222 586 355 616 cures
386 568 588 615 Albaniae
609 567 834 631 Persisque
865 567 1091 630 contigua.
1115 568 1194 613 His
1219 568 1411 630 percitus
1436 570 1513 614 Sa·-

222 659 314 707 por
334 677 345 699 ,
373 642 462 704 pati
488 640 529 688 se
560 640 816 688 exclamans
845 640 1025 702 indigna
1043 676 1055 697 ‚
1078 639 1204 703 quod
1234 654 1391 687 contra
1419 640 1509 687 foe-

224 717 381 763 derum
409 728 578 762 textum
601 714 864 776 juvarentur
885 715 1133 770 Armeniae‚
1154 716 1202 763 δι
1232 716 1416 762 evanuit
1446 717 1510 762 le-

224 787 376 852 32³th,
402 804 536 851 quam
562 789 691 849 super
716 788 807 833 hoc
827 786 1002 833 miserat
1032 785 1303 849 corrigendo
1327 824 1339 845 ,
1362 788 1511 850 quod-

227 875 316 922 que
351 859 391 905 se
419 877 511 907 non
543 858 800 906 affentiente
834 875 918 905 nec
944 857 1129 905 conscio
1165 858 1308 905 dividi
1344 860 1511 921 placuit

225 931 427 980 Hiberiae
458 949 642 995 regnum
668 949 678 977 :
703 932 826 978 velut
855 929 1069 977 obseratis
1088 929 1295 977 amicitiae
1315 929 1510 989 foribus,

223 1005 483 1054 vicinarum
516 1006 714 1069 gentium
741 1004 905 1051 auxilia
942 1004 1266 1066 conquirebat,
1298 1003 1511 1067 suumque

225 1078 411 1142 parabat
437 1078 681 1125 exercitum
699 1114 712 1135 ‚
734 1090 782 1123 ut
804 1077 997 1123 serenata
1026 1077 1135 1122 coeli
1165 1077 1377 1137 temperie
1407 1077 1511 1123 sub-

226 1163 424 1203 „verteret
451 1149 631 1208 omnia,
651 1165 749 1212 quae
775 1165 832 1195 ex
854 1164 900 1194 re
923 1147 996 1194 sua
1019 1147 1213 1195 struxere
1235 1148 1445 1196 Romani.

559 1347 1180 1376 ---—-————-
