1626 2917
217 139 310 189 234
445 124 779 173 ἈΜΜῘΑΝῘ
820 126 1278 174 MARCELLINI

213 232 465 280 conversos
493 233 546 279 ad
568 233 852 280 metuendam
880 233 1046 280 rabiem
1075 236 1273 283 Saxonas
1289 272 1302 294 ‚
1327 234 1499 300 semper

212 302 418 366 quolibet
448 303 740 366 inexplorato
772 322 978 360 ruentes,
1013 307 1270 371 delatosque
1299 320 1408 356 tunc
1441 308 1497 355 ad

211 377 438 424 terrestres
467 378 658 434 trastus,
693 394 888 440 quorum
925 377 1078 440 spoliis
1112 395 1239 440 paene
1274 379 1498 427 redierant

211 450 492 513 locupletes,
522 449 733 498 malefido
766 450 949 514 quidem
989 450 1061 498 sed
1098 451 1197 497 utili
1233 466 1497 499 commento

210 524 425 587 peremit,
457 526 606 587 praeda
639 525 895 588 raptoribus
929 526 975 572 vi
1009 525 1155 572 frastis
1189 527 1378 573 excussa.
1415 527 1498 574 Iti·

211 597 402 660 demque
429 598 669 644 Britannos
686 634 699 654 ‚
725 611 925 644 catervas
949 596 1278 660 superfusorum
1304 597 1497 644 hostium

211 687 307 718 non
336 670 552 728 ferentes,
577 670 650 732 spe
678 670 916 717 meliorum
945 671 1152 728 assumta,
1173 670 1218 716 in
1248 671 1497 716 libertatem

211 747 263 793 &
299 745 494 809 quietem
526 744 712 791 restituit
747 744 993 806 placidam,
1029 742 1156 788 nullo
1195 760 1321 805 paene
1353 743 1497 789 redire

212 820 424 884 permisso
451 820 742 884 grassatorum
764 819 816 866 ad
841 818 927 865 sua.
953 816 1162 866 Efficacia
1181 817 1276 878 pari
1293 816 1499 863 Valenti-

210 910 320 939 num
341 910 527 956 quoque
546 892 831 939 Pannonium
858 890 1053 937 exsulem
1070 925 1082 947 ‚
1104 904 1182 951 per
1206 889 1284 934 has
1305 888 1501 950 provin-

213 966 304 1015 cias
324 967 585 1013 molientem
607 966 754 1013 otium
777 964 957 1010 turbare
976 977 1241 1018 commune,
1262 973 1502 1023 antequam

212 1038 447 1102 negotium
471 1037 807 1093 effervesceret,
833 1035 1059 1098 oppressit.
1089 1033 1284 1080 Africam
1307 1032 1497 1088 deinde,

211 1111 334 1159 malo
358 1110 595 1173 repentino
620 1108 947 1172 perturbatam,
980 1105 1307 1153 discriminibus
1327 1103 1501 1168 magnis

212 1184 411 1233 exemit:
442 1201 543 1232 cum
576 1199 769 1230 voraces
801 1181 1060 1229 militarium
1095 1179 1226 1226 fastus
1260 1177 1374 1225 ferre
1415 1195 1498 1225 ne-

211 1258 372 1322 quiens
399 1258 594 1313 Firmus,
615 1256 668 1302 ad
699 1271 857 1301 omnes
888 1252 1203 1300 dissensionum
1228 1265 1379 1298 motus
1399 1268 1500 1314 per-

215 1330 387 1377 flabiles
415 1342 566 1393 gentes
593 1328 817 1374 Mauricas
841 1326 1117 1374 concitass'et.
1145 1324 1376 1387 Similique
1401 1324 1501 1371 for-

214 1403 407 1450 titudine
436 1401 583 1449 clades
613 1399 964 1465 ingemiscendas
999 1399 1173 1462 Illyrici
1209 1397 1502 1455 vindicaffet,

215 1476 266 1525 ni
298 1488 443 1523 morte
464 1487 724 1537 praeventus
757 1472 997 1537 reliquisset
1029 1489 1120 1518 rem
1152 1469 1304 1517 seriam
1331 1469 1500 1531 imper-

215 1549 389 1596 fectam.
425 1549 491 1594 Ac
524 1547 628 1595 licet
665 1562 803 1608 opera
838 1544 1151 1608 praestabilium
1185 1544 1347 1590 ducum
1379 1543 1501 1599 haec,

215 1639 316 1687 quae
335 1620 580 1678 retulimus,
601 1619 909 1666 consummata
929 1617 1051 1664 sunt:
1068 1631 1210 1664 tamen
1233 1616 1371 1680 ipsum
1385 1631 1501 1680 quo-

218 1713 305 1761 que
336 1694 433 1741 satis
465 1694 661 1753 constat,
693 1706 743 1740 ut
771 1706 862 1741 erat
896 1692 1113 1754 expeditae
1145 1691 1304 1738 mentis
1333 1689 1503 1754 usuque

218 1767 447 1819 castrenfis
483 1766 657 1831 negotii
690 1767 906 1813 diuturno
941 1765 1167 1822 firmatus,
1202 1762 1331 1826 egiffe
1368 1779 1501 1810 com-

218 1843 370 1907 plura:
394 1842 511 1888 inter
529 1858 628 1905 quae
647 1840 756 1887 illud
780 1841 953 1886 elucere
976 1838 1132 1886 clarius
1155 1836 1328 1898 potuit,
1349 1835 1378 1881 fi
1398 1836 1502 1881 Ma-

221 1916 423 1964 crianum
454 1930 626 1977 regern,
663 1930 712 1960 ea
746 1911 1000 1974 tempestate
1029 1909 1302 1967 terribilem,
1338 1907 1503 1954 vivum

221 2003 380 2050 capere
406 1986 614 2049 potuiss‘et
629 2022 642 2042 ,
663 1998 714 2032 ut
733 1985 944 2032 industria
963 2001 1118 2048 magna
1145 1995 1358 2037 tentarat,
1375 1981 1501 2044 post-

218 2077 353 2125 quam
375 2076 474 2105 eum
497 2058 673 2104 evafiffe
693 2057 1000 2120 Burgundios,
1031 2072 1146 2119 quos
1168 2054 1258 2116 ipse
1286 2056 1503 2101 admove-

220 2146 288 2181 rat
307 2131 565 2177 Alamannis
581 2165 595 2188 ‚
611 2146 806 2177 moerens
826 2129 1042 2175 didiciffet
1061 2130 1109 2176 &
1132 2126 1278 2172 tristis.

286 2206 402 2251 Vlll.
420 2204 524 2251 Haec
548 2202 674 2266 super
694 2202 861 2250 astibus
880 2200 1096 2263 Principis
1117 2198 1241 2245 brevi
1259 2197 1356 2244 sunt
1375 2209 1507 2244 textu·

224 2276 461 2344 percursa:
496 2293 616 2324 nunc
647 2275 827 2332 confisi,
857 2275 983 2339 quod
1017 2291 1097 2320 nec
1129 2286 1251 2318 metu
1282 2289 1365 2318 nec
1395 2271 1505 2317 adu-

223 2353 343 2400 landi
367 2351 566 2399 foeditate
588 2351 819 2397 constricta
839 2348 1068 2411 posteritas
1086 2388 1094 2400 ,
1112 2347 1371 2407 incorrupta
1394 2361 1504 2407 prae·

222 2426 460 2475 teritorum
490 2424 601 2471 solet
631 2423 714 2471 effe
740 2421 1001 2487 speetatrix,
1027 2419 1274 2468 summatim
1294 2417 1387 2480 ejus
1414 2433 1506 2474 nti-3
