1626 2917
184 191 280 238 294
395 175 736 223 AMMIANI
782 176 1259 224 MARCELLINI

182 282 354 329 ximum
376 318 388 338 ‚
409 281 498 344 ipse
518 281 613 344 lege
634 280 704 344 agi
727 281 920 340 dixerat,
938 294 987 329 ut
1011 283 1179 330 solebat
1200 302 1210 330 :
1236 283 1472 348 statimque

183 356 467 411 admonitus,
488 353 840 417 jurisdiffionem
867 371 924 401 eo
953 355 1025 402 die
1050 357 1103 402 ad
1122 356 1308 404 alterum
1331 356 1474 419 perti-

184 445 317 480 nere,
350 441 400 474 ut
428 441 576 474 errato
604 427 861 474 obnoxium
890 428 1044 475 decem
1068 429 1191 476 libris
1214 430 1309 476 auri
1337 428 1474 477 semet

184 503 278 565 ipse
299 503 547 551 muletavit.
563 503 916 566 Frequentabat
906 516 1023 550 mter
1043 504 1138 551 haec
1153 504 1321 551 curiam
1341 521 1477 567 agen-

186 581 247 624 do
278 576 448 623 diversa
459 594 596 640 ,quae
623 577 865 624 divisiones
894 577 1164 640 multiplices
1201 577 1478 642 ingerebant.

185 652 241 697 Et
271 667 375 697 cum
405 651 476 697 die
501 651 697 715 quodam
723 650 764 697 ei
800 649 948 698 causas
973 649 1037 696 ibi
1064 650 1275 713 speEtanti
1309 649 1480 697 venisse

187 722 417 770 nuntiatus
439 723 543 769 effet
571 739 627 769 ex
650 722 749 770 Asia
776 721 1075 784 philosophus
1095 722 1348 781 Maximus,
1368 722 1480 767 exsi-

188 797 273 842 luit
308 796 522 866 indecore
546 814 556 842 ι
589 797 638 844 &
667 795 744 858 qui
778 795 882 842 effer
909 794 1106 851 oblitus,
1132 793 1274 841 effuso
1301 793 1482 844 cursu,a

190 869 418 916 vestibulo
460 869 598 932 longe
642 868 898 932 progressus
920 902 935 924 ‚
980 867 1288 915 exosculatum
1332 867 1482 915 susce·

189 953 410 1004 ptumque
431 954 693 988 reverenter
711 940 861 988 secum
881 939 1062 987 induxit
1080 976 1094 996 2
1113 957 1192 1003 per
1212 941 1484 988 ostentatio-

191 1030 297 1060 nem
326 1014 683 1077 intempestivam
715 1014 879 1061 nimius
912 1008 1117 1077 captat'or
1149 1014 1294 1061 inanis
1328 1012 1486 1077 gloriae

193 1086 346 1143 visus,
375 1088 670 1150 praeclarique
704 1087 826 1133 illius
854 1087 957 1133 dieii
990 1087 1230 1133 immemor
1254 1085 1454 1132 Tulliani
1472 1118 1488 1140 ,

193 1175 289 1223 quo
316 1159 426 1207 tales
457 1161 662 1207 notando
692 1159 751 1205 ita
775 1160 964 1206 relatum
986 1177 996 1207 :
1016 1161 1104 1224 [pst
1125 1164 1192 1206 illi
1217 1160 1463 1221 philosophi
1470 1193 1493 1221 ,-

196 1236 322 1279 etiam
341 1236 386 1279 in
405 1235 471 1279 his
489 1235 624 1291 libris,
637 1252 737 1295 quos
757 1237 806 1279 de
822 1237 1119 1280 contemnenda
1133 1236 1269 1295 gloria
1277 1234 1487 1294 scribunt,

197 1323 348 1352 nomen
358 1307 488 1366 suum
511 1308 762 1367 inscribunt,
783 1310 891 1352 utin
911 1325 955 1351 eo
983 1307 1073 1366 ipso
1087 1341 1098 1363 ,
1119 1325 1198 1368 quo
1221 1308 1489 1367 praedicatio-

196 1396 289 1424 nem
307 1380 643 1440 nobilitatemque
671 1381 926 1440 despiciunt,
946 1383 1168 1440 praedicari
1197 1383 1244 1425 de
1253 1381 1301 1440 fi
1332 1397 1382 1425 ac
1408 1397 1490 1424 no-

198 1453 359 1497 minari
385 1455 530 1498 velint.
564 1452 663 1498 Nec
688 1451 836 1497 multo
867 1451 1102 1512 deinceps,
1123 1449 1214 1495 duo
1240 1461 1418 1512 agentes
1442 1449 1490 1495 in

196 1525 334 1570 rebus
355 1541 410 1571 ex
433 1524 504 1581 iis,
525 1524 601 1587 qui
622 1524 813 1586 projeffl
833 1523 948 1579 sunt,
969 1539 1071 1569 eum
1094 1523 1262 1578 adiere,
1281 1520 1493 1568 fidentius

199 1600 518 1664 promittentes
541 1600 725 1646 latebras
745 1597 992 1646 monstrare
1014 1596 1253 1653 Florentii,
1267 1595 1298 1642 si
1317 1596 1379 1643 eis
1398 1610 1494 1659 gra-

199 1673 285 1719 dus
303 1671 476 1718 militiae
496 1671 776 1717 redderetur:
794 1686 910 1734 quos
928 1669 1163 1727 inoeffens,
1183 1668 1493 1731 delatoresque

201 1746 449 1809 appellans,
469 1745 674 1802 addebat,
694 1761 787 1792 non
809 1745 893 1791 effe
914 1743 1272 1805 imperatorium,
1294 1741 1495 1805 obliquis

203 1819 323 1867 flecti
345 1818 523 1866 indiciis
549 1819 604 1866 ad
627 1818 938 1865 retrahendum
964 1817 1196 1863 hominem
1216 1815 1375 1862 mortis
1399 1832 1496 1861 me-

204 1905 256 1941 tu
284 1893 628 1950 absconditum,
666 1893 745 1958 qui
777 1892 898 1939 forte
935 1907 1029 1936 non
1066 1891 1141 1937 diu
1180 1890 1350 1936 latitare
1385 1889 1497 1936 citra

206 1967 329 2031 spem
345 1968 492 2015 veniae
514 1967 859 2030 permitteretur.
883 1965 1046 2011 Aderat
1063 1964 1132 2010 his
1150 1963 1362 2010 omnibus
1381 1963 1497 2009 Prae-

208 2051 430 2097 textatus‚
460 2040 689 2103 praeclarae
709 2037 876 2085 indolis
905 2035 1223 2100 gravitatisque
1251 2035 1405 2098 priscae
1426 2034 1498 2081 se-

210 2126 368 2169 nator,
386 2130 441 2159 ex
463 2113 650 2178 negotio
670 2111 859 2176 proprio
880 2110 997 2157 forte
1019 2122 1215 2172 repertus
1235 2110 1353 2171 apud
1368 2110 1500 2155 Con-

214 2187 556 2251 stantinopolim
573 2224 585 2245 ,
606 2204 740 2252 quem
767 2185 956 2232 arbitrio
981 2182 1064 2230 suo
1091 2182 1270 2243 Achajae
1292 2198 1500 2245 procon-

212 2258 343 2308 sulari
366 2260 626 2323 praefecerat
644 2259 876 2323 potestate.
907 2258 1003 2304 Nec
1023 2270 1169 2303 tamen
1186 2291 1197 2311 ‚
1219 2272 1319 2302 cum
1348 2254 1500 2302 corri-

214 2333 372 2397 gendis
407 2333 621 2381 civilibus
644 2333 706 2379 ita
741 2331 975 2394 diligenter
1006 2328 1210 2385 instaret,
1242 2327 1391 2375 omisit
1424 2343 1500 2373 ca·

216 2406 396 2453 strenfia
427 2424 438 2453 :
464 2408 655 2453 reelores
694 2405 911 2452 militibus
949 2403 1026 2450 diu
1060 2402 1324 2464 exploratos
1357 2417 1502 2464 appo-

216 2495 355 2541 nens,
387 2480 523 2544 turbes
555 2480 666 2545 quin
702 2479 833 2527 etiam
855 2495 934 2543 per
957 2477 1172 2526 Thracias
1208 2492 1366 2526 omnes
1399 2491 1501 2524 cum
