1626 2917
207 128 263 173 54
394 109 735 156 ΑΜΜΙΑΝῙ
783 110 1281 157 MARCELLINI

205 214 344 263 sortes
371 217 471 262 suos
503 217 555 262 ad
587 216 766 263 similem
798 215 1004 264 fiduciam
1039 220 1330 265 concitantes.
1368 217 1476 266 Haec

202 288 318 334 inter
357 307 456 335 cum
493 307 637 354 neque
670 303 831 353 pontes
873 292 1181 354 compaginari
1218 303 1476 353 paterentur

202 362 333 407 undae
353 374 576 409 torrentes
600 400 612 421 ‚
637 365 687 410 &
717 362 922 409 absumtis
948 364 1181 419 omnibus,
1202 380 1300 425 quae
1326 359 1477 407 mandi

203 450 440 498 poterant,
464 438 647 485 utilibus
662 475 680 497 „
704 438 861 485 exaElO
890 437 1196 484 miserabiliter
1216 436 1355 483 biduo
1375 471 1387 493 ,
1406 434 1480 480 fu-

202 509 326 555 rebat
346 509 493 556 inedia
511 510 662 575 iraque
687 511 878 574 percitus
897 510 1021 557 miles
1043 547 1057 567 ,
1078 509 1198 556 ferro
1217 523 1481 572 properans,

202 598 337 643 quam
370 582 486 631 fame
508 620 521 641 ‚
558 585 841 648 ignaviffimo
879 601 1037 648 genere
1073 583 1232 630 mortis
1256 618 1269 641 ‚
1299 579 1484 628 absumi.

204 656 309 702 Erat
343 668 490 703 tamen
511 675 596 720 pro
630 659 763 705 nobis
795 671 1009 705 aeternum
1047 658 1138 706 Dei
1167 655 1356 705 coelestis
1393 671 1483 699 nu-

206 747 339 776 men:
374 733 422 779 &
448 731 588 778 Persa:
613 746 774 795 praeter
803 732 970 796 sperata
990 732 1165 795 priores
1187 768 1201 788 ,
1227 730 1353 792 super
1378 727 1485 773 fun-

208 803 351 850 danda
377 821 486 867 pace
515 817 717 852 oratores
748 807 956 853 Surenam
984 808 1032 854 δε
1061 805 1319 867 optimatem
1350 801 1486 847 alium

207 876 394 924 mittunt
414 914 427 935 ‚
453 879 629 925 animos
660 879 740 941 ipsi
773 895 959 942 quoque
986 877 1309 940 despondentes
1329 909 1342 930 ‚
1370 889 1487 937 quos

209 950 422 996 omnibus
454 967 580 1011 paene
602 950 776 1013 proeliis
806 967 905 1012 pars
936 951 1142 995 Romana
1164 947 1362 1010 superior
1389 961 1486 1008 gra-

207 1023 311 1072 vius
331 1023 555 1085 quass'abat
584 1024 630 1069 in
657 1023 763 1070 dies.
783 1023 1087 1069 Conditiones
1111 1034 1256 1068 autem
1284 1019 1486 1065 ferebant

212 1095 413 1142 difficiles
439 1097 487 1142 ὃ(
517 1096 751 1158 perplexas
774 1131 786 1152 ‚
817 1094 1058 1158 fingentes,
1081 1096 1382 1140 humanorum
1412 1108 1486 1138 re-

212 1167 363 1230 speitu
389 1167 600 1231 reliquias
624 1168 848 1214 exercitus
868 1167 1010 1213 redire
1035 1167 1173 1214 sinere
1202 1164 1488 1213 clementiffi-

211 1257 336 1287 mum
364 1257 543 1304 regern,
567 1257 667 1302 quae
701 1239 822 1301 jubet
853 1240 882 1285 fi
913 1239 1168 1301 impleverit
1194 1256 1293 1285 cum
1322 1238 1490 1300 prima-

212 1317 333 1363 tibus
375 1314 533 1362 Caesar.
567 1315 740 1360 Contra
780 1313 864 1360 hos
896 1330 995 1360 cum
1037 1312 1242 1358 Sallustio
1277 1311 1489 1374 praefeEto

213 1388 410 1437 mittitur
447 1386 703 1433 Arinthaeus
724 1405 734 1433 :
757 1389 806 1434 &
825 1387 931 1432 dum
961 1385 1231 1432 deliberatur
1262 1383 1492 1431 examina-

213 1462 303 1510 tius
320 1497 333 1517 ,
360 1459 468 1522 quid
501 1458 595 1505 fieri
631 1460 812 1506 deberet
831 1495 844 1516 ‚
865 1460 956 1505 dies
980 1471 1174 1521 quatuor
1195 1458 1292 1504 sunt
1318 1457 1493 1504 evoluti

215 1534 365 1582 inedia
412 1532 674 1579 cruciabiles
703 1568 716 1590 ‚
757 1534 805 1580 &
840 1531 966 1579 omni
1002 1531 1223 1594 supplicio
1262 1530 1492 1577 tristiores.

217 1610 330 1669 Quo
352 1606 568 1669 temporis
603 1606 770 1668 spatio,
791 1619 1027 1668 antequam
1049 1605 1094 1650 bi
1119 1604 1429 1660 mitterentur,
1460 1603 1493 1649 fi

215 1679 433 1728 exabusus
468 1679 674 1742 Princeps
696 1679 907 1742 paulatim
933 1678 1058 1724 terris
1084 1677 1317 1723 hostilibus
1343 1676 1495 1724 exces-

215 1753 350 1812 fiffet,
388 1751 812 1816 profeuotveniffet
853 1753 907 1798 ad
954 1751 1153 1813 praesidia
1198 1750 1452 1797 Corduenae
1479 1783 1496 1808 ,

217 1828 367 1875 uberis
400 1827 594 1891 regionis
613 1828 663 1874 &
692 1826 854 1872 nostrae
873 1861 886 1883 ‚
905 1842 960 1871 ex
984 1841 1039 1870 eo
1058 1825 1166 1870 loco
1184 1859 1196 1881 ‚
1218 1823 1262 1869 in
1284 1840 1377 1887 quo
1399 1825 1494 1872 haec

219 1901 467 1964 agebantur
485 1935 499 1958 ,
522 1899 762 1947 centesimo
790 1898 933 1961 lapide
953 1898 1195 1959 disparatae.
1216 1897 1396 1943 Petebat
1414 1914 1496 1944 au-

219 1987 312 2021 tem
344 1990 421 2019 rex
448 1972 710 2019 obstinatius
729 2008 742 2031 ,
769 1985 817 2018 ut
848 1971 937 2035 ipse
965 1969 1107 2032 ajebat
1133 2005 1146 2027 ,
1175 1968 1248 2015 sua
1275 1969 1440 2016 dudum
1469 1987 1496 2017 a

221 2045 498 2094 Maximiano
535 2058 713 2107 erepta:
749 2057 797 2091 ut
837 2044 1026 2092 docebat
1054 2054 1199 2088 autem
1231 2042 1497 2104 negotium,

222 2135 309 2182 pro
334 2117 610 2164 redemtione
640 2116 789 2164 nostra
813 2152 826 2173 ,
846 2116 1042 2179 quinque
1067 2113 1270 2177 regiones
1292 2114 1498 2161 Transti-

221 2192 412 2257 gritanas
437 2209 447 2238 :
478 2195 775 2246 Arzanenam,
798 2193 846 2237 &
870 2192 1148 2236 Moxoenam
1165 2224 1177 2245 ‚
1208 2189 1256 2234 δέ
1281 2187 1498 2234 Zabdice-

221 2283 324 2314 nam
339 2297 353 2320 ‚
373 2266 617 2329 itidemque
636 2265 927 2311 Rehimenam
951 2299 965 2320 ,
985 2265 1034 2311 &
1054 2262 1339 2309 Corduenam
1357 2295 1370 2316 ,
1391 2277 1497 2308 cum

224 2339 410 2389 castellis
443 2339 699 2403 quindecim
721 2375 734 2396 ‚
764 2340 812 2386 &
843 2337 1013 2384 Nisibin
1033 2372 1047 2394 ,
1085 2337 1134 2383 δι
1162 2336 1382 2398 Singaram
1402 2366 1417 2389 ‚
1446 2335 1498 2382 8<

226 2414 363 2465 castra
387 2414 652 2462 Maurorum
672 2449 688 2474 ‚
710 2413 1034 2461 munimentum
1074 2426 1288 2475 perquam
1328 2423 1499 2473 oppor-
