1626 2917
229 235 318 284 194
422 218 775 266 AMMtANl
811 219 1310 268 MARCELLtNI

227 328 295 376 nis
318 363 331 386 ,
361 344 507 390 neque
537 326 584 372 in
615 342 802 389 operum
831 326 1162 376 constructione
1185 328 1393 390 juvarent
1419 328 1504 377 ali-

225 415 360 463 quem
379 435 393 459 ,
414 398 613 445 stolidius
633 410 917 462 erumpentes
942 399 1286 465 dimicantesque
1309 401 1504 449 fidentis-

226 473 333 519 sime
351 508 364 530 ,
401 470 578 517 minuto
600 487 788 517 numero
819 472 1131 529 revertebant3
1158 486 1328 521 tantum
1362 473 1502 537 profi-

226 545 421 600 cientes,
456 554 674 606 quantum
707 543 754 590 in
784 542 968 605 publico
992 579 1005 600 ,
1034 556 1083 590 ut
1113 543 1257 604 ajunt,
1290 545 1505 592 incendio

225 634 339 681 aqua
359 615 490 662 unius
509 615 705 663 hominis
722 632 854 662 manu
867 615 1052 679 aggesta.
1071 616 1303 664 Postremo
1321 618 1504 664 obsera-

225 692 282 739 tis
297 689 467 754 portis,
498 688 866 751 precantibusque
886 689 1077 737 tribunis
1097 691 1245 754 egredi
1265 707 1503 754 nequeun-

225 777 322 821 tes,
365 762 630 809 frendebant
665 773 713 808 ut
751 761 912 808 bestiae.
947 763 1116 809 Verum
1154 763 1314 810 secutis
1349 763 1503 809 diebus

225 835 421 885 efficacia
443 851 601 881 eorum
620 834 834 893 eminuit,
853 846 903 882 ut
923 834 1200 883 docebimus,
1224 838 1273 882 In
1293 835 1503 882 submoto

224 910 335 956 loco
372 906 506 971 partis
541 906 795 953 meridianae
840 921 1106 965 murorum,
1149 924 1251 970 quae
1285 906 1503 970 despectat

225 981 423 1030 fluvium
448 978 619 1043 Tigrim
635 1016 649 1039 ,
673 979 802 1026 turris
824 978 910 1026 fuit
938 979 985 1026 in
1009 979 1321 1027 sublimitatem
1347 979 1503 1026 exsur-

225 1070 333 1120 gens
355 1090 369 1111 ,
398 1052 475 1099 sub
510 1069 594 1117 qua
627 1052 807 1099 hiabant
835 1069 966 1115 rupes
999 1052 1187 1100 absciffae
1208 1065 1303 1112 ,ut
1338 1051 1503 1115 despici

224 1129 317 1176 fine
357 1126 579 1190 vertigine
606 1126 829 1172 horrenda
854 1142 949 1172 non
970 1127 1143 1188 poffent
1162 1143 1173 1173 z
1194 1126 1311 1172 unde
1333 1124 1503 1172 cavatis

226 1199 482 1248 fornicibus
520 1198 812 1245 subterraneis
852 1214 930 1260 per
961 1198 1132 1245 radices
1172 1197 1340 1244 montis
1376 1197 1503 1244 scalae

225 1273 424 1337 adusque
448 1271 647 1320 civitatis
662 1272 882 1319 ducebant
895 1272 1148 1334 planitiem,
1169 1287 1263 1335 quo
1282 1287 1338 1316 ex
1359 1270 1501 1316 amnis

225 1348 364 1396 alveo
386 1345 674 1393 haurirentur
693 1361 818 1407 aquae
841 1344 997 1391 furtim
1013 1380 1026 1404 ,
1056 1357 1105 1391 ut
1128 1344 1173 1390 in
1194 1343 1402 1390 omnibus
1422 1359 1500 1405 per

226 1437 300 1468 eas
331 1420 536 1483 regiones
569 1417 883 1476 munimentis,
916 1435 1015 1481 quae
1049 1418 1320 1481 contingunt
1353 1416 1501 1463 flumi-

227 1511 312 1548 na,
331 1492 529 1541 vidimus
550 1529 564 1549 ,
582 1490 705 1538 fabre
726 1491 894 1554 politae.
919 1492 1000 1538 Per
1025 1492 1101 1538 has
1126 1492 1328 1538 tenebras
1348 1490 1411 1537 ob
1431 1488 1501 1536 di-

226 1579 358 1630 rupta
386 1565 602 1628 negle8ffls
620 1600 634 1623 ‚
655 1565 887 1627 oppidano
913 1564 1142 1628 transfuga
1177 1564 1374 1628 quodam
1414 1564 1499 1609 du-

228 1643 396 1698 ctante,
430 1637 509 1702 qui
533 1639 588 1684 ad
626 1638 845 1686 diversam
881 1651 1049 1701 partem
1083 1638 1360 1696 desciverat,
1393 1650 1496 1684 Lxx

226 1714 439 1780 sagittarii
471 1714 612 1761 Persae
642 1730 700 1760 ex
734 1713 908 1776 agmine
942 1714 1066 1776 regio
1087 1750 1101 1772 ‚
1132 1725 1224 1760 arte
1247 1711 1499 1775 fiduciaque
1523 1774 1538 1778 „

224 1789 479 1854 praestantes
500 1824 514 1846 ,
543 1786 719 1834 silentio
759 1786 953 1833 submoti
991 1786 1083 1833 loci
1117 1786 1321 1843 defensi,
1351 1784 1498 1832 subito

225 1861 389 1925 finguli
421 1860 565 1907 noffis
592 1859 740 1906 medio
765 1858 820 1905 ad
850 1858 1236 1921 contignationem
1258 1857 1391 1905 turris
1410 1869 1499 1904 ter-

225 1934 331 1981 tiam
358 1934 648 1981 ascenderunt
669 1951 680 1980 :
698 1931 850 1995 ibique
870 1931 1112 1989 occultati,
1128 1947 1258 1978 mane
1278 1929 1382 1992 sago
1411 1947 1498 1991 pu-

223 2008 342 2056 nicei
367 2008 536 2056 coloris
559 2007 705 2063 elato,
733 2005 858 2069 quod
891 2018 983 2053 erat
1016 2004 1251 2051 subeundae
1280 2002 1496 2050 indicium

221 2099 387 2146 pugnae
406 2117 422 2138 ,
466 2097 565 2128 cum
595 2097 652 2127 ex
683 2079 810 2126 omni
841 2090 961 2141 parte
994 2075 1310 2124 circumveniri
1341 2075 1497 2122 urbem

220 2154 312 2202 suis
345 2154 488 2216 copiis
524 2152 846 2200 inundantibus
888 2149 1171 2198 advertissent
1204 2185 1218 2208 ,
1255 2149 1497 2196 exinanitis

222 2224 523 2289 projeffisque
553 2238 654 2271 ante
689 2224 822 2286 pedes
849 2222 1087 2286 pharetris,
1121 2222 1330 2269 clamoris
1350 2222 1494 2268 ulula-

219 2298 325 2345 bilis
372 2296 585 2343 incendio
631 2296 716 2343 tela
752 2296 921 2343 summa
966 2293 1123 2358 peritia
1172 2293 1495 2357 dispergebant.

221 2372 429 2433 Moxque
468 2369 580 2416 acies
610 2385 767 2415 omnes
792 2368 935 2414 densae
965 2367 1174 2430 petebant
1202 2366 1345 2413 multo
1377 2365 1494 2412 infe-

220 2443 350 2502 stius,
372 2460 502 2506 quam
535 2457 685 2502 antea,
703 2445 943 2492 civitatem.
974 2445 1089 2488 Inter
1108 2442 1305 2490 incertos
1329 2457 1413 2488 nos
1440 2442 1492 2488 &

214 2515 457 2580 ancipites,
488 2516 650 2581 quibus
681 2516 860 2567 occurri
893 2515 1102 2573 deberet,
1125 2514 1387 2564 instantibus
1414 2513 1492 2562 su-
