1626 2917
320 130 540 178 RERUM
574 130 911 178 GESTARUM
946 131 1052 178 LlB.
1088 130 1283 178 XXVII.
1356 149 1439 179 111

160 249 340 301 aperte,
364 255 496 302 quam
519 238 580 285 ob
600 237 770 285 causam
791 254 898 301 gens
918 236 1058 284 amica
1085 236 1305 285 Romanis
1322 275 1335 297 ,
1354 237 1446 285 foe-

160 308 429 372 deribusque
455 309 663 372 ingenuae
688 309 808 371 pacis
838 309 1045 355 obstricta
1063 345 1076 366 ,
1106 326 1334 357 armorum
1366 311 1445 356 de-

160 381 284 427 derat
321 381 589 428 adminicula
624 381 789 428 bellum
822 380 1104 443 Principibus
1138 382 1343 446 legitimis
1373 383 1446 430 in·

158 457 334 504 ferenti.
366 456 461 516 Qui
481 468 530 502 ut
561 455 721 502 facium
750 454 876 502 firma
897 454 1153 503 defensione
1173 469 1444 521 purgarent,

157 531 306 578 literas
330 529 521 592 ejusdem
544 530 747 576 obtulere
770 529 1014 592 Procopii:
1042 543 1090 576 ut
1119 532 1290 594 generis
1315 533 1445 578 Con-

157 602 414 650 stantiniani
440 602 704 666 propinquo
737 602 974 665 imperium
998 602 1077 649 fibi
1105 604 1302 651 debitum
1327 605 1445 651 sum-

156 677 250 724 fiffe
282 678 679 725 commemorantis
698 713 711 735 ‚
737 678 961 740 veniaque
990 677 1171 740 dignum
1211 678 1444 726 afferentes

155 767 371 798 errorem.
388 751 583 811 Quibus,
599 750 758 797 eodem
778 750 996 797 referente
1013 751 1214 809 Victore,
1230 768 1443 814 comper-

156 823 213 870 tis
229 859 243 882 ,
260 825 426 871 Valens
446 825 576 887 parvi
595 824 759 871 ducens
780 823 1113 871 excusationem
1133 824 1411 871 vaniffimam
1428 861 1443 880 ,

156 894 204 941 in
226 912 304 942 eos
319 896 438 959 signa
458 897 739 955 commovit,
757 909 907 943 motus
924 896 1206 943 adventantis
1223 895 1310 957 jam
1333 915 1444 958 prae-

156 967 270 1015 scios
293 987 303 1014 ε
326 971 375 1017 &
394 969 663 1032 pubescente
684 985 814 1027 vere,
839 970 1023 1032 quaesito
1044 969 1087 1014 in
1107 987 1244 1015 unum
1268 971 1443 1017 exerci-

157 1053 207 1087 tu
224 1076 238 1097 ‚
262 1057 404 1102 prope
437 1042 679 1103 Daphnem
705 1041 889 1087 nomine
920 1041 1250 1087 munimentum
1271 1041 1333 1088 est
1367 1060 1444 1090 ca-

156 1112 242 1159 stra
272 1125 490 1160 metatus:
516 1126 746 1177 ponteque
776 1114 1069 1162 contabulato
1101 1113 1226 1176 supra
1256 1113 1442 1162 navium

156 1186 285 1234 foros
319 1188 489 1236 flumen
523 1189 803 1252 transgressus
836 1188 897 1235 est
927 1190 1078 1236 Istrum
1100 1226 1112 1247 ,
1143 1189 1441 1237 resistentibus

155 1261 307 1309 nullis.
324 1262 506 1325 Jamque
531 1261 722 1309 sublatus
742 1260 906 1309 fiducia
926 1297 939 1319 ‚
963 1279 1064 1308 cum
1089 1262 1209 1307 ultro
1232 1261 1441 1324 citroque

154 1334 405 1382 discurrens
423 1335 595 1381 nullum
616 1335 842 1381 inveniret
858 1370 870 1392 ,
892 1352 1024 1398 quem
1047 1334 1250 1396 superare
1273 1336 1441 1397 puiset,

156 1407 233 1453 vel
263 1419 464 1454 terrere:
489 1424 646 1454 omnes
677 1406 796 1452 enim
826 1407 1069 1454 formidine
1100 1406 1257 1469 perciti
1290 1408 1442 1456 militis

154 1493 260 1524 cum
280 1491 492 1540 apparatu
521 1477 761 1525 ambitioso
781 1477 1148 1540 propinquantis,
1169 1489 1347 1523 montes
1369 1496 1444 1539 pe-

154 1550 301 1597 tivere
326 1551 562 1598 Serrorum
584 1551 770 1608 arduos,
793 1552 843 1598 &
862 1550 1105 1597 inacceffos
1127 1549 1205 1595 nisi
1227 1566 1440 1614 perquam

155 1623 318 1686 gnaris.
335 1625 409 1671 ‚Ne
427 1624 562 1686 igitur
578 1661 589 1682 ‚
612 1624 755 1670 aestate
775 1624 901 1669 omni
937 1622 1196 1679 consumta,
1229 1622 1319 1668 fine
1340 1625 1438 1670 ullo

156 1709 372 1759 remearet
389 1695 544 1742 effectu
563 1733 576 1754 ,
593 1697 825 1744 Arinthaeo
851 1695 1062 1759 magistro
1082 1695 1279 1758 peditum
1309 1698 1438 1744 misso

156 1785 260 1816 cum
286 1769 564 1831 praedatoriis
584 1771 730 1834 globis
747 1807 761 1829 ‚
782 1769 1044 1816 familiarum
1074 1768 1221 1831 rapuit
1243 1783 1407 1832 partem
1424 1809 1438 1829 ‚

155 1860 258 1906 quae
276 1855 511 1906 antequam
531 1845 585 1891 ad
605 1844 779 1907 dirupta
796 1845 1005 1891 venirent
1027 1845 1075 1892 &
1099 1843 1315 1901 flexuosa,
1338 1847 1439 1908 capi

154 1928 402 1978 potuerunt
421 1952 435 1974 ‚
462 1933 541 1979 per
568 1918 695 1979 plana
724 1934 987 1980 camporum
1012 1930 1222 1964 errantes.
1245 1918 1439 1982 Hocque

155 1998 331 2034 tantum
348 2025 362 2048 ,
383 1991 508 2053 quod
540 1989 634 2036 fors
665 1991 843 2037 dederat
859 2027 871 2047 ,
890 1991 1154 2053 impetrato,
1176 1992 1305 2038 rediit
1333 2009 1437 2039 cum

156 2059 245 2107 suis
276 2061 514 2121 innoxius,
538 2080 620 2110 nec
651 2064 778 2110 illato
806 2063 932 2127 gravi
962 2065 1170 2123 vulnere,
1194 2082 1275 2112 nec
1306 2082 1436 2113 acce-

156 2144 253 2195 pto.
282 2136 417 2181 Anno
448 2135 600 2183 secuto
633 2136 803 2199 ingredi
835 2150 968 2182 terras
1001 2136 1181 2184 hostiles
1217 2138 1309 2200 pari
1346 2138 1438 2184 ala-

155 2204 310 2253 critate
339 2221 526 2255 conatus
548 2245 561 2266 ‚
585 2208 721 2255 fufius
753 2209 956 2255 Danubii
984 2211 1228 2273 gurgitibus
1264 2212 1436 2274 vagaris

154 2276 395 2339 impeditus
410 2316 423 2339 ,
447 2281 602 2326 mansit
622 2282 864 2328 immobilis
886 2317 896 2337 ,
917 2299 1058 2343 prope
1089 2284 1343 2344 Carporum
1366 2284 1435 2328 vi-

157 2367 258 2396 cum
306 2350 473 2398 stativis
523 2353 669 2399 castris
719 2353 912 2416 adusque
961 2369 1223 2401 autumnum
1273 2354 1430 2400 locatis

155 2422 394 2472 emensum.
427 2426 588 2486 Unde,
618 2426 721 2491 quia
747 2427 861 2474 nihil
891 2427 960 2491 agi
992 2429 1166 2492 potuit,
1192 2428 1428 2475 dirimente
