1626 2917
248 216 469 264 RERUM
504 215 845 263 GESTARUM
879 216 982 262 LIB.
1017 215 1170 262 XXII.
1274 230 1361 280 303

82 323 150 371 lbi
171 325 221 372 δι
243 340 369 386 aquae
387 321 485 370 sunt
504 359 518 380 ,
547 323 598 370 &
631 322 833 370 candidae
863 322 1239 373 avesnascuntur
1274 323 1368 370 hal-

84 397 315 461 cyonibus
347 397 540 444 fimiles:
566 396 696 461 super
718 414 906 459 quarum
935 397 1110 461 origine
1134 433 1148 457 ‚
1186 400 1236 446 &
1261 398 1369 444 Hel-

82 468 371 533 lespontiacis
423 469 602 533 proeliis
657 482 864 531 tempore
926 470 1196 517 differemus.
1256 472 1369 519 Sunt

81 557 230 590 autem
256 544 459 607 quaedam
488 561 567 606 per
592 544 837 590 Tauricam
861 543 1091 592 civitates:
1115 545 1232 591 inter
1260 561 1370 607 quas

82 617 252 664 eminet
272 619 541 679 Eupatoria.
578 619 627 665 ὅ(
659 617 902 675 Dandace‚
929 619 977 665 &
1010 619 1291 675 Theodosia,
1321 622 1370 666 &

82 689 283 737 minores
316 690 417 738 aliae
445 691 579 737 nullis
611 690 815 736 humanis
843 690 998 737 hostiis
1034 690 1244 756 impiatae.
1275 692 1370 737 Ha-

83 762 234 809 &enus
255 780 383 810 arcus
407 780 515 826 apex
545 765 757 826 protendi
788 765 1079 813 existimatur.
1114 765 1218 828 Ejus
1249 783 1370 813 nunc

81 836 250 882 refidua
294 837 454 883 leniter
495 837 685 895 (inuata,
725 837 1004 903 subjeffllque
1046 839 1158 885 ursae
1198 839 1369 886 coelesti

82 908 276 972 adusque
301 909 466 957 laevum
484 910 677 973 Bospori
697 912 877 958 Thracii
906 912 1018 958 latus
1034 948 1046 970 ‚
1070 925 1120 958 ut
1140 913 1259 959 ordo
1284 928 1372 975 po—

83 979 243 1040 stulat,
264 982 582 1045 exsequemur:
610 983 657 1029 id
684 983 1003 1042 admonentes,
1022 986 1148 1049 quod
1175 1003 1276 1033 cum
1298 1002 1372 1032 ar·
1399 992 1404 994 ’

82 1069 166 1099 cus
197 1053 401 1100 omnium
433 1056 631 1117 gentium
667 1055 796 1103 flexis
829 1070 1078 1103 curventur
1107 1057 1335 1104 hastilibus
1358 1096 1372 1115 ,

83 1126 286 1189 Scythici
308 1125 392 1172 soli
413 1127 486 1173 vel
506 1128 703 1175 Parthici
731 1128 1042 1176 circumduffis
1066 1130 1278 1194 utrinque
1300 1131 1372 1177 in-

82 1199 254 1247 trorsus
286 1201 441 1263 pandis
471 1203 520 1249 &
556 1201 718 1264 patulis
748 1203 990 1261 cornibus,
1029 1204 1224 1267 effigiem
1254 1206 1372 1250 lunae

83 1272 379 1320 decrescentis
420 1273 694 1331 ostendunt,
736 1274 1017 1322 medietatem
1055 1277 1172 1323 rebla
1208 1279 1259 1325 &
1295 1295 1372 1323 ro-

82 1347 222 1393 tunda
249 1347 403 1410 regula
429 1346 676 1395 dividente.
705 1349 827 1410 Ergo
848 1347 892 1392 in
915 1348 1012 1409 ipso
1030 1348 1162 1409 hujus
1185 1366 1372 1411 compa-

84 1419 152 1483 gis
188 1419 408 1475 exordio,
441 1421 517 1466 ubi
553 1420 732 1483 Riphaei
767 1419 982 1467 deficiunt
1009 1434 1218 1482 montes,
1246 1424 1372 1470 habi-

84 1504 182 1539 tant
199 1492 444 1555 Arimphaei
469 1491 572 1555 justi
591 1493 799 1540 homines
814 1529 827 1550 ‚
849 1493 1194 1558 placiditateque
1210 1496 1346 1559 cogni
1359 1522 1373 1530 -

25 1619 37 1627 .
84 1563 145 1620 ti,
174 1580 290 1626 quos
318 1580 468 1610 amnes
507 1565 738 1611 Chronius
768 1566 817 1612 &
846 1564 989 1611 Bisula
1029 1566 1336 1627 praeterfluunt
1361 1587 1372 1614 2

11 1658 14 1659 ⁷
84 1635 302 1699 juxtaque
324 1637 598 1700 Massagetae,
618 1636 748 1683 Alani
773 1639 823 1684 &
848 1638 1067 1700 Sargetae‚
1084 1638 1248 1701 aliique
1267 1640 1370 1702 plu-

84 1700 154 1759 res
176 1711 356 1758 obscuri
375 1726 597 1774 :quorum
615 1727 697 1758 nec
718 1711 941 1758 vocabula
962 1712 1095 1759 nobis
1115 1712 1215 1759 sunt
1237 1729 1342 1761 nota
1358 1750 1374 1771 ,

84 1801 170 1831 nec
197 1800 360 1831 moreS.
385 1782 622 1844 Interje6’tu
654 1783 812 1830 deinde
840 1799 934 1830 non
961 1785 1182 1832 mediocri
1211 1788 1371 1834 Carci—

85 1849 202 1905 nites
235 1857 446 1919 panditur
467 1857 614 1911 finus,
633 1855 916 1918 ejusdemque
943 1859 1140 1905 nominis
1167 1858 1336 1908 fluvius
1359 1878 1370 1905 ς

86 1932 138 1977 &
165 1929 396 1994 religiosus
416 1947 497 1993 per
513 1946 585 1977 eas
614 1943 753 1977 terras
773 1929 945 1977 Triviae
966 1931 1100 1978 lucus.
1133 1932 1257 1979 Dein
1275 1934 1371 1979 Eo=

85 2002 318 2066 rystHenes
335 2020 357 2049 a
375 2002 604 2049 montibus
624 2002 773 2049 oriens
793 2003 835 2047 N
840 2018 1076 2054 eurorum,
1093 2004 1370 2068 primigeniis

87 2074 292 2122 fontibus
313 2075 546 2139 copiosus,
567 2074 879 2137 concursuque
899 2076 1147 2123 multorum
1168 2078 1369 2124 amnium

87 2148 342 2196 adolescens
359 2184 373 2207 ‚
395 2148 504 2196 mari
525 2149 760 2212 praeruptis
785 2149 1005 2194 undarum
1028 2149 1276 2197 verticibus
1297 2151 1369 2197 ἰηι-

87 2221 269 2268 timatur
288 2239 300 2268 τ
321 2221 445 2284 cujus
476 2223 522 2270 in
556 2223 829 2287 marginibus
852 2223 1100 2269 nemorosis
1125 2225 1369 2288 Borysthe-

26 2308 28 2311 ·
88 2311 167 2341 nes
189 2295 250 2340 est
270 2296 432 2344 civitas
448 2331 460 2354 ‚
478 2298 527 2344 &
546 2295 881 2358 Cephalonesus
898 2332 911 2353 ‚
933 2300 979 2344 ὅ(
997 2313 1081 2343 arae
1104 2299 1369 2345 Alexandro

88 2368 284 2429 Magno,
303 2368 554 2434 Caesarique
576 2369 777 2432 Augusto
798 2367 986 2416 sacratae.
1021 2372 1187 2434 Longo
1205 2371 1370 2418 exinde

89 2439 332 2487 intervallo
363 2459 490 2504 paene
518 2443 579 2489 est
622 2442 761 2489 insula
781 2478 794 2499 ,
823 2459 958 2506 quam
998 2443 1210 2491 incolunt
1244 2443 1370 2491 Sindi

90 2513 337 2578 ignobiles,
362 2515 462 2579 post
486 2515 645 2564 heriles
664 2516 710 2565 in
727 2516 826 2565 Afia
847 2516 969 2566 casus
992 2517 1216 2583 conjugiis
1235 2517 1371 2583 potiti
