1626 2917
305 113 521 159 RERUM
554 114 893 161 GESTARUM
927 114 1028 161 ΠΒ.
1063 115 1218 161 XXV.
1350 135 1402 179 35

133 238 234 269 cum
255 221 310 267 a'd
331 222 517 268 tractum
540 223 748 286 Maranga
769 223 1036 285 appellatum
1057 224 1205 271 omnis
1226 223 1414 273 venisset

132 295 381 353 exercitus,
404 313 546 359 prope
579 297 689 343 lucis
719 296 914 344 confinia
941 298 1150 345 immensa
1181 299 1414 346 Persarum

133 367 338 429 apparuit
356 368 595 414 multitudo
611 405 624 426 ‚
645 386 746 415 cum
768 372 950 416 Merene
969 370 1180 433 equestris
1204 371 1413 434 magistro

133 440 305 487 militiae
320 476 333 496 ,
353 439 542 504 filiisque
573 442 687 505 regis
705 443 880 489 duobus
894 479 905 499 ,
927 444 976 490 &
1001 443 1290 506 optimatibus
1309 445 1415 509 pluj-

134 513 274 560 rimis.
305 516 443 560 Erant
462 527 608 560 autem
631 531 787 561 omnes
817 529 1009 561 catervae
1030 514 1204 560 ferratae
1223 550 1234 570 ‚
1256 513 1318 560 ita
1338 531 1418 576 per

134 585 303 649 singula
329 586 526 632 membra
564 585 705 631 denfis
735 586 908 632 laminis
942 588 1096 643 te&ae‚
1129 600 1177 633 ut
1199 586 1419 647 junElurae

135 659 326 721 rigentes
356 657 646 720 compagibus
678 669 853 703 artuum
890 659 1224 704 convenirent:
1257 659 1420 705 huma-

137 749 393 795 norumque
415 732 624 778 vultuum
654 731 884 777 simulacra
908 731 967 776 ita
989 731 1207 793 capitibus
1231 731 1422 794 diligen·

138 818 206 852 ter
221 812 322 868 a‘pta
337 843 350 863 ,
370 818 420 852 ut
439 805 729 851 imbra&eatis
757 805 1024 865 corporibus
1050 805 1224 860 solidis,
1243 805 1304 850 ibi
1323 820 1420 851 tan·

142 895 238 926 tum
262 878 503 925 incidentia
524 879 606 924 tela
640 879 804 939 poffint
828 879 993 923 haerere
1010 914 1024 936 ‚
1050 895 1134 940 qua
1161 894 1240 939 per
1261 894 1422 924 caver·

141 969 219 998 nas
253 951 445 998 minutas
480 954 528 998 &
566 953 749 997 orbibus
786 952 1025 997 oculorum
1063 951 1213 996 affixas
1248 951 1424 1012 parcius

140 1025 327 1080 visitur,
348 1024 422 1069 vel
443 1012 519 1085 per
541 1023 843 1084 supremitates
865 1024 1036 1069 narium
1060 1023 1227 1086 angusti
1248 1022 1423 1085 spiritus

142 1097 422 1144 emittuntur.
453 1097 665 1156 Quorum
697 1113 796 1159 pars
821 1097 970 1143 contis
998 1096 1257 1143 dimicatura
1291 1096 1426 1143 stabat

142 1169 389 1218 immobilis
407 1205 418 1225 ,
440 1183 489 1216 ut
517 1167 774 1217 retinaculis
814 1170 935 1215 aereis
964 1169 1097 1215 fixam
1127 1170 1426 1218 existimares:

144 1243 356 1307 juxtaque
376 1241 583 1305 sagittarii
612 1243 776 1306 (cujus
798 1243 902 1290 artis
921 1242 1082 1289 fiducia
1101 1245 1155 1289 ab
1176 1243 1429 1290 incunabu-

145 1317 199 1364 lis
227 1316 329 1378 ipfis
357 1332 462 1378 gens
483 1317 718 1377 praevaluit
739 1315 961 1379 maxima)
989 1317 1233 1362 tendebant
1255 1317 1428 1364 divari-

148 1389 258 1437 catis
279 1389 470 1434 brachiis
493 1388 662 1435 flexiles
690 1407 816 1436 arcus
832 1426 844 1447 ,
866 1403 913 1436 ut
936 1389 1063 1437 nervi
1086 1406 1293 1435 mammas
1313 1408 1430 1453 prae-

147 1463 412 1524 stringerent
445 1462 671 1519 dexteras,
704 1463 870 1526 spicula
907 1464 1086 1518 sinistris
1113 1465 1316 1510 manibus
1345 1481 1431 1512 co-

148 1539 368 1584 haererent
388 1555 397 1583 ε
417 1537 673 1601 summaque
702 1538 859 1600 peritia
883 1538 1124 1601 digitorum
1145 1538 1338 1599 pulsibus
1359 1556 1434 1585 ar-

150 1626 305 1675 gutum
328 1611 533 1657 sonantes
554 1612 790 1658 arundines
818 1612 1061 1657 evolabant
1077 1647 1089 1669 ‚
1108 1612 1297 1657 vulnera
1328 1629 1433 1674 per-

154 1682 324 1731 niciosa
354 1695 595 1745 portantes,
628 1683 729 1728 Post
761 1685 844 1731 bos
876 1677 1222 1745 elephantorum
1253 1683 1435 1747 fulgen-

154 1757 268 1804 tium
297 1756 619 1802 formidandam
650 1756 838 1819 speciem
859 1793 870 1813 ,
903 1758 952 1803 &
983 1757 1264 1802 truculentos
1290 1757 1435 1803 hiatus

157 1832 237 1880 vix
258 1844 426 1878 mentes
446 1831 621 1894 pavidae
642 1832 921 1894 perferebant
943 1849 952 1877 :
974 1832 1027 1876 ad
1053 1848 1250 1893 quorum
1273 1830 1437 1878 strido-

157 1923 249 1952 rem
277 1905 556 1968 odoremque
586 1907 634 1952 δε
663 1904 884 1950 insuetum
914 1903 1130 1965 aspeetum
1161 1904 1298 1967 magis
1333 1905 1438 1967 equi

157 1978 452 2024 terrebantur.
483 1978 659 2038 Quibus
684 1978 921 2024 insidentes
942 1977 1158 2039 magistri,
1182 1979 1439 2025 manubria·
1500 1994 1502 1997 ’

161 2065 233 2097 tos
273 2051 440 2097 cultros
475 2051 666 2097 dexteris
704 2050 907 2096 manibus
953 2049 1144 2113 illigatos
1180 2050 1438 2112 gestabant,

163 2137 358 2186 acceptae
387 2124 503 2184 apud
533 2123 707 2169 Nifibin
738 2138 960 2168 memores
983 2121 1151 2168 cladis:
1183 2124 1232 2169 &
1254 2123 1281 2167 st
1312 2123 1441 2169 fero·

164 2196 286 2243 ciens
316 2195 480 2241 animal
501 2195 622 2241 vires
650 2193 940 2255 exsuperasset
965 2194 1158 2256 regentis
1175 2228 1187 2251 ‚
1209 2211 1264 2241 ne
1284 2211 1443 2240 rever-

165 2267 260 2314 sum
285 2283 365 2328 per
386 2266 487 2315 suos
502 2303 515 2323 ‚
537 2280 588 2314 ut
614 2281 723 2313 tunc
747 2266 991 2323 acciderat,
1013 2265 1211 2312 collisam
1232 2266 1444 2312 sterneret

167 2339 342 2403 plebem
356 2376 370 2398 ,
391 2340 639 2386 vertebram
658 2377 670 2398 ,
697 2357 798 2402 quae
820 2351 952 2401 caput
971 2357 994 2385 a
1014 2339 1193 2386 cervice
1224 2339 1446 2384 distermi-

167 2426 269 2474 nat,
291 2413 378 2461 istu
395 2414 594 2461 maximo
618 2413 910 2461 terebrabant.
932 2413 1229 2476 Exploratum
1247 2412 1307 2459 est
1328 2412 1446 2458 enim

1095 2486 1134 2531 C
1172 2504 1195 2532 2
