1626 2917
243 241 335 290 286
449 239 1306 287 A}„1MlAN1MARCELL1N1

296 347 344 386 ad
371 344 679 396 praenoscendum
703 343 791 383 belli
821 354 999 384 eventum
1024 347 1176 386 oracula
1198 346 1381 394 consulit,
1406 348 1509 387 vic'ti-

295 409 447 458 masque
472 406 767 446 innumerabiles
793 408 926 456 caedit,
945 418 1048 447 totus
1069 406 1314 460 haruspicinae
1331 411 1367 449 δε
1386 422 1511 460 augu-

292 471 356 509 riis
376 469 560 509 addicius.
588 470 677 508 XII.
703 468 856 519 Templi
876 468 1063 519 Apollinis
1084 469 1270 521 Daphnaei
1290 472 1509 510 incendium

292 531 462 580 Julianus
499 532 539 570 A.
569 531 759 569 immerito
793 532 957 580 imputat
983 530 1226 580 Christianis,
1254 534 1289 572 &
1325 534 1509 581 majorem

292 592 504 634 Antiochiae
529 592 724 632 ecclesiam
757 593 884 633 claudi
910 594 1029 644 jubet.
1053 596 1164 635 XIII.
1199 595 1368 644 Julianus
1398 598 1440 636 A.
1471 596 1510 634 in

291 665 424 695 monte
443 656 548 695 Casio
574 655 658 703 Jovi
683 655 783 694 sacra
806 657 898 695 facit
918 670 926 697 :
947 668 1012 695 cur
1041 656 1355 697 Antiochensibus
1370 658 1511 705 iratus,

290 718 590 768 Misopogonem
608 717 801 768 scripserit.
820 720 925 758 XIV.
949 718 1159 769 Descriptio
1176 733 1299 759 rerum
1313 720 1511 771 AEgyptia-

292 793 448 820 carum:
473 782 507 819 δε
532 780 578 819 de
602 779 720 827 Nilo,
751 781 798 819 de
824 780 1053 829 Cromdilo,
1079 782 1127 820 de
1147 781 1228 829 Ibi,
1254 795 1297 822 ac
1324 783 1370 821 de
1397 783 1514 833 Pyra-

293 843 475 882 midibus.
491 844 578 881 XV.
598 842 656 881 De
678 843 844 892 quinque
864 843 1021 896 AEgypti
1039 844 1268 896 provinciis,
1284 846 1406 896 deque
1430 845 1515 884 cla-

291 909 344 946 ris
368 920 497 946 earum
521 905 691 946 urbibus.
718 908 829 947 XVI.

241 1082 271 1127 I.
308 1017 435 1130 D
458 1093 490 1125 U
504 1094 546 1126 M
565 1079 662 1126 haec
684 1079 730 1126 in
750 1078 922 1126 diversa
942 1090 1065 1142 parte
1084 1090 1300 1126 terrarum
1319 1078 1514 1127 sortunae

239 1153 413 1198 struunt
427 1152 645 1198 volubiles
661 1150 799 1209 casus,
811 1151 1010 1198 Julianus
1023 1151 1136 1197 inter
1155 1153 1306 1209 multa,
1322 1168 1421 1213 quae
1436 1168 1513 1214 per

240 1224 471 1288 Illyricum
491 1224 708 1287 agitabat,
728 1237 828 1271 exta
849 1224 1088 1271 rimabatur
1108 1224 1270 1271 affidue
1289 1260 1302 1281 ‚
1321 1224 1511 1288 avesque

243 1297 483 1360 suspiciens
499 1332 513 1353 ‚
547 1296 749 1358 praescire
787 1295 1018 1343 festinabat
1037 1296 1331 1344 accidentium
1351 1294 1482 1342 finem
1497 1314 1512 1344 ε

176 1376 178 1378 ’
245 1369 318 1416 sed
339 1368 554 1431 responsis
574 1368 790 1432 ambiguis
819 1369 869 1416 &
895 1367 1093 1415 obscuris
1119 1368 1309 1415 haerebat
1333 1367 1513 1415 futuro-

241 1461 339 1490 rum
376 1443 585 1490 incertus.
623 1443 762 1505 Eique
797 1443 976 1489 tandem
1015 1441 1308 1504 haruspicinae
1344 1443 1512 1504 peritus

240 1515 525 1577 Aprunculus
545 1513 703 1560 Gallus
723 1529 880 1562 orator
894 1549 910 1570 ,
939 1525 1174 1574 promotus
1193 1513 1339 1559 reE'tor
1361 1514 1510 1575 postea

240 1588 542 1636 Narbonensis
560 1623 574 1643 ‚
596 1587 822 1635 nuntiavit
853 1599 1045 1635 eventus
1061 1620 1075 1644 ‚
1094 1585 1290 1648 inspefiffl
1319 1586 1482 1647 jecoris
1495 1622 1512 1643 ,

242 1676 291 1711 ut
305 1662 445 1723 ajebat
470 1661 577 1724 ipse,
600 1663 874 1725 praedo&us'‚
893 1662 1016 1725 quod
1030 1659 1313 1724 operimento
1342 1660 1512 1722 duplici

239 1734 412 1784 viderat
441 1734 616 1780 tefium.
649 1735 853 1796 Cumque
874 1733 946 1779 ille
968 1733 1168 1788 timeret,
1192 1748 1246 1778 ne
1277 1730 1509 1794 cupiditati

240 1809 327 1856 suae
359 1808 654 1872 congruentia
681 1806 954 1870 fingerentur
972 1844 985 1865 ,
1013 1821 1142 1869 atque
1171 1805 1273 1851 ideo
1303 1805 1512 1859 moestus,

241 1899 377 1928 omen
400 1883 544 1929 multo
560 1881 815 1944 praesentius
834 1880 924 1943 ipse
944 1879 1198 1941 conspexit,
1218 1878 1342 1941 quod
1361 1878 1512 1924 exces-

242 1954 334 2001 sum
355 1955 605 2000 Constantii
622 1955 736 2000 clare
754 1953 1040 1999 monstrabat.
1075 1951 1242 1997 Eodem
1265 1949 1382 1995 enim
1402 1967 1514 2012 pun·

243 2027 314 2074 &o
333 2063 344 2080 ,
371 2044 464 2090 quo
485 2026 601 2073 idem
624 2027 797 2072 obierat
814 2025 858 2070 in
880 2024 1039 2071 Cilicia
1057 2059 1070 2082 ‚
1093 2021 1212 2084 lapso
1234 2021 1373 2067 milite
1392 2057 1405 2078 ,
1433 2022 1512 2084 qui

244 2101 286 2149 se
317 2100 570 2147 mseffurum
603 2117 721 2164 equo
757 2101 907 2147 dextra
933 2115 1065 2145 manu
1093 2095 1262 2153 erexit,
1298 2096 1511 2158 humique

243 2173 469 2239 prostrato
491 2211 506 2233 ,
549 2173 821 2221 exclamavit
853 2171 976 2220 illico
1009 2170 1287 2217 audientibus
1322 2169 1473 2216 multis
1495 2204 1514 2226 ,

245 2248 466 2308 cecidisse,
484 2249 560 2313 qui
577 2266 677 2295 eum
694 2248 749 2295 ad
767 2248 941 2295 culmen
959 2244 1126 2293 evexit.
1147 2245 1251 2290 Fixa
1270 2257 1416 2290 tamen
1435 2241 1514 2289 sir-

246 2324 398 2369 mitate
420 2322 658 2369 consistens
677 2356 688 2375 ,
705 2321 820 2367 intra
840 2319 1055 2366 terminos
1074 2317 1228 2364 Daciae
1249 2316 1289 2363 se
1304 2317 1514 2363 contine-

247 2397 351 2451 bat,
384 2396 443 2442 fic
482 2412 664 2458 quoque
696 2395 886 2457 plurima
917 2391 1237 2456 pertimescens.
1272 2394 1365 2437 Nec
1393 2389 1513 2437 enim

247 2481 426 2515 cautum
467 2468 655 2514 ducebat
700 2465 965 2525 conjekiuris
1006 2464 1184 2513 credere
1203 2499 1216 2525 ,
1251 2463 1432 2511 forsitan
1466 2461 1514 2510 in

248 2540 526 2591 eontrarium
548 2539 780 2604 erupturis.
