1626 2917
251 78 472 126 RERUM
509 78 851 128 GESTARUM
886 81 990 128 LlB.
1028 81 1202 129 XXVl.
1300 97 1359 147 95

62 181 403 232 'obtruncatum
433 184 747 237 dominatione
767 186 988 250 paulisper
1011 188 1202 251 potitus,
1220 207 1244 236 a
1265 188 1362 235 fru-

82 255 184 301 tetis
199 291 216 314 ,
242 256 320 303 ubi
335 258 497 304 latebat
515 294 528 316 ,
549 261 764 307 extrafflus
783 297 797 318 ‚
819 261 1084 324 oblatusque
1104 261 1323 325 Pompeio
1345 298 1360 317 ‚

81 327 173 389 ejus
198 327 311 390 juffu
340 329 403 377 est
423 330 691 379 interfectus.
722 333 909 397 Parique
932 333 1255 397 indignationis
1274 334 1362 381 im·-

80 413 187 464 petu
211 402 465 452 Florentius
497 408 547 454 &
572 408 813 454 Barchalba
838 443 851 466 ‚
870 408 948 470 qui
976 425 1076 454 eum
1109 408 1362 464 duxerunt,

81 474 318 523 confestim
332 514 345 536 ‚
358 494 453 525 non
474 479 651 541 pensata
665 481 857 538 ratione,
877 481 976 528 sunt
994 480 1227 527 interfecti.
1246 483 1362 528 Nam

78 546 112 593 s1
139 548 392 614 Principem
424 551 669 615 legitimum
706 552 1029 615 prodidissent,
1058 553 1135 598 vel
1169 552 1256 615 ipsa
1292 552 1363 613 ju-

78 619 195 669 stitia
226 623 324 684 jure
356 624 493 671 caesos
522 624 873 687 pronuntiaret:
901 624 931 670 fi
966 625 1176 672 rebellem
1207 627 1256 673 &
1274 641 1363 688 op-

77 709 372 759 pugnatorem
410 698 597 745 internae
622 697 809 762 quietis,
838 710 888 744 ut
917 697 1142 744 ferebatur
1165 734 1178 756 ‚
1196 700 1362 761 amplas

76 767 143 814 eis
168 771 469 819 memorabilis
495 771 598 819 facti
631 783 896 834 oportuerat
925 770 1087 817 deferri
1120 771 1361 820 mercedes·

76 842 268 891 Exceffit
287 856 436 891 autem
466 844 559 893 vita
588 843 837 906 Procopius
857 860 978 890 anno
1001 843 1362 907 quadragefimo‚

76 914 267 978 amplius
292 916 512 963 menfibus
541 916 698 963 decem
720 934 730 961 :
768 931 962 977 corpore
984 931 1078 960 non
1107 914 1325 962 indecoro
1346 953 1361 976 ‚

76 1003 160 1034 nec
191 987 432 1036 mediocris
463 988 629 1035 {laturae
651 1023 666 1044 ‚
684 988 931 1034 subcurvus
947 1022 961 1044 ,
981 988 1257 1050 humumque
1290 988 1361 1034 in·-

74 1061 260 1107 tuendo
283 1060 453 1124 semper
493 1060 735 1117 incedens,
762 1075 928 1123 perque
961 1075 1140 1105 morum
1170 1059 1357 1106 tristium

74 1133 265 1180 latebras
303 1133 423 1181 illius
450 1133 604 1181 fimitis
636 1134 774 1180 Craffi
797 1169 811 1190 ‚
840 1149 974 1196 quem
1010 1133 1059 1178 in
1092 1131 1188 1179 vita
1226 1132 1359 1179 semel

73 1203 205 1251 rififfe
235 1206 449 1254 Lucillius
469 1206 657 1252 affirmat
677 1208 726 1253 &
744 1205 920 1251 Tullius
939 1222 950 1251 :
980 1206 1029 1252 δέ
1046 1205 1174 1267 quod
1192 1205 1253 1251 est
1273 1207 1360 1252 mi-

75 1277 261 1326 randum
276 1313 290 1334 ,
313 1279 467 1341 quoad
492 1278 669 1324 vixerat
695 1277 972 1323 incruentus.

139 1351 200 1397 X.
232 1350 386 1397 lisdem
410 1350 503 1397 fere
522 1350 681 1397 diebus
710 1349 940 1412 protector
964 1348 1221 1406 Marcellus,
1241 1350 1358 1410 ejus-

75 1421 176 1467 dem
195 1433 437 1484 cognatus,
461 1438 593 1487 agens
612 1423 729 1484 apud
745 1420 944 1467 Nicaeam
966 1421 1214 1483 praefidium
1229 1458 1243 1480 ‚
1260 1440 1360 1485 pro·

76 1494 251 1540 ditione
286 1494 480 1541 militurn
506 1496 557 1542 ὅ(
579 1494 762 1541 interitu
794 1494 1009 1556 Procopii
1042 1495 1231 1558 cognito
1248 1532 1260 1550 ‚
1283 1498 1358 1542 Se.

73 1566 303 1613 renianum
327 1567 442 1614 intra
466 1567 681 1632 palatium
703 1567 895 1614 clausum
917 1567 1067 1614 medio
1087 1569 1230 1615 noffis
1253 1570 1356 1616 hor-

72 1640 436 1687 rore-incautum
467 1642 650 1688 adortus
681 1640 880 1687 occidit:
919 1639 1045 1699 cujus
1075 1657 1198 1687 mors
1230 1642 1357 1692 saluti

72 1713 278 1774 plurimis
314 1713 412 1760 fuit.
451 1715 566 1760 Nam
589 1714 619 1760 fi
648 1713 849 1760 victoriae
879 1712 1152 1775 superfuiffet
1175 1714 1356 1762 incultis

73 1786 274 1833 moribus
295 1787 437 1834 homo
459 1789 508 1835 δι
536 1787 731 1834 nocendi
763 1786 1002 1834 acerbitate
1039 1785 1320 1851 conflagrans
1342 1824 1354 1845 ‚

73 1860 343 1925 Valentique
378 1861 440 1907 ol)
476 1861 808 1907 fimilitudinem
851 1877 1027 1906 morum
1065 1862 1115 1908 &
1152 1861 1356 1923 genitalis

74 1932 226 1994 patriae
257 1933 564 1980 vincinitatem
601 1944 810 1995 acceptus
832 1932 1066 1979 :occultas
1093 1933 1354 1980 voluntates

74 2006 293 2071 Principis
306 2007 620 2070 introspiciens
635 2008 689 2053 ad
707 2007 1013 2054 crudelitatem
1032 2007 1352 2070 propenfioris‚

75 2079 236 2126 multas
275 2080 588 2129 innocentium
629 2080 827 2126 ediderat
857 2080 1032 2142 strages.
1061 2081 1175 2139 Quo
1214 2079 1354 2126 inter-

75 2149 195 2197 feElo
212 2187 227 2209 ,
246 2151 360 2199 idem
381 2151 619 2199 Marcellus
633 2187 647 2209 ‚
669 2162 891 2213 occupata
913 2151 1045 2197 celeri
1065 2150 1195 2198 cursu
1217 2153 1354 2200 Chal-

74 2222 248 2270 cedone
264 2260 282 2281 ,
301 2224 678 2286 concrepantibus
704 2223 882 2286 paucis,
903 2239 1018 2285 quos
1038 2223 1186 2271 vilitas
1207 2227 1253 2271 &
1273 2225 1365 2268 (le--

76 2293 266 2355 speratio
303 2296 511 2342 trudebat
549 2295 594 2341 in
628 2296 802 2350 scelus,
838 2295 1039 2340 umbram
1077 2294 1353 2357 principatus

75 2365 236 2415 funesti
265 2369 442 2432 capeffit
480 2369 657 2433 gemina
689 2367 860 2416 ratione
899 2366 1109 2414 fallente:
1143 2366 1265 2430 quod
1302 2368 1351 2413 ὃς
