1626 2917
216 186 271 225 ⁶72
408 167 750 212 AMMMNI
802 168 1296 214 MARCELLINI

217 277 457 323 Massiliam.
482 276 582 322 dein
601 275 760 321 secutis
778 276 978 321 aetatibus
997 276 1162 338 oppida
1182 277 1303 322 aii-fla
1322 274 1486 320 virium

215 349 370 411 copia,
395 349 623 394 instituere
656 365 749 393 non
780 366 942 411 pauca:
965 349 1036 394 sed
1059 349 1318 394 declinanda
1341 348 1489 393 varie-

214 434 302 477 tas,
334 423 443 483 saepe
470 422 653 467 satietati
679 421 932 481 conjun&a.
966 424 1046 467 Per
1075 422 1171 467 haee
1205 421 1305 467 loca
1339 419 1489 466 horni-

216 495 345 539 nibus
367 495 579 555 paulatim
605 495 815 552 excultis,
834 496 1016 558 viguere
1047 494 1183 541 studia
1203 493 1488 539 laudabilium

215 565 542 621 ‹l‹)&rinarum‚
566 567 773 612 inchoata
802 583 878 627 per
905 567 1098 621 Bardos‚
1123 567 1170 611 &
1203 565 1422 627 Euhages,
1443 564 1491 608 &

215 638 428 685 Druidas.
458 641 509 683 Et
530 639 657 683 Bardi
679 639 858 700 quidem
881 638 1014 683 fortia
1036 638 1236 684 virorum
1258 635 1492 681 illustrium

215 710 324 754 fasta
344 709 535 755 heroicis
556 709 801 770 composita
820 709 1016 755 versibus
1039 727 1139 756 cum
1159 709 1362 754 dulcibus
1383 707 1492 770 lyrae

214 781 412 827 modulis
446 782 746 828 cantitarunt:
781 781 982 842 Euhages
1015 797 1125 827 vero
1163 781 1401 826 scrutantes
1430 777 1493 823 se-

214 855 324 900 riem
346 856 394 900 &
423 854 623 901 sublimia
653 868 819 900 natura:
845 854 1035 915 pandere
1060 854 1352 900 conabantur.
1377 856 1493 898 Inter

217 929 298 973 hos
319 927 506 974 Druidae
528 928 716 991 ingeniis
739 927 943 974 celsiores
960 964 973 984 ,
1002 941 1049 973 ut
1070 928 1303 974 atlftoritas
1324 925 1493 989 Pytha-

215 1016 337 1061 gorae
365 999 590 1056 decrevit,
621 999 833 1045 sodalitiis
865 1000 1055 1045 adstriffi
1088 999 1352 1055 consortiis,
1373 1014 1493 1059 quae-

214 1072 433 1118 stionibus
451 1073 729 1118 occultarum
757 1089 903 1118 rerum
927 1073 1201 1134 altarumque
1222 1073 1352 1118 ereffi
1372 1071 1494 1127 sunt,

217 1146 266 1191 &
288 1144 584 1206 despe&antes
616 1145 806 1190 humana
831 1145 1180 1207 pronuntiarunt
1212 1145 1379 1190 animas
1407 1143 1493 1188 im·-

215 1217 442 1264 mortales.

282 1290 342 1335 X.
377 1291 504 1336 Hanc
525 1290 771 1336 Galliarum
802 1291 973 1353 plagam
993 1326 1004 1346 ‚
1030 1290 1091 1336 ob
1117 1288 1339 1352 suggestus
1360 1304 1494 1333 mon-

217 1359 329 1406 tium
358 1362 523 1408 arduos
543 1398 554 1417 ‚
584 1364 631 1408 &
660 1362 851 1408 horrore
877 1363 1018 1407 nivali
1044 1361 1214 1423 semper
1248 1359 1466 1405 obduCtos
1483 1396 1495 1415 ‚

217 1433 342 1481 orbis
376 1435 535 1481 residui
572 1435 733 1482 incolis
766 1436 954 1481 antehac
984 1452 1110 1496 paene
1140 1435 1340 1496 ignotam
1377 1431 1495 1493 (nisi

216 1522 305 1568 qua
328 1506 531 1553 litoribus
554 1507 614 1552 est
645 1506 828 1569 vicina)
859 1507 1104 1552 munimina
1131 1506 1340 1552 claudunt
1368 1504 1497 1551 undi-

217 1595 332 1641 que,
359 1593 510 1627 natura
532 1580 659 1626 velut
685 1594 776 1626 arte
794 1580 1079 1626 circumdata.
1112 1581 1167 1623 Et
1196 1595 1219 1624 a
1242 1577 1376 1623 latere
1396 1575 1497 1638 qui-

219 1652 319 1696 dem
351 1651 524 1698 australi
551 1651 798 1714 Tyrrheno
832 1651 1015 1696 alluitur
1054 1652 1103 1696 &
1137 1649 1317 1696 Gallico
1356 1648 1495 1695 mari:

217 1740 305 1785 qua
346 1724 523 1771 coeleste
562 1724 740 1787 suspicit
779 1725 1047 1787 plaustrum,
1088 1741 1111 1769 a
1147 1724 1251 1769 feris
1292 1723 1497 1786 gentibus

217 1794 398 1843 fluentis
417 1797 699 1861 distinguitur
718 1796 865 1843 Rheni
889 1814 899 1842 ε
920 1797 996 1842 ubi
1017 1795 1287 1842 occidentali
1307 1794 1496 1854 subjefla

218 1867 279 1914 est
303 1869 455 1926 fideri,
487 1871 676 1916 Oceano
712 1870 760 1915 &
793 1868 1024 1914 altitudine
1058 1866 1245 1913 Pirenaei
1271 1866 1494 1927 effigium-3

218 1941 336 1986 unde
364 1942 418 1990 acl
451 1940 554 1987 solis
579 1952 704 1986 ortus
729 1939 974 1995 attollitur,
1001 1938 1230 2002 aggeribus
1265 1938 1383 1983 cedit
1415 1936 1494 1982 Al-

215 2013 340 2075 pium
361 2014 617 2060 Cottiarum
637 2032 648 2059 :
667 2030 770 2075 quas
791 2029 865 2059 rex
885 2012 1088 2068 Cottius,
1107 2010 1368 2073 perdomitis
1388 2009 1495 2055 Gal·

217 2087 320 2143 liis,
360 2086 477 2134 solus
511 2086 556 2132 in
594 2086 804 2149 angustiis
836 2086 1001 2142 latens,
1040 2084 1250 2146 inviaque
1285 2084 1494 2129 locorum

215 2159 446 2222 asperitate
472 2159 662 2206 confisus
678 2196 692 2215 ‚
718 2160 858 2205 lenito
880 2160 1056 2205 tandem
1083 2170 1261 2203 tumore
1280 2157 1322 2202 in
1344 2156 1496 2202 amici-

217 2233 321 2280 tiam
343 2233 581 2278 Oilaviani
613 2247 815 2294 receptus
844 2232 1084 2294 principis,
1106 2230 1298 2276 molibus
1327 2228 1496 2291 magnis

219 2304 431 2350 exstruxit
458 2305 510 2349 ad
532 2304 677 2350 vicem
706 2304 1007 2350 memorabilis
1036 2302 1230 2348 muneris
1246 2338 1258 2358 ‚
1279 2317 1497 2362 compen-

219 2376 374 2422 diarias
400 2378 446 2423 &
477 2376 702 2422 viantibus
730 2389 1035 2439 opportunas,
1057 2373 1220 2419 medias
1249 2373 1364 2419 inter
1391 2371 1495 2417 alias

226 2449 356 2511 Alpes
376 2447 565 2494 vetustas
580 2484 595 2504 ‚
617 2446 744 2509 super
764 2448 923 2510 quibus
945 2457 1174 2508 comperta
1194 2445 1330 2507 paulo
1347 2443 1497 2512 postea
