1626 2917
235 121 323 187 308
597 115 1143 164 EXCERPTA

229 234 293 280 est
310 233 528 279 Ravenna
543 264 556 285 ‚
576 227 625 274 &
643 225 814 274 occidit
832 225 1113 279 Odoacrem,
1132 221 1279 270 Gothi
1300 221 1376 269 fibi
1395 237 1484 270 con
1497 247 1512 258 ·

229 308 527 355 firmaverunt
546 300 883 347 Theodericum
905 315 1050 361 regem
1065 333 1077 355 ‚
1098 314 1190 344 non
1212 296 1513 359 exspe&antes

229 379 465 443 juffionem
492 373 605 421 novi
627 372 858 433 Principis.
885 372 969 417 Vir
991 371 1111 417 enim
1136 370 1513 425 bellicofiffimus,

229 450 362 498 fortis
379 486 391 505 ‚
418 447 543 509 cujus
570 457 690 509 pater
709 443 930 490 XValamir
955 443 1096 489 dietus
1121 458 1198 487 rex
1218 441 1482 488 Gothorum
1498 474 1512 497 ,

229 521 439 571 naturalis
465 532 614 566 tamen
633 518 726 580 ejus
746 516 830 563 fuit
849 534 859 562 :
884 528 1024 562 mater
1044 513 1260 561 Ereriliva
1280 513 1391 560 ditia
1410 516 1514 560 Go-

228 597 373 653 thica‚
394 585 630 642 Catholica
651 590 832 654 quidem
854 601 974 646 erat,
993 605 1094 651 quae
1118 587 1164 633 in
1184 585 1403 648 baptismo
1425 587 1516 633 Eu-

227 670 348 719 sebia
373 668 500 714 dieta.
533 668 653 729 Ergo
676 664 938 727 praeclarus,
965 666 1012 711 δέ
1038 663 1172 708 bonae
1199 660 1446 707 voluntatis
1466 661 1517 706 in

227 742 442 791 omnibus
457 775 471 797 ‚
488 740 565 803 qui
587 737 791 800 regnavit
809 753 954 783 annos
976 749 1170 791 XXXIII,
1188 732 1312 794 cujus
1332 745 1516 795 tempo-

221 816 352 864 ribus
370 812 556 860 felicitas
582 811 644 857 est
669 809 817 856 secuta
838 809 1005 856 ltaliam
1031 825 1109 870 per
1129 825 1272 854 annos
1290 820 1404 854 xxx
1419 843 1432 864 ,
1453 808 1516 854 ita

227 904 281 936 ut
308 887 441 934 etiam
463 902 550 949 pax
573 883 860 947 pergentibus
891 881 1008 929 effet.
1036 882 1162 928 Nihil
1186 881 1306 928 enim
1327 897 1516 944 perpere

227 962 368 1027 geffit.
396 960 467 1007 Sic
497 956 765 1022 gubernavit
784 957 891 1004 duas
917 970 1067 1019 gentes
1086 956 1133 1001 in
1162 971 1256 1002 uno
1275 956 1516 1003 Romano-

223 1052 328 1083 -rum
354 1034 406 1080 &
426 1031 715 1086 Gothorum,
736 1029 842 1075 dum
869 1028 961 1091 ipse
983 1028 1166 1091 quidem
1187 1027 1364 1074 Arianae
1390 1026 1516 1073 seElae

226 1109 355 1166 effet,
375 1122 525 1155 tamen
545 1103 703 1151 militia
724 1102 941 1150 Romanis
962 1102 1069 1150 ficut
1088 1102 1166 1149 sub
1185 1101 1413 1164 Principes
1430 1101 1514 1147 effe

224 1177 459 1243 praecepit.
497 1177 638 1223 Dona
676 1176 725 1222 &
763 1190 965 1221 annonas
999 1173 1209 1236 largitus:
1242 1189 1514 1236 quamquam

226 1249 437 1297 aerarium
466 1245 699 1309 publicum
727 1261 784 1290 ex
813 1257 916 1291 toto
944 1243 1124 1290 feneum
1152 1244 1414 1303 invenisset,
1435 1244 1515 1291 suo

224 1322 384 1369 labore
411 1317 699 1381 recuperavit
721 1319 770 1364 &
798 1316 1069 1379 opulentum
1095 1315 1232 1363 fecit:
1257 1316 1367 1362 nihil
1398 1333 1514 1364 con-

224 1407 297 1441 ·tra
325 1392 592 1455 religionem
611 1389 894 1437 Catholicam
925 1401 1128 1436 tentans:
1157 1389 1368 1436 exhibens
1386 1388 1518 1437 ludos
1575 1394 1580 1398 ’

224 1463 506 1518 Circensium
523 1497 537 1519 ‚
558 1462 607 1508 &
628 1460 1015 1522 Amphitheatrum
1031 1496 1044 1518 ‚
1063 1473 1114 1507 ut
1139 1459 1270 1506 etiam
1297 1477 1322 1507 a
1345 1461 1518 1507 Roma-

223 1538 297 1586 nis
327 1536 546 1598 Traianus
577 1536 653 1583 vel
687 1536 1061 1592 Valentinianus,
1087 1551 1282 1599 quorum
1313 1545 1516 1597 tempora

225 1612 413 1660 senatus
447 1609 538 1666 est,
573 1608 897 1672 appellaretur,
924 1610 974 1657 &
1012 1626 1036 1655 a
1070 1609 1236 1656 Gothis
1274 1608 1518 1657 secundum

224 1684 434 1732 Edittum
461 1682 613 1740 suum,
634 1698 767 1745 quern
795 1682 857 1730 eis
877 1681 1133 1738 constituit,
1152 1699 1230 1728 rex
1256 1680 1518 1730 fortiffimus

226 1755 276 1802 iu
311 1753 523 1801 omnibus
547 1752 834 1814 judicaretur.
866 1754 953 1801 Hic
982 1755 1089 1801 dum
1124 1754 1354 1801 illiteratus
1385 1754 1514 1812 effer,

222 1841 366 1876 zantae
385 1827 608 1890 sapientiae
636 1827 748 1887 fuit,
766 1841 814 1876 ut
833 1829 983 1892 aliqua
997 1864 1010 1885 ‚
1031 1845 1132 1892 quae
1160 1828 1338 1875 locutus
1359 1828 1447 1884 est,
1467 1829 1516 1876 in

228 1901 374 1964 vulgo
403 1899 540 1963 usque
571 1917 694 1948 nunc
726 1917 811 1962 pro
845 1900 1061 1948 sententia
1092 1901 1367 1956 habeantur,
1394 1902 1517 1949 unde

227 1990 316 2020 nos
336 1989 430 2018 non
459 1971 578 2034 piget
603 1972 752 2034 aliqua
773 1972 826 2019 de
853 1973 1006 2019 multis
1032 1971 1126 2034 ejus
1156 1972 1203 2018 in
1231 1988 1516 2021 commemo-

226 2046 405 2094 ratione
425 2044 626 2106 posuiffe.
658 2044 821 2092 Dixit:
853 2047 1024 2092 Aurum
1046 2056 1121 2092 aut
1151 2045 1403 2092 daemonem
1437 2046 1516 2109 qui

226 2118 390 2175 habet,
414 2132 506 2162 non.
527 2133 629 2163 eum.
649 2116 795 2178 potest
820 2116 1106 2164 abscondere.
1129 2119 1236 2165 Item
1258 2117 1518 2165 :Romanus

226 2189 360 2238 miser
393 2191 591 2238 imitatur
621 2191 825 2237 Gothum
848 2207 858 2236 ε
881 2191 931 2237 δε
960 2189 1083 2237 utilis
1109 2190 1290 2237 Gothus
1317 2190 1516 2237 imitatur

228 2265 502 2311 Romanum.
528 2261 989 2324 Quidamrdefunfius
1013 2261 1074 2310 est
1089 2299 1102 2320 ,
1122 2264 1174 2312 &
1194 2262 1373 2326 reliquit
1393 2280 1516 2310 uxo-

229 2353 355 2394 rem,
383 2338 432 2384 &
461 2337 702 2398 parvulum
733 2335 873 2383 filium
907 2336 1177 2386 nescientem
1209 2349 1407 2385 matrem.
1443 2335 1514 2384 Ab

231 2408 386 2473 aliquo
409 2408 605 2457 sublatus
625 2409 685 2458 est
703 2407 822 2459 filius
843 2408 939 2473 ejus
957 2410 1172 2475 parvulus
1186 2443 1201 2472 2
1221 2411 1270 2463 &
1291 2408 1446 2463 duetus
1465 2409 1514 2455 in
