1626 2917
332 191 548 237 RERUM
585 187 924 236 GESTARUM
956 189 1056 234 ΗΒ.
1092 189 1217 239 XIV.
1361 204 1414 251 33

145 292 429 342 occiduntur.
465 294 569 341 Post
596 310 789 358 quorum
822 310 976 341 necem
1011 293 1156 340 nihilo
1183 293 1326 342 lenius
1355 294 1424 343 fe-

146 367 325 415 rociens
357 368 543 424 Gallus,
576 379 626 414 ut
656 368 729 415 leo
765 367 1059 415 cadaveribus
1082 364 1252 430 pastus,
1284 369 1425 415 multa

144 437 396 499 hujusmodi
436 438 738 485 scrutabatur:
782 456 881 502 quae
916 439 1081 502 singula
1116 455 1295 485 narrare
1329 456 1427 486 non

146 509 312 569 refert,
344 527 400 557 ne
439 510 722 573 profeffionis
756 512 971 569 modum,
1003 511 1129 575 quod
1163 512 1426 560 evitandum

147 582 210 629 est
226 619 239 639 ‚
267 584 544 631 excedamus.

218 657 279 704 X.
310 658 416 703 Haec
452 658 558 703 dum
588 656 755 703 Oriens
789 656 865 702 diu
889 655 1136 719 perferret,
1173 657 1281 704 coeli
1312 658 1430 706 rese-

151 740 249 774 rato
274 741 428 791 tepore
449 764 462 786 ,
498 728 787 774 Constantius
816 728 1048 775 consulatu
1074 727 1153 774 suo
1175 729 1356 793 septies,
1378 733 1430 780 &

152 800 335 847 Caesaris
367 813 463 858 ter,
482 801 671 865 egreffus
695 801 870 847 Arelate
904 802 1154 848 Valentiam
1195 803 1307 864 petit
1331 840 1345 861 ,
1382 804 1430 851 in

153 873 505 919 Gundomadum
539 874 589 920 &
616 872 938 919 Vadomarium
970 870 1125 919 fratres
1152 874 1434 922 Alamanno-

154 958 253 988 rum
285 959 407 1007 reges
432 961 551 990 arma
585 955 790 989 moturus
809 978 823 1001 ,
859 959 1055 1005 quorum
1081 944 1245 991 crebris
1273 962 1434 993 excur-

156 1012 272 1060 fibus
303 1014 587 1060 vastabantur
625 1013 827 1062 confines
856 1014 1072 1061 limitibus
1104 1027 1233 1062 terrae
1270 1017 1436 1064 Gallo-

156 1103 270 1132 rum.
300 1086 516 1148 Dumque
547 1085 610 1132 ibi
638 1085 714 1132 diu
746 1098 971 1143 moratur,
995 1100 1270 1134 commeatus
1292 1105 1437 1153 oppe-

156 1159 274 1206 riens
293 1194 308 1218 ,
337 1175 533 1222 quorum
561 1159 898 1207 translationem
936 1177 990 1206 ex
1027 1160 1268 1224 Aquitania
1303 1165 1437 1212 verni

157 1230 320 1278 imbres
338 1231 472 1280 solito
492 1231 741 1280 crebriores
762 1233 1093 1296 prohibebant,
1123 1234 1327 1298 auffique
1346 1248 1440 1284 tor-

159 1319 306 1353 rentes
324 1341 338 1365 ,
370 1305 647 1353 Herculanus
677 1306 861 1354 advenit
888 1308 1118 1369 protestor
1138 1307 1439 1367 domesticus,

160 1378 457 1440 Hermogenis
477 1394 534 1424 ex
555 1377 762 1440 magistro
784 1378 984 1441 equitum
1004 1376 1120 1425 filius
1139 1414 1152 1437 ‚
1174 1380 1292 1442 apud
1309 1382 1437 1429 Con-

164 1449 503 1512 stantinopolim
522 1486 535 1507 ‚
557 1462 607 1496 ut
631 1449 760 1512 supra
780 1451 1010 1499 retulimus
1026 1486 1040 1509 ,
1058 1452 1270 1514 populari
1292 1471 1443 1518 quon-

164 1523 264 1569 dam
281 1522 449 1568 turbela
468 1521 802 1586 discerptizquo
824 1524 1046 1570 veriffime
1073 1525 1317 1584 referente,
1341 1547 1443 1594 quae

167 1595 325 1641 Gallus
349 1607 519 1657 egerat,
540 1594 711 1640 damnis
736 1594 863 1657 super
881 1597 1116 1658 praeteritis
1144 1615 1339 1646 moerens
1354 1637 1368 1657 ,
1392 1603 1445 1650 &t

166 1668 426 1715 futurorum
444 1667 605 1714 timore
628 1666 871 1730 suspensus,
885 1685 1097 1732 angorem
1114 1670 1272 1730 animi,
1289 1691 1444 1737 quam-

167 1741 243 1788 diu
274 1740 450 1813 potuit,
471 1740 746 1786 emendabat.
774 1740 906 1787 Miles
927 1757 1075 1788 tamen
1100 1742 1267 1791 interea
1295 1748 1447 1796 omnis

168 1814 285 1877 apud
313 1803 551 1860 Cabillona
572 1812 784 1860 collectus
803 1845 819 1870 ‚
848 1830 1079 1862 morarum
1099 1815 1333 1879 impatiens
1365 1820 1448 1868 sae-

168 1887 356 1944 viebat,
387 1886 477 1933 hoc
513 1885 762 1945 irritatior,
793 1887 916 1951 quod
935 1905 1019 1936 nec
1049 1887 1234 1937 subfidia
1255 1892 1447 1941 vivendi

170 1960 484 2024 suppeterent,¹
515 1959 735 2007 alimentis
768 1959 970 2007 nondum
1002 1978 1060 2008 ex
1095 1961 1173 2008 usu
1207 1965 1448 2015 translatis.

171 2034 305 2083 Unde
331 2030 518 2078 Rufinus
551 2049 601 2078 ea
636 2031 893 2094 tempestate
928 2034 1159 2096 praefeElus
1195 2039 1411 2099 praetorio
1433 2075 1450 2098 ‚

173 2108 229 2155 ad
245 2104 478 2152 discrimen
495 2104 640 2151 trusus
661 2104 722 2150 est
743 2104 961 2152 ultimum.
983 2108 1049 2153 Ire
1066 2108 1186 2154 enim
1210 2108 1299 2170 ipse
1318 2127 1451 2158 com-

173 2178 420 2244 pellebatur
449 2178 503 2224 ad
535 2177 751 2234 militem,
774 2194 906 2241 quem
931 2180 1224 2242 exagitabat
1213 2183 1367 2244 inopia
1395 2184 1451 2229 fi-

176 2252 269 2300 mul
291 2254 340 2300 &
359 2252 534 2310 feritas,
561 2255 609 2300 &
628 2252 829 2315 alioquin
851 2255 1019 2301 coalito
1046 2271 1173 2301 more
1196 2255 1242 2301 in
1265 2256 1451 2304 ordina-

176 2325 264 2372 rias
295 2325 528 2389 dignitates
548 2328 749 2389 asperum
771 2327 940 2390 semper
960 2331 1008 2376 &
1028 2327 1194 2376 saevum
1212 2364 1226 2386 ,
1258 2342 1308 2376 ut
1331 2329 1452 2377 satis-

177 2397 373 2455 faceret,
401 2411 534 2463 atque
551 2399 850 2458 monstraret,
881 2416 1010 2464 quam
1032 2402 1094 2448 ob
1115 2402 1286 2448 causam
1307 2420 1452 2448 anno,

177 2490 247 2520 nae
286 2472 530 2519 convectio
568 2472 621 2520 fit
658 2472 885 2536 impedita.
920 2474 1043 2537 quod
1079 2491 1218 2536 opera
1250 2475 1386 2523 contu
1393 2476 1452 2523 lta

236 2549 458 2596 Ammian.
482 2549 718 2595 Marcellin.
751 2550 848 2594 Vol.
869 2549 906 2594 J.
1085 2547 1126 2593 Ε
