1626 2917
311 213 535 260 RERUM
569 211 910 258 GESTARUM
945 212 1048 258 ΜΒ.
1085 212 1233 259 ΧΧΠ.
1337 228 1429 275 329

138 333 243 366 nem
269 316 593 379 multiplicem,
615 319 664 365 &
685 316 1034 379 praesensionum
1061 316 1281 382 originem
1306 334 1434 364 men-

139 404 186 438 te
215 402 375 454 vegeta
406 389 640 453 quisquam
667 389 872 438 voluerit
900 389 1116 453 replicare
1141 425 1155 448 ,
1190 406 1270 452 per
1296 407 1434 436 mun<-

139 465 247 512 dum
287 482 472 513 omnem
515 467 723 514 inveniet
760 466 1030 513 mathemata
1074 464 1331 528 hujusmodi
1376 465 1435 512 ab

113 539 346 602 'AEgypto
390 541 668 588 circumlata.
710 540 797 588 Hic
835 539 1029 602 primum
1054 539 1262 587 homines
1296 538 1437 602 longe

140 627 245 661 ante
272 614 383 662 alios
411 618 466 663 ad
495 617 619 664 varia
653 615 930 680 religionum
963 614 1236 662 incunabula
1254 650 1268 669 ‚
1295 627 1344 660 ut
1368 613 1436 659 di-

141 687 286 746 citur,
307 703 639 752 pervenerunt,
665 692 714 737 &
739 689 867 736 initia
898 690 1040 751 prima
1059 689 1286 735 sacrorum
1310 698 1437 734 caute

140 773 366 821 tuentur,
398 764 585 810 condita
622 762 800 825 scriptis
842 763 1028 810 arcanis.
1067 763 1165 808 Hac
1208 760 1438 807 institutus

120 838 381 899 prudentia
402 840 683 903 Pythagoras
714 837 870 885 colens
899 837 1112 884 secretius
1132 838 1287 891 Deos,
1309 835 1439 897 quid-

141 909 255 970 quid
274 910 405 967 dixit,
427 924 502 958 aut
528 911 704 967 voluit,
724 911 1030 969 austeritatem
1052 909 1136 956 effe
1157 908 1347 955 instituit
1369 925 1439 954 ra-

143 992 235 1027 tam
253 1017 267 1038 ,
288 985 337 1029 &
359 983 504 1030 femur
523 983 651 1030 suum
680 999 862 1029 aureum
888 984 1006 1044 apud
1029 981 1300 1045 Olympiam
1322 980 1440 1041 saepe

143 1054 421 1101 monstrabat
442 1091 456 1111 ‚
488 1058 539 1103 &
568 1073 670 1103 cum
692 1056 843 1118 aquila
864 1056 1135 1118 colloquens
1163 1054 1346 1100 subinde
1369 1053 1442 1100 vi-

142 1125 333 1176 sebatur.
359 1128 477 1175 Hinc
501 1130 798 1193 Anaxagoras
831 1129 1000 1191 lapides
1020 1146 1044 1176 e
1063 1129 1188 1175 coelo
1211 1128 1440 1190 lapsuros,

145 1198 197 1245 &
232 1199 454 1259 putealem
486 1199 644 1245 limum
677 1201 992 1257 contrefflns,
1012 1214 1230 1247 tremores
1260 1198 1440 1245 futuros

142 1269 414 1330 praedixerat
424 1284 568 1318 terrae.
586 1274 643 1318 Et
657 1272 804 1318 Solon
819 1272 1044 1320 sententiis
1058 1271 1234 1332 adjutus
1247 1270 1440 1335 AEgypti

143 1344 432 1395 sacerdotum
452 1382 467 1402 ,
503 1346 604 1393 latis
628 1344 745 1406 justo
776 1346 1087 1393 moderamine
1117 1347 1317 1409 legibus,
1342 1348 1441 1393 Ro-

143 1435 284 1468 mano
308 1435 491 1482 quoque
510 1418 599 1481 juri
616 1419 869 1466 maximum
887 1420 1060 1466 addidit
1081 1419 1439 1466 firmamentum:

144 1509 204 1539 ex
244 1492 311 1539 his
338 1491 544 1538 fontibus
582 1508 660 1554 per
699 1492 903 1539 sublimia
936 1492 1141 1556 gradiens
1182 1492 1443 1539 sermonum

145 1563 441 1625 amplitudine
478 1565 605 1612 Jovis
648 1565 834 1611 aemulus
878 1564 1040 1610 Platon
1072 1563 1165 1611 visa
1201 1565 1442 1627 AEgypm,

144 1635 360 1685 militavit
389 1636 602 1699 sapientia
625 1636 837 1701 gloriosa.
871 1635 1093 1682 Homines
1120 1648 1270 1683 autem
1294 1637 1441 1698 AEgy-

146 1707 232 1770 ptii
259 1707 461 1772 plerique
498 1709 740 1755 subfusculi
769 1708 900 1765 sunt,
932 1709 983 1755 &
1019 1708 1181 1765 atrati,
1215 1708 1441 1772 magisque

147 1779 404 1826 moestiores
424 1815 438 1838 ,
469 1781 705 1844 gracilenti
735 1783 782 1829 &
810 1781 952 1837 aridi,
977 1781 1032 1826 ad
1063 1780 1262 1844 singulos
1289 1793 1443 1827 motus

139 1849 523 1901 *excandescentes
538 1889 552 1910 ‚
576 1854 865 1901 controversi
881 1890 895 1912 ‚
917 1855 965 1901 &
985 1853 1441 1916 reposconesacerri—

147 1927 226 1973 mi.
261 1927 491 1974 Erubescit
519 1929 636 1990 apud
658 1944 737 1974 eos
757 1964 770 1984 ‚
800 1928 831 1973 fi
851 1926 950 1991 quis
971 1943 1067 1974 non
1100 1926 1339 1973 infitiando
1359 1926 1443 1973 tri-

148 1999 291 2058 buta,
324 2001 540 2063 plurimas
576 2002 623 2048 in
665 2017 863 2063 corpore
897 2000 1069 2047 vibices
1113 2000 1332 2048 ostendat.
1383 2001 1440 2046 Et

148 2073 274 2123 nulla
294 2086 629 2122 tormentorum
655 2075 727 2121 vis
758 2073 953 2121 inveniri
973 2073 1116 2120 adhuc
1142 2072 1321 2135 potuit,
1341 2089 1442 2136 quae

148 2146 380 2196 obdurato
401 2148 520 2195 illius
539 2149 701 2196 tra&th
721 2147 887 2194 latroni
907 2146 1058 2193 invito
1081 2146 1242 2193 elicere
1263 2146 1443 2209 potuit,

149 2231 203 2266 ut
234 2237 403 2267 nomen
440 2222 678 2285 proprium
712 2221 845 2267 dicat.
878 2220 928 2266 Id
958 2232 1108 2266 autem
1150 2232 1311 2278 notum
1345 2219 1440 2276 est,

149 2305 201 2341 ut
219 2295 399 2341 annales
419 2308 594 2342 veteres
614 2295 864 2342 monstrant
878 2329 891 2349 ,
908 2295 1034 2356 quod
1047 2295 1272 2358 AEgyptus
1291 2292 1441 2339 omnis

149 2363 232 2411 sub
263 2366 417 2414 amicis
448 2380 543 2414 erat
566 2380 694 2415 antea
727 2367 936 2430 regibus:
974 2366 1047 2413 sed
1068 2366 1283 2430 superatis
1319 2365 1438 2426 apud

149 2438 325 2489 Actium
354 2439 476 2487 bello
505 2441 658 2488 navali
696 2441 905 2487 Antonio
941 2441 990 2488 &
1023 2441 1264 2503 Cleopatra
1283 2475 1298 2496 ‚
1327 2456 1440 2501 pro-

149 2510 317 2560 vinciae
351 2529 518 2560 nomen
543 2514 717 2576 accepit
748 2514 802 2560 ab
833 2513 1089 2561 Ostaviano
1113 2512 1313 2576 Augusto
1338 2509 1440 2574 pos-
