1626 2917
224 146 321 202 230
436 135 777 185 'AMMIANI
821 135 1303 185 MARCELLINI

227 242 352 289 deret
377 241 430 287 ad
449 239 758 303 procinfilum,
786 256 864 302 per
888 254 1065 301 portam
1088 241 1265 297 voluit,
1296 240 1414 287 unde
1443 238 1513 286 in-⁴

228 313 411 369 troivit,
431 315 569 368 exire,
591 324 641 359 ut
661 328 795 358 omen
818 311 1066 374 colligeret,
1088 313 1211 375 quod
1233 314 1325 360 cito
1348 330 1513 359 remea·

230 386 297 432 bit
338 386 391 430 ad
430 385 613 431 Gallias.
648 380 854 447 Cumque
896 384 1025 431 locus
1062 386 1246 448 aggestis
1279 387 1515 433 ruderibus

230 456 456 519 negleffihis
490 470 734 520 purgatur,
771 456 934 518 lapsam
973 455 1117 502 forem
1151 456 1384 516 ferratam,
1415 474 1515 520 quae

232 530 409 577 exitum
431 529 687 588 obseravit,
712 530 954 576 multitudo
978 546 1216 577 removere
1247 548 1340 578 non
1367 530 1517 593 potuit

234 606 410 653 viribus
438 605 607 668 magnis
631 603 747 651 enisa
771 622 781 650 :
804 606 852 652 &
871 604 975 650 dum
998 602 1154 650 frustra
1181 616 1340 650 tereret
1369 604 1485 650 diem
1502 637 1518 660 ,

237 678 417 726 εοειθειιε
450 691 527 739 per
551 676 682 723 aliam
714 675 903 739 egreffus
939 674 999 721 est
1026 688 1219 737 portam.
1254 676 1520 739 Noiteque,

237 764 373 812 quam
400 748 473 794 lux
501 761 705 810 ereptura
722 764 825 795 eum
846 747 940 795 vita
961 748 1105 795 secuta
1127 748 1211 806 est,
1230 762 1280 795 ut
1301 766 1376 810 per
1397 747 1522 811 quie-

238 831 331 869 tem
351 818 485 874 solet,
505 819 687 867 videbat
706 818 948 883 conjugem
968 818 1088 866 suam
1108 819 1331 866 absentem
1353 820 1526 877 sedere,

239 892 369 957 paffis
403 892 599 955 capilli5‚
628 892 789 940 amifiu
822 891 1037 955 squalenti
1071 893 1318 940 conte&am
1347 911 1358 939 .·
1390 908 1524 954 quam

243 966 448 1013 aestimari
483 966 669 1014 dabatur
703 970 950 1015 Fortunam
981 965 1074 1029 ejus
1107 968 1223 1025 effe,
1259 984 1359 1014 cum
1393 978 1527 1014 taetro

241 1039 395 1089 habitu
420 1039 506 1100 jam
543 1040 835 1087 discessuram.
867 1040 1121 1103 Progressus
1150 1041 1309 1088 deinde
1341 1040 1526 1087 matuti-

246 1129 331 1162 nus
355 1113 655 1164 contractiore
684 1114 817 1162 vultu
842 1113 1056 1161 subtristis
1071 1149 1084 1171 ‚
1107 1131 1208 1161 cum
1230 1131 1328 1160 eum
1350 1113 1528 1160 oblatus

245 1201 343 1233 non
368 1185 606 1247 susciperet
622 1202 762 1248 equus
777 1221 791 1242 ‚
814 1186 1060 1233 anteriores
1088 1186 1222 1248 pedes
1244 1198 1403 1247 praeter
1423 1185 1527 1231 stra-

246 1271 395 1306 torem
422 1258 592 1322 erigens
618 1259 666 1305 in
687 1259 904 1306 sublime:
923 1259 1076 1307 innata
1096 1259 1269 1306 feritate
1297 1259 1531 1317 concitus,

247 1344 299 1380 ut
338 1345 430 1380 erat
463 1332 696 1390 immanis,
729 1333 958 1380 dexteram
990 1332 1192 1383 stratoris
1226 1333 1378 1379 militis
1411 1332 1530 1394 juffit

248 1404 442 1462 abscidi,
464 1421 565 1468 quae
583 1421 683 1451 eum
707 1404 971 1452 insilientem
991 1404 1194 1465 jumento
1214 1404 1407 1466 pulserat
1422 1417 1535 1456 con-2

250 1477 408 1525 sueto:
441 1476 706 1540 periffetque
740 1477 1042 1524 cruciabiliter
1072 1478 1293 1524 innocens
1327 1476 1534 1538 juvenis,

250 1551 299 1599 ni
333 1552 536 1598 tribunus
570 1551 731 1598 stabuli
766 1552 963 1599 Cerealis
996 1552 1146 1599 dirum
1181 1551 1302 1599 nefas
1336 1569 1438 1602 cum
1469 1550 1534 1599 sui

252 1622 457 1691 periculo
492 1624 734 1672 distuliffet.

319 1699 398 1745 VI.
433 1698 536 1746 Post
563 1699 658 1754 haec
688 1698 961 1760 Quadorum
993 1713 1159 1745 venere
1189 1696 1347 1760 legati,
1379 1712 1535 1759 pacem

257 1789 363 1821 cum
391 1772 721 1835 praeteritorum
761 1771 1080 1833 obliteratione
1114 1770 1371 1834 suppliciter
1402 1770 1536 1819 obse·

258 1856 462 1892 crantes:
490 1861 623 1926 quam
649 1857 701 1890 ut
728 1843 910 1907 adipisci
946 1843 1035 1889 fine
1069 1842 1304 1889 obstaculo
1333 1843 1538 1904 possent,

259 1920 310 1968 &
330 1918 593 1965 tirocinium
622 1919 672 1967 &
697 1919 898 2000 quaedam
921 1918 1045 1966 utilia
1062 1918 1126 1964 rei
1152 1918 1368 1964 Romanae
1399 1915 1538 1978 polli-

259 1992 488 2041 cebantur.
522 1993 656 2052 Quos
677 1991 890 2054 quoniam
919 1991 1075 2054 suscipi
1105 1975 1298 2054 placuit,
1327 1990 1375 2038 δι
1395 1988 1541 2036 redire

263 2063 464 2121 indutiis,
484 2080 583 2128 quae
602 2063 919 2126 poscebantur,
935 2063 1134 2119 indultis,
1154 2061 1343 2128 (quippe
1362 2077 1442 2108 eos
1460 2077 1541 2108 ve-

262 2136 362 2182 xari
382 2136 568 2194 diutius,
588 2153 670 2184 nec
690 2136 897 2188 ciborum
919 2137 1090 2199 inopia,
1111 2153 1192 2182 nec
1213 2135 1405 2181 alienum
1428 2147 1542 2181 tem-

261 2224 345 2271 pus
370 2207 473 2253 anni
502 2207 817 2272 patiebantur)
846 2209 894 2254 in
915 2207 1222 2256 consistorium
1248 2205 1431 2270 Equitio
1460 2222 1542 2253 va-

265 2280 397 2330 dente
429 2280 526 2327 sunt
549 2280 799 2328 intromissi.
825 2282 1029 2343 Cumque
1061 2278 1270 2330 membris
1296 2277 1543 2324 incurvatis

265 2353 427 2403 starent
445 2367 565 2400 metu
582 2354 746 2400 debiles
768 2356 816 2402 &
836 2352 1094 2417 praestri&i‚'
1112 2353 1276 2399 docere
1298 2350 1418 2413 j-uffi,
1440 2366 1543 2412 quae.

265 2425 495 2491 ferebant,
514 2426 688 2480 ufitatas
717 2426 815 2481 illas
843 2425 1153 2482 causationum
1176 2424 1340 2496 species
1365 2420 1545 2493 jurandi
