1626 2917
321 177 542 230 RERUM
576 179 918 231 'GESTARUM
944 180 1047 231 ΠΒ.
1082 178 1280 233 XXVII.
1355 199 1433 253 ¹3¹

156 284 300 335 eolles
327 288 550 335 mensibus
572 288 770 353 quinque
799 261 1102 338 delitescentes
1123 327 1136 348 ,
1155 291 1270 362 regis
1289 293 1443 342 multi-

160 360 328 406 formes
353 359 493 407 lusere
513 374 715 409 conatus.
740 363 834 423 Qui
854 380 1036 426 operam
1053 364 1137 410 teri
1153 359 1311 413 frustra
1331 383 1442 415 con-

158 430 405 495 templans,
433 433 569 481 fidere
591 434 805 498 flagrante
834 436 1053 494 brumali,
1083 436 1315 498 pomiferis
1334 456 1444 487 exu-

131 504 137 512 ’
158 505 235 553 stis
265 507 501 554 arboribus
523 544 537 564 ,
559 508 834 573 castellisque
866 511 1051 557 munitis
1079 512 1128 559 δι
1148 511 1317 571 castris,
1339 528 1443 578 quae

157 593 338 642 ceperat
371 579 572 642 superata
601 581 677 631 vel
704 582 913 645 prodita,
946 600 1049 630 cum
1080 584 1207 630 omni
1241 588 1442 648 pondere

158 653 459 701 multitudinis
487 654 815 719 Artogerassam
857 656 1224 720 circumseptam,
1261 661 1310 707 &
1343 661 1445 723 post

157 726 312 773 varios
341 729 633 775 certaminum
666 728 789 777 casus
820 730 981 777 lassatis
1019 731 1326 781 defensoribus
1361 752 1443 798 pa-

158 801 362 850 tefaffllm
382 801 607 850 incendit:
628 803 801 851 Arsacis
822 819 1011 851 uxorem
1031 818 1200 852 erutam
1217 806 1320 853 inde
1341 825 1444 857 cum

158 873 372 923 thesauris
405 876 600 924 abduxit.
630 877 755 936 Quas
784 876 847 922 ob
871 876 1020 924 causas
1045 877 1100 923 ad
1133 895 1204 925 eas
1234 880 1444 943 regiones

157 947 418 997 Arinthaeus'
449 967 550 997 cum
580 950 782 997 exercitu
802 948 994 996 mittitur
1021 968 1198 1006 comes,
1218 952 1442 1016 suppetias

157 1017 325 1068 laturus
355 1022 608 1077 Armeniis,
630 1023 659 1067 si
682 1039 760 1069 eos
780 1023 1002 1086 exagitare
1035 1026 1269 1086 procinfihi
1298 1030 1444 1090 gemi-

157 1109 223 1139 no
244 1095 517 1142 tentaverint
548 1094 701 1142 Persae.
729 1096 849 1142 Inter
879 1112 979 1158 quae
1010 1097 1152 1159 Sapor
1175 1099 1441 1149 immensum

159 1181 378 1231 quantum
400 1170 564 1216 astutus
584 1205 596 1224 ,
621 1170 695 1224 &,
714 1184 817 1214 cum
835 1168 915 1214 fibi
937 1168 1238 1230 conduceret,
1257 1169 1442 1221 humilis

156 1241 400 1288 antelatus
422 1278 435 1300 ,
465 1241 687 1288 societatis
719 1238 881 1286 futurae
910 1241 1054 1302 specie
1091 1244 1245 1290 Pax-am
1281 1258 1332 1291 ut
1367 1247 1444 1292 in-

159 1313 383 1361 curiosum
405 1314 470 1361 sui
497 1331 575 1375 per
596 1314 782 1358 latentes
803 1312 986 1360 nuntios
1004 1314 1292 1376 increpabat,
1315 1319 1442 1379 quod

156 1385 394 1445 majestatis
421 1387 554 1450 regiae
583 1384 838 1431 velamento
862 1385 1025 1448 Cylaci
1056 1385 1241 1434 serviret
1271 1390 1320 1436 &
1355 1393 1444 1438 Ar-

158 1458 367 1505 tabanni:
396 1474 514 1521 quos
544 1457 618 1503 ille
641 1471 839 1519 praeceps
873 1456 1189 1505 blanditiarum
1219 1459 1442 1510 illecebris

160 1531 411 1591 interfecit,
445 1531 679 1595 capitaque
711 1530 927 1578 caesorum
965 1532 1020 1578 ad
1044 1534 1285 1594 Saporem,
1314 1551 1364 1584 ut
1397 1540 1440 1587 ei

160 1604 440 1667 morigerus,
463 1604 590 1652 misit.
625 1605 718 1651 Hac
747 1604 869 1651 clade
900 1604 986 1650 late
1016 1604 1198 1664 diffusa,
1227 1607 1442 1658 Armenia

160 1677 311 1724 omnis
339 1677 514 1739 perisset
545 1677 889 1740 impropugnata
906 1714 918 1733 ‚
939 1677 985 1724 ni
1005 1679 1220 1726 Arinthaei
1241 1682 1442 1731 adventu

159 1749 302 1796 territi
322 1749 459 1796 Persae
486 1767 582 1796 eam
615 1748 837 1796 incursare
863 1750 1011 1795 denuo
1037 1750 1294 1800 distulissent
1315 1772 1325 1800 ε
1349 1755 1442 1804 hoe

117 1874 119 1876 ,
160 1821 261 1869 solo
290 1822 529 1881 contenti,
555 1822 680 1884 quod
711 1821 767 1868 ad
796 1822 1113 1884 Imperatorem
1140 1823 1294 1871 misere
1321 1827 1442 1891 lega-

159 1905 233 1942 tos
251 1930 264 1953 ,
289 1907 514 1958 petentes,
546 1894 776 1941 nationem
798 1895 983 1941 eandem
1000 1929 1014 1951 ,
1036 1905 1087 1940 ut
1114 1894 1194 1941 fibi
1215 1898 1263 1945 &
1284 1899 1438 1947 Joviae

159 1982 223 2013 no
242 1966 488 2029 placuerat,
512 1983 607 2013 non
628 1965 820 2014 defendi.
844 1966 1022 2026 Quibus
1042 1966 1305 2028 repudiatis,
1325 1971 1441 2019 Sau-

159 2054 362 2086 romaces
388 2039 557 2102 pulsus,
585 2051 633 2085 ut
657 2050 759 2085 ante
787 2039 1004 2096 diximus,
1036 2038 1230 2086 Hiberiae
1264 2059 1436 2106 regno,

159 2127 261 2157 cum
287 2111 523 2159 duodecim
557 2112 804 2176 legionibus
835 2113 886 2159 &
914 2112 1132 2159 Terentio
1164 2115 1436 2166 remittiturz

159 2183 210 2229 δι
239 2199 342 2230 eum
375 2185 493 2230 amni
520 2186 652 2249 Cyro
680 2184 765 2245 jam
792 2186 1050 2247 proximum
1075 2185 1316 2248 Aspacures
1335 2207 1438 2236 ora-

161 2254 263 2313 vit,
292 2269 341 2302 ut
364 2256 484 2304 socia
507 2257 722 2320 potestate
751 2257 1015 2304 consobrini
1043 2272 1308 2321 regnarent:
1330 2278 1437 2308 caua

161 2327 294 2385 satus,
309 2328 412 2376 ideo
430 2329 472 2376 se
490 2347 573 2379 nec
593 2332 766 2389 cedere,
781 2347 864 2378 nec
881 2331 935 2376 ad
953 2342 1096 2392 partes
1116 2332 1237 2393 posse
1251 2334 1435 2382 transire

160 2399 384 2447 Romanas
401 2433 414 2455 ‚
439 2402 562 2465 quod
592 2403 724 2450 Ultra
750 2403 840 2465 ejus
868 2402 986 2450 filius
1010 2404 1174 2451 obsidis
1194 2406 1288 2469 lege
1310 2419 1433 2453 tene⁴

159 2471 290 2520 batur
318 2473 461 2522 adhuc
495 2476 610 2538 apud
634 2475 795 2524 Persas.
827 2476 944 2536 Quae
972 2475 1218 2540 imperator
1245 2479 1398 2526 doftus
1415 2509 1431 2535 ³

1100 2551 1117 2595 l
1154 2565 1177 2594 2.
