1626 2917
1318 178 1377 229 ἐκ

169 338 640 412 ΑΜΜΙΑΝῙ
700 335 1307 411 MARCELLINI

95 506 581 599 RERUM
642 508 1383 629 GESTARUM

439 710 787 768 LIBER
854 712 1047 770 XVI.

94 990 238 1044 Juliani
263 990 414 1033 Caesaris
440 986 533 1030 laus.
557 991 593 1030 C.
618 987 647 1029 Ῑ.
671 987 846 1038 Julianus
876 989 968 1030 Caes.
996 984 1230 1031 Alamannos
1257 986 1391 1032 adone:

149 1063 234 1102 tur,
252 1053 384 1100 caedit,
411 1051 513 1102 capit
530 1053 562 1091 ἃ
586 1051 706 1102 fugat.
730 1050 777 1090 Ῑῖ.
794 1049 998 1091 Coloniam
1021 1065 1041 1090 a
1068 1051 1220 1091 Francis
1232 1063 1387 1103 captam.

91 1102 98 1109 ι
147 1116 303 1166 recipit,
331 1117 367 1154 ἃ
390 1125 523 1164 pacem
547 1113 601 1152 ibi
623 1125 714 1152 cum
742 1112 978 1153 Francorum
1007 1113 1160 1164 regibus
1187 1115 1291 1154 facit.
1315 1116 1391 1156 1112

106 1207 110 1211 -
147 1178 264 1228 Apud
283 1177 453 1217 Senonas
473 1176 664 1227 oppidum
680 1175 729 1215 ab
750 1174 971 1215 Alamannis
996 1174 1202 1214 obsidetur.
1226 1177 1294 1216 IV.
1313 1178 1391 1225 Ju-

146 1240 242 1281 liani
269 1239 422 1281 Caesaris
448 1240 620 1279 virtutes,
643 1240 687 1278 V.
712 1238 892 1287 Arbetio,
920 1239 976 1277 vir
995 1237 1202 1277 consularis
1228 1239 1392 1278 accusa*

147 1311 235 1351 tur,
259 1305 294 1343 ἃ
314 1302 535 1342 absolvitur.
566 1302 629 1341 VL
645 1300 822 1350 Julianus
846 1300 935 1340 Caes.
959 1314 980 1340 a
997 1301 1199 1352 praeposlto
1216 1298 1392 1343 cubiculi

148 1364 205 1404 sui
219 1365 401 1405 Eutherio
426 1365 528 1415 apud
545 1365 818 1414 imperatorem
843 1363 1066 1403 defenditur
1081 1363 1260 1403 adversus
1277 1361 1392 1405 Mar-

150 1426 316 1467 cellum:
337 1429 372 1467 ἅ
394 1426 476 1466 laus
492 1425 676 1467 Eutherii.
704 1422 792 1465 VII.
820 1424 1043 1465 Delationes
1067 1427 1103 1466 &
1128 1425 1330 1467 calumniae
1346 1429 1391 1468 in

149 1491 277 1530 castris
305 1490 512 1530 Constantii
542 1488 720 1541 Augusti,
751 1491 786 1529 &
810 1488 1027 1529 aulicorum
1059 1490 1258 1539 rapacitas.
1287 1493 1390 1532 VIIIs

148 1555 284 1606 Agitur
306 1555 355 1593 de
378 1566 475 1605 pace
493 1566 582 1592 cum
608 1553 735 1593 Perfis.
758 1554 830 1592 IX.
860 1552 1070 1592 Constantii
1085 1555 1127 1594 A.
1152 1554 1322 1594 militaris
1341 1565 1390 1595 a&

149 1615 258 1658 velut
279 1615 525 1666 triumphalis
544 1617 583 1654 in
606 1615 742 1654 urbem
766 1615 932 1655 Romam
955 1616 1159 1655 adventus.
1183 1619 1235 1656 X.
1265 1617 1390 1666 Julia-

150 1693 224 1720 nus
249 1678 341 1720 Caes.
365 1678 598 1719 Alamannos
622 1677 662 1716 in
686 1677 815 1716 insulis
841 1677 986 1727 Rheni,
1003 1692 1078 1729 quo
1095 1679 1132 1718 se
1150 1681 1185 1719 ἅ
1200 1679 1264 1719 sua
1285 1693 1391 1721 recen

150 1750 308 1793 perant,
332 1739 549 1792 aggreditur
560 1771 571 1789 ‚
588 1742 622 1781 δε
638 1740 731 1780 Tres
749 1740 943 1780 Tabernas
957 1742 1133 1782 adversus
1146 1755 1212 1782 eos
1224 1752 1388 1794 reparat.

127 1791 224 1843 'XL
248 1802 359 1844 Idem
376 1803 678 1843 Alamannorum
704 1816 810 1853 reges
835 1802 999 1843 Galliam
1015 1804 1241 1845 incubantes
1257 1820 1389 1857 aggred

133 1863 279 1914 ditur,
307 1867 342 1906 δι
361 1865 539 1906 barbaros
563 1866 669 1928 apud
688 1867 984 1919 Argentoratum
1006 1868 1087 1909 acie
1109 1868 1250 1910 fundit.
1265 1866 1360 1911 ΧΙΙ.

94 2056 128 2106 1.
165 1988 368 2106 ΗΒΕ
393 2069 473 2117 per
504 2051 664 2101 orbem
697 2055 958 2105 Romanum
993 2051 1191 2105 fatorum
1225 2053 1386 2106 ordine·

96 2141 323 2177 contexto
347 2126 550 2174 versante
569 2164 584 2187 ,
616 2128 764 2174 Caesar
793 2130 910 2191 apud
930 2129 1151 2177 Viennam
1173 2130 1219 2177 in
1242 2131 1390 2179 eolle-

3 2216 9 2219 “
69 2200 221 2267 ⁴giuti]
258 2200 474 2248 fastorum
499 2219 524 2248 a
560 2202 745 2249 consule
781 2204 920 2252 offies
956 2203 1157 2269 Augusto
1200 2204 1389 2263 ascitus9

99 2287 288 2338 urgente
323 2276 523 2340 genuino
549 2276 739 2340 vigore,
769 2293 1023 2341 pugnarum
1061 2278 1262 2342 fragores
1297 2293 1390 2324 cae·3

100 2348 263 2412 desque
297 2350 550 2398 barbaricas
585 2349 832 2396 somniabat
852 2386 867 2408 ‚
893 2351 1107 2415 colligere
1135 2351 1391 2415 provinciae

89 2420 344 2485 fragmenta
360 2419 448 2483 jam
471 2422 687 2486 parans‚fi
702 2421 887 2470 affi1iffet
902 2424 1011 2470 flatu
1030 2424 1208 2470 tandem
1229 2424 1391 2470 secur}-

97 2494 178 2542 do.
198 2493 321 2554 Quia
354 2496 489 2560 igitur
513 2513 581 2543 res
613 2513 786 2560 magnae
806 2532 821 2553 ‚
849 2511 957 2563 quas
988 2515 1068 2563 per
1089 2498 1260 2546 Gallias
1293 2496 1392 2557 virg

164 2573 385 2619 Ammian.
409 2573 649 2622 Marcellin·
676 2577 723 2623 V
719 2576 774 2622 ol,
794 2571 834 2623 Io
1159 2569 1190 2619 F
