1626 2917
163 207 226 272 98
375 201 721 252 AMMIANI
769 199 1243 247 MARCELLINI

165 328 235 372 te,
256 313 334 359 lux
361 311 563 375 quaedam
589 306 765 355 misceri
786 306 1023 354 videbatur
1043 306 1226 353 alterna.
1248 307 1448 368 Eumque

166 386 268 450 post
301 382 572 447 antegressos
592 379 862 442 multiplices
883 379 1024 435 alios,
1046 377 1280 441 purpureis
1300 376 1449 424 subte-

167 459 366 507 minibus
386 456 498 503 texti
520 454 850 502 circumdedere
872 453 1114 517 dracones,
1133 451 1350 499 hastarum
1370 469 1452 498 au-

167 533 254 579 reis
285 527 599 594 gemmatisque
622 525 949 573 summitatibus
970 526 1126 590 illigati
1144 558 1159 581 ‚
1179 526 1301 572 hiatu
1322 525 1451 573 vasto

167 602 420 668 perflabiles
437 637 451 659 ‚
474 604 521 649 &
541 601 646 647 ideo
667 599 792 648 velut
810 599 874 646 ira
891 600 1051 662 perciti
1071 601 1290 647 sibilantes
1307 635 1321 656 ‚
1345 616 1453 646 cau-

170 678 417 737 darumque
456 671 694 719 volumina
731 671 1036 734 relinquentes
1072 673 1119 718 in
1156 686 1357 720 ventum.
1398 675 1454 718 Et

167 748 404 796 incedebat
421 746 528 794 hinc
547 745 649 792 inde
667 745 783 792 ordo
804 745 1009 808 geminus
1032 759 1304 793 armatorum
1320 782 1334 804 ,
1352 746 1456 809 cly-

171 833 328 885 peatus
346 833 481 882 atque
511 817 730 874 cristatus,
757 817 951 865 corusco
972 818 1138 865 lumine
1159 818 1359 875 radians,
1384 818 1457 865 ni-

171 893 276 942 tidis·
302 890 457 937 loricis
488 889 695 944 indutus;
728 889 948 953 sparsique
975 890 1242 952 cataphracti
1263 889 1457 953 equites,

173 983 291 1031 quos
321 965 587 1013 clibanarios
613 964 816 1012 diffitant
846 965 1011 1022 Persae,
1031 965 1269 1012 thoracum
1295 963 1458 1011 muniti

173 1038 475 1103 tegminibus,
507 1039 557 1085 &
588 1037 736 1083 limbis
766 1037 921 1084 ferreis
956 1038 1118 1096 cinffl,
1147 1051 1196 1085 ut
1227 1036 1459 1084 Praxitelis

174 1130 311 1160 manu
343 1111 486 1175 polita
519 1110 720 1158 crederes
751 1110 1007 1167 simulacra,
1029 1126 1124 1156 non
1154 1109 1311 1156 viros:
1342 1126 1459 1173 quos

175 1185 441 1233 laminarum
462 1183 615 1231 circuli
638 1197 793 1229 tenues
812 1182 902 1245 apti
927 1182 1136 1244 corporis
1155 1182 1348 1229 flexibus
1369 1199 1460 1228 am-

171 1258 373 1315 biebant,
391 1274 470 1320 per
491 1255 643 1303 omnia
664 1255 863 1302 membra
886 1255 1090 1310 deduffi3
1114 1268 1161 1301 ut
1186 1271 1459 1318 quocunque

177 1344 300 1378 artus
338 1328 568 1375 neceffitas
602 1326 947 1385 commovisset,
980 1327 1159 1376 vestitus
1193 1340 1462 1391 congrueret

176 1404 379 1468 junctura
404 1403 683 1450 cohaerenter
705 1412 865 1464 aptata.
896 1401 1117 1464 Augustus
1145 1403 1292 1463 itaque
1313 1401 1463 1449 faustis

178 1477 377 1525 vocibus
394 1474 640 1539 appellatus
652 1510 667 1533 ,
685 1473 911 1520 montium
930 1473 1206 1536 litorumque
1226 1474 1464 1520 intonante

179 1550 356 1614 fragore
394 1547 660 1604 cohorruit,
692 1546 825 1592 talem
865 1545 906 1592 se
941 1559 1121 1610 tamque
1152 1545 1464 1604 immobilem,

179 1622 324 1687 qualis
345 1622 392 1668 in
416 1618 669 1684 provinciis
690 1618 776 1666 suis
805 1616 1054 1677 visebatur,
1077 1618 1328 1667 ostendens,
1347 1620 1465 1666 Nam

182 1698 233 1744 &
271 1711 436 1757 corpus
475 1692 725 1756 perhumile
758 1691 978 1740 curvabat
1018 1706 1170 1754 portas
1213 1691 1467 1755 ingrediens

185 1770 350 1828 celsas,
382 1772 430 1817 δε
452 1768 578 1816 velut
607 1767 733 1817 collo
767 1767 946 1814 munito
973 1767 1133 1814 restam
1161 1767 1300 1814 aciem
1327 1767 1464 1812 lumi-

184 1861 292 1891 num
324 1842 537 1902 tendens,
558 1858 642 1889 nec
671 1842 827 1887 dextra
855 1839 1052 1897 vultum,
1072 1855 1156 1886 nec
1182 1839 1296 1885 laeva
1317 1838 1464 1885 flecte·

182 1915 289 1971 bat;
314 1928 527 1978 tanquam
552 1912 815 1977 figmentum
843 1911 1069 1958 hominis:
1100 1929 1195 1958 non
1229 1928 1332 1958 cum
1365 1923 1465 1958 rota

183 2000 447 2036 concuteret
480 2000 668 2045 nutans,
704 2003 788 2034 nec
813 1984 996 2048 spuens,
1020 1998 1097 2032 aut
1123 2002 1175 2032 os
1207 1998 1282 2032 aut
1313 1984 1464 2031 nasum

186 2075 361 2125 tergens
389 2061 465 2108 vel
482 2060 672 2117 fricans,
695 2075 939 2106 manumve
957 2057 1127 2122 agitans
1153 2057 1270 2105 visus
1299 2057 1359 2103 est
1382 2075 1465 2104 un·

187 2153 337 2199 quam.
358 2136 474 2195 Quae
494 2134 598 2183 licet
614 2133 866 2189 affeCiabat‚
886 2144 1012 2179 erant
1030 2144 1177 2179 tamen
1200 2131 1296 2178 haec
1318 2133 1367 2179 δέ
1384 2131 1467 2178 alia

186 2210 395 2273 quaedam
426 2209 473 2255 in
504 2208 716 2257 citeriore
738 2207 833 2254 vita
860 2206 1082 2269 patientiae
1106 2222 1200 2253 non
1227 2205 1468 2253 mediocris

187 2280 375 2337 indicia,
409 2294 459 2327 ut
491 2277 734 2326 existimari
771 2278 986 2335 dabatur,
1021 2277 1099 2323 uni
1134 2277 1198 2323 illi
1235 2277 1468 2326 concessae.

189 2353 334 2412 Quod
352 2365 500 2398 autem
519 2368 597 2413 per
618 2366 753 2397 omne
776 2363 949 2413 tempus
970 2349 1169 2412 imperii,
1190 2366 1271 2397 nec
1291 2349 1336 2395 in
1359 2364 1468 2395 con·

190 2423 343 2471 sessum
378 2422 575 2472 vehiculi
602 2439 873 2486 quemquam
905 2420 1119 2484 suscepit,
1148 2423 1297 2469 necin
1320 2422 1468 2469 trabea

178 2496 362 2553 „socium
384 2498 612 2563 privatum
639 2496 825 2560 ascivit,
847 2510 895 2544 ut
923 2495 1067 2546 fecere
1098 2495 1324 2560 principes
1353 2511 1471 2551 con·⁴
