1626 2917
243 118 325 164 3¹2
597 102 1143 151 EXCERPTA

235 209 486 273 Hypatium
510 227 519 255 τ
543 209 773 272 cogitans,
804 226 933 271 quem
964 208 1017 254 de
1046 208 1144 270 ipsis
1163 208 1327 256 faceret
1352 209 1448 272 post
1467 210 1511 257 se

236 287 553 346 Imperatorem
572 319 584 339 ‚
607 285 793 347 quadam
814 284 883 329 die
910 282 1026 344 jussit
1057 299 1135 330 eos
1158 283 1302 331 secum
1323 284 1512 345 prande-

237 375 284 404 re
302 393 313 412 ‚
336 358 384 402 &
417 357 529 402 intra
557 356 768 419 palatium
800 355 897 417 post
923 355 1156 418 prandium
1181 355 1428 413 meridiari,
1462 358 1514 404 δε

235 429 404 492 singula
426 429 532 475 lecta
555 429 615 475 eis
635 429 781 476 sterni.
814 431 866 475 Et
892 428 936 474 in
957 445 1053 474 uno
1082 429 1196 474 lecto
1217 427 1332 487 juffit
1357 429 1412 475 ad
1436 445 1513 474 ca-

237 501 330 563 pite
357 515 541 560 regnum
574 499 712 560 poni,
741 499 789 545 &
818 500 915 560 quis
944 499 996 544 de
1018 499 1116 561 ipsis
1139 499 1185 545 in
1205 499 1364 545 eodem
1397 499 1514 546 ledo

239 569 428 631 elegisset
455 568 652 614 dormire
680 568 725 614 in
755 569 845 615 hoc
871 567 911 613 se
939 568 1097 615 debere
1127 568 1422 631 cognoscere,
1441 569 1514 616 cui

239 659 423 703 regnum
451 641 599 703 postea
619 641 822 688 traderet.
848 644 975 689 Unus
999 642 1178 704 quidem
1199 642 1246 688 in
1279 660 1371 689 uno
1398 644 1516 690 lecto

240 714 283 761 se
302 713 407 775 ja&a
417 713 482 759 vit
499 750 513 769 ,
532 713 624 760 duo
641 714 760 760 enim
786 714 830 760 in
852 714 942 760 alio
961 731 1113 762 amore
1140 714 1339 761 fraterno
1360 715 1401 761 se
1421 715 1517 762 col·

242 789 526 834 locaverunt.
561 788 614 833 Et
648 787 705 833 ita
741 787 959 851 contigit,
994 800 1041 834 ut
1068 787 1115 834 in
1149 788 1230 834 illo
1264 789 1407 847 leflo,
1439 786 1519 835 ubi

240 878 425 925 regnum
449 860 637 923 positum
658 872 773 916 erat,
793 860 943 908 nullus
962 877 1119 907 eorum
1146 861 1375 908 dormiret.
1393 862 1519 908 Dum

241 935 341 982 haec
371 933 571 989 vidisset,
592 933 733 995 coepit
761 933 957 995 cogitare
987 932 1101 979 intra
1130 933 1170 980 se
1195 936 1243 981 &
1268 934 1414 981 dicere
1430 970 1442 991 ,
1461 949 1522 980 eo

243 1005 367 1068 quod
399 1004 544 1050 nullus
571 1021 728 1050 eorum
756 1017 989 1067 regnaret:
1022 1005 1161 1066 coepit
1184 1022 1312 1051 orare
1339 1005 1488 1052 Deum
1505 1037 1523 1061 ,

244 1092 294 1125 ut
322 1078 385 1125 illi
415 1078 635 1123 revelatio
661 1076 785 1123 fieret
801 1113 813 1134 ,
832 1091 878 1123 ut
902 1077 1008 1124 scire
1025 1078 1181 1140 possit,
1202 1080 1306 1125 dum
1327 1078 1521 1125 advive-

243 1164 332 1206 ret,
351 1150 426 1213 qui
455 1150 551 1212 post
578 1150 781 1196 occasum
806 1149 900 1211 ejus
921 1167 1104 1213 regnum
1135 1151 1383 1214 susciperet.
1412 1151 1522 1197 Haec

244 1224 403 1271 eodem
432 1224 658 1285 cogitante
693 1225 740 1269 ὅ(
771 1235 927 1268 orante
959 1241 1061 1270 cum
1098 1222 1301 1286 jejunio,
1333 1224 1522 1288 quadam

247 1295 380 1341 ηοὲὶε
408 1293 520 1339 vidit
545 1293 774 1338 hominem
792 1329 806 1349 ,
826 1293 904 1356 qui
925 1293 981 1339 ita
1008 1311 1108 1341 eum
1133 1296 1364 1342 admonuit
1383 1312 1395 1340 ε
1413 1296 1526 1342 Cra·

244 1366 363 1413 stino
381 1365 457 1429 qui
478 1365 556 1411 tibi
582 1365 748 1428 primus
769 1365 882 1412 intra
903 1366 1159 1413 cubiculum
1181 1367 1406 1414 nuntiatus
1426 1367 1524 1414 fue-

245 1441 330 1497 rit,
354 1438 442 1501 ipse
475 1438 662 1500 accipiet
693 1438 790 1500 post
818 1452 858 1484 te
886 1455 1069 1502 regnum
1101 1452 1241 1485 tuum.
1273 1441 1333 1485 lta
1359 1438 1525 1486 fafium

244 1513 306 1560 est
323 1549 336 1570 ‚
357 1526 403 1558 ut
424 1511 612 1559 lustinus
626 1547 639 1567 ,
667 1512 743 1574 qui
765 1529 915 1559 comes
939 1526 1032 1558 erat
1052 1512 1364 1559 excubitorum
1381 1547 1397 1568 ‚
1418 1512 1525 1559 dum

245 1585 492 1635 advenisset
527 1585 607 1631 ubi
640 1586 830 1633 directus
859 1585 999 1632 fuerat
1031 1587 1086 1632 ab
1119 1588 1421 1648 Imperatore,
1450 1602 1526 1632 re-

246 1660 495 1707 nuntiaret:
518 1658 606 1721 ipse
636 1658 675 1705 ei
709 1659 937 1706 nuntiatus
962 1658 1020 1705 est
1050 1658 1217 1722 primus
1242 1676 1320 1721 per
1347 1675 1525 1722 praepo-

246 1733 376 1780 situm
415 1731 623 1779 cubiculi.
660 1732 864 1795 Cumque
899 1733 993 1779 haec
1032 1733 1346 1796 cognovisset,
1383 1733 1527 1795 coepit

247 1805 406 1869 gratias
443 1806 546 1852 Deo
584 1804 776 1861 referre,
812 1804 889 1867 qui
920 1803 959 1851 ei
999 1805 1202 1868 dignatus
1230 1804 1291 1851 est
1324 1805 1526 1851 revelare

246 1877 553 1925 successorem.
589 1878 794 1940 Cumque
813 1879 911 1924 haec
933 1878 1049 1939 apud
1071 1877 1113 1924 se
1131 1878 1263 1925 tacite
1281 1877 1493 1924 habuisset
1508 1911 1525 1934 ,

249 1951 446 2015 quodam
468 1950 536 1997 die
555 1952 804 2013 procedens
823 1952 1094 2014 Imperator,
1113 1952 1218 1998 dum
1236 1951 1413 1998 festinus
1431 1950 1526 1998 vel-

248 2025 309 2071 let
325 2042 348 2070 a
367 2025 500 2071 latere
517 2027 801 2088 Imperatoris
822 2025 1018 2083 transire,
1037 2026 1298 2088 obsequium
1316 2026 1527 2073 ordinare

250 2098 447 2156 vellens,
476 2098 664 2146 calcavit
697 2097 981 2162 chlamydem
1012 2100 1319 2162 Imperatoris:
1341 2099 1412 2145 cui
1441 2100 1528 2150 lm-‚

248 2187 429 2237 perator
449 2174 538 2220 hoc
566 2187 737 2221 tantum
767 2173 905 2219 dixit:
932 2174 1056 2233 Quid
1089 2173 1287 2220 festinas?
1313 2175 1424 2220 Nam
1451 2171 1527 2219 ul-

250 2247 358 2293 tima
381 2247 472 2295 vita
500 2248 621 2310 regni
654 2247 713 2291 sui
739 2259 958 2308 temptans
981 2262 1080 2292 eum
1112 2245 1341 2303 diabolus,
1365 2245 1527 2292 volens

202 2350 207 2354 ·
250 2319 406 2366 seciam
446 2319 769 2366 Eunomianam
803 2319 925 2381 sequi
955 2336 964 2364 :
1000 2335 1130 2381 quem
1159 2319 1351 2381 populus
1386 2317 1527 2364 fidelis

253 2390 478 2456 repressit,
500 2390 561 2439 ita
584 2404 633 2440 ut
658 2391 698 2443 ei
717 2391 763 2440 in
787 2391 980 2442 Ecclesia
1001 2391 1292 2441 clamaretur:
1312 2393 1362 2440 ln
1380 2389 1533 2444 Trini-
