1626 2917
144 182 202 225 24
337 163 676 211 AMMtAt-Jt
728 164 1227 210 tttARCFLLtNt

140 273 400 328 convictus,
431 272 690 318 familiarem
726 270 849 317 suum
872 289 971 318 cum
1010 273 1130 334 pileo
1157 309 1168 327 ‚
1205 289 1295 335 quo
1337 290 1415 318 ca·

141 361 222 410 put
259 347 486 408 operiebat
509 379 521 399 ,
556 345 785 388 incantato
813 343 962 388 vctiti5
996 344 1163 389 artibus
1184 380 1196 399 5
1231 345 1282 388 ad
1306 358 1419 389 tein-

140 421 261 481 plum
284 418 438 464 mitisl‘e
462 416 718 471 fatidicum,
746 416 1027 477 quaeritatum
1057 417 1276 478 expressb,
1303 434 1354 462 an
1380 418 1418 462 ei

140 491 313 537 firmum
347 490 690 552 portenderetur
727 486 964 549 imperium
990 526 1003 545 ,
1037 501 1083 534 ut
1108 489 1313 550 cupiebat
1336 524 1347 545 ,
1370 490 1420 534 δέ

139 565 361 610 cunctum.
395 561 673 622 Duplexque
701 559 853 605 iisdem
886 560 1041 606 diebus
1068 561 1286 608 acciderat
1322 577 1421 605 ma-

138 633 232 680 lum
252 669 264 690 ,
300 631 423 694 quod
453 632 502 678 «Sc
534 630 844 692 Theophilum
869 629 1090 676 insontem
1122 645 1253 677 atrox
1284 629 1424 674 inter-

143 714 320 764 ceperat
358 702 480 750 casus
500 737 514 757 ,
544 705 592 749 ὅ(
621 702 884 749 Serenianus
919 702 1079 765 dignus
1116 702 1423 748 exsecratione

144 776 410 822 cunftorum
434 810 446 831 ‚
481 773 699 819 innoxius
729 773 872 818 modo
908 791 1002 820 non
1034 775 1305 821 reclamante
1336 792 1423 836 pu-

144 847 265 894 blico
291 847 450 910 vigore
479 845 678 893 disceffit.
700 844 1008 892 Haec-subinde
1033 844 1324 890 Constantius
1345 863 1425 891 au-

142 917 269 964 diens
307 953 319 974 ‚
366 919 415 965 &
450 918 668 979 quaedam
715 917 935 964 referente
972 917 1198 963 Thalaffio
1237 918 1424 977 doctus,

77 1038 79 1040 ,
139 1007 274 1052 quem
304 989 441 1036 obisse
462 988 549 1049 jam
585 1002 868 1052 compererat
890 990 984 1052 lege
1013 988 1245 1036 communi
1269 1008 1278 1034 :
1312 989 1423 1035 scri-

139 1064 250 1110 bens
293 1063 349 1109 ad
381 1063 600 1108 Caesarem
642 1062 879 1119 blandius,
917 1061 1173 1120 adjumenta
1211 1063 1425 1123 paulatim

140 1136 209 1183 illi
244 1135 485 1192 subtraxit,
522 1135 752 1182 sollicitari
784 1136 825 1182 se
867 1136 1109 1192 simulans,
1144 1153 1197 1181 ne
1220 1172 1232 1192 ,
1263 1137 1327 1182 uti
1366 1137 1426 1184 est

141 1208 334 1255 militare
361 1207 506 1255 otium
535 1207 627 1254 fere
663 1208 988 1254 tumultuosum
1013 1243 1025 1264 ‚
1062 1208 1105 1253 in
1144 1208 1238 1267 ejus
1272 1210 1423 1271 perni-

141 1283 257 1330 ciem
294 1281 572 1341 conspiraret
598 1318 609 1338 ,
646 1281 839 1345 solisque
868 1281 1030 1328 scholis
1054 1281 1169 1341 jussit
1198 1283 1279 1329 effe
1309 1300 1426 1329 cone

140 1367 314 1402 tentum
343 1353 549 1416 palatinis
572 1354 621 1399 &
651 1354 960 1414 protectorum
980 1389 990 1408 ,
1013 1370 1114 1400 cum
1144 1353 1341 1400 scutariis
1375 1357 1424 1401 δε

142 1426 417 1489 gentilibus:
456 1427 504 1472 &
537 1427 775 1472 mandabat
801 1426 1108 1483 Domitian0‚
1145 1442 1200 1471 ex
1239 1427 1423 1474 Comite

142 1500 452 1564 Largitionum
477 1535 490 1555 ,
511 1499 725 1562 praet'efto
749 1535 762 1556 ‚
796 1513 845 1546 ut
865 1517 965 1546 cum
1000 1499 1044 1545 in
1080 1499 1257 1563 Syriam
1284 1517 1427 1546 venea

141 1574 200 1620 rit
229 1610 250 1631 ‚
276 1573 457 1619 Gallum
478 1608 490 1629 ‚
528 1589 663 1635 quem
697 1574 856 1620 crebro
887 1573 1142 1627 acciverat,
1175 1574 1229 1619 ad
1258 1574 1423 1620 Italiam

141 1663 385 1709 properare
406 1646 566 1692 blande
586 1647 842 1693 hortaretur
857 1647 904 1694 &
923 1647 1190 1692 verecunde.
1209 1647 1302 1705 Qui
1323 1665 1422 1694 cum

140 1719 329 1766 venisset
359 1720 422 1765 ob
463 1719 558 1766 liaec
587 1719 798 1766 festinatis
824 1719 1058 1766 itineribus
1094 1719 1383 1766 Antiochiam
1403 1755 1420 1776 ,

139 1791 392 1855 praestrictis
412 1791 563 1854 palatii
596 1791 760 1851 januis,
786 1804 1021 1839 contemto
1062 1792 1262 1850 Caesare,
1286 1809 1419 1855 quem

143 1866 287 1914 videri
311 1866 543 1921 decuerat,
572 1868 625 1912 ad
648 1868 907 1928 praetorium
935 1883 1034 1913 cum
1060 1882 1226 1929 pompa
1256 1866 1420 1912 solem-

145 1941 192 1988 ni
222 1941 419 2004 perrexit
440 1959 450 1987 :
480 1942 759 2004 morbosque
781 1942 857 1988 diu
889 1941 1090 1993 causatus
1111 1976 1123 1996 ‚
1148 1959 1230 1989 nec
1255 1943 1422 2006 regiam

145 2015 346 2071 introiit,
371 2030 451 2060 nec
471 2014 678 2076 proceffit
694 2014 737 2059 in
753 2013 985 2077 publicum
1004 2031 1013 2058 :
1031 2013 1101 2059 sed
1117 2014 1292 2061 abditus
1310 2015 1424 2061 mul-

146 2104 189 2134 ta
210 2088 254 2134 in
277 2086 370 2147 ejus
394 2089 665 2135 moliebatur
689 2090 876 2136 exitium
898 2125 911 2147 ‚
944 2089 1106 2135 adden5
1127 2090 1330 2151 quaedam
1353 2106 1424 2134 re-

147 2163 389 2210 lationibus
422 2163 697 2225 supervacua
720 2201 733 2220 ,
756 2180 862 2227 quas
883 2162 1066 2209 subinde
1098 2163 1350 2210 dimittebat
1371 2164 1425 2210 ad

148 2237 415 2301 principem.
456 2239 656 2302 Rogatus
695 2238 749 2282 ad
785 2237 1022 2293 ultimum,
1056 2237 1349 2299 admissusque
1379 2237 1427 2284 in

149 2302 464 2358 consistorium
486 2346 498 2365 ‚
522 2310 703 2371 ambage
726 2310 846 2355 nulla
867 2308 1095 2371 praegressa
1123 2345 1136 2366 ,
1169 2309 1425 2356 inconside-

146 2396 238 2430 rate
266 2382 495 2430 &leviter
510 2418 522 2439 ,
543 2381 828 2429 Proficiscere
847 2417 859 2438 ,
879 2381 1049 2442 inquit,
1073 2394 1121 2426 ut
1146 2397 1420 2444 praeceptum

146 2455 234 2515 est,
254 2454 425 2511 Caesar,
448 2453 603 2514 sciens,
626 2455 750 2518 quod
769 2454 800 2501 si
821 2454 1074 2513 cessaveris,
1094 2456 1142 2503 ὅ(
1161 2467 1257 2502 tuas
1279 2460 1326 2504 ὃς
1349 2471 1422 2519 pa-
