1626 2917
329 181 544 228 RERUM
577 180 918 228 GESTARUM
954 181 1058 227 ΜΒ.
1096 181 1204 229 XX.
1324 199 1416 245 247

141 283 288 332 craffae
307 285 419 331 radii
439 284 543 332 solis
567 284 698 331 infusi
736 285 882 333 lucem
914 283 1149 347 injecerint
1172 283 1383 347 liquidam
1402 304 1416 333 ς

138 374 238 421 quae
268 374 364 404 non
397 358 621 420 reperiens
649 358 820 404 exitum
847 393 860 416 ,
895 357 942 404 in
973 357 1024 404 se'
1044 351 1314 420 conglobata
1341 358 1417 405 ni-

137 428 233 476 mio
263 428 526 491 splendescit
565 430 716 477 attritu
741 448 752 477 :
776 430 823 477 &
850 430 1086 492 proximos
1113 430 1291 492 quidem
1310 431 1417 478 albo

136 500 316 563 colores
333 519 357 548 a
382 503 475 550 sole
497 504 754 551 sublimiore
774 502 970 565 decerpit
993 520 1004 549 ε
1033 502 1278 549 subvirides
1299 520 1416 550 vero

132 588 158 620 a
179 567 313 621 nubi}
330 575 616 622 similitudine
642 574 893 637 superjeEtae
914 593 924 622 :
950 587 998 621 ut
1015 574 1060 620 in
1081 575 1189 622 mari
1210 574 1320 622 solet
1335 575 1415 623 usu

123 647 292 695 ,venire
311 683 325 705 ‚
352 649 429 695 ubi
456 649 655 696 candidae
683 649 782 695 sunt
804 649 935 695 undae
957 685 972 706 ‚
995 666 1096 712 quae
1124 649 1332 697 litoribus
1357 649 1415 696 il-

135 718 363 780 liduntur,
391 721 628 768 interiores
658 721 748 767 fine
770 721 859 767 ulla
880 721 1175 768 concretione
1198 722 1414 768 caeruleae.

133 794 190 837 Et
214 794 427 855 quoniam
457 794 672 838 indicium
701 794 760 837 est
782 791 1125 852 permutationis
1158 810 1299 847 aurae,
1332 793 1414 856 (ut

134 862 369 926 diximus)
403 882 427 910 a
453 864 562 911 sudo
599 880 697 910 aere
734 863 921 909 nubium
948 864 1180 910 concitaris
1215 864 1414 926 globos,

133 945 208 978 aut
238 948 396 981 contra
422 950 476 981 ex
498 947 715 981 concreto
741 934 978 980 immutans
1011 934 1056 980 in
1084 934 1279 980 serenam
1299 935 1414 982 laeti-

134 1005 239 1050 tiam
262 1007 428 1053 coelum
449 1024 463 1060 3
491 1006 592 1052 ideo
615 1005 731 1067 apud
750 1019 904 1067 poetas
929 1006 1113 1068 legimus
1138 1007 1250 1069 saepe
1266 1043 1280 1064 ‚
1306 1009 1411 1056 Irim

133 1080 188 1125 de
204 1080 325 1126 coelo
345 1080 486 1137 mitti,
510 1097 611 1127 cum
633 1079 914 1142 praesentium
935 1097 1084 1127 rerum
1102 1083 1219 1128 'verti
1238 1081 1410 1128 necesse

132 1152 183 1198 fit
209 1151 356 1200 status.
378 1154 630 1215 Suppetunt
663 1153 760 1199 aliae
790 1152 940 1199 multae
976 1154 1217 1217 opiniones
1246 1155 1296 1203 &
1327 1172 1412 1202 va-

132 1226 209 1273 riae
224 1262 238 1284 ‚
257 1242 366 1288 quas
390 1225 666 1272 dinumerare
695 1243 816 1272 nunc
836 1225 896 1272 est
924 1226 1246 1289 supervacuum
1265 1264 1278 1283 ‚
1305 1244 1410 1275 nar-

132 1296 309 1344 ratione
328 1297 469 1344 redire
483 1333 496 1355 ‚
523 1298 641 1343 unde
660 1297 842 1360 digreffa
860 1297 921 1343 est
938 1334 950 1356 ,
972 1298 1216 1345 festinante.
1248 1299 1329 1347 His
1356 1315 1410 1348 ac

133 1369 294 1417 talibus
319 1373 566 1434 Imperator
585 1372 700 1418 inter
719 1372 837 1434 spem
869 1384 1127 1436 metumque
1144 1372 1410 1433 jactabatur,

132 1441 463 1506 ingravescente
480 1444 636 1490 hiemis
655 1443 955 1507 magnitudine
974 1479 988 1501 ,
1015 1443 1302 1506 suspectisque
1330 1463 1411 1509 per

134 1516 264 1562 avios
295 1517 455 1563 tra6‘sus
486 1517 684 1563 infidiis:
723 1516 837 1562 inter
866 1519 965 1578 quae
1005 1517 1136 1562 etiam
1164 1518 1410 1566 tumultum

132 1588 375 1652 exasperati
405 1589 556 1638 militis
585 1589 839 1636 verebatur.
873 1590 1012 1651 Super
1039 1589 1105 1635 his
1129 1590 1282 1636 urebat
1312 1590 1408 1652 ejus

133 1662 310 1709 anxiam
336 1675 528 1709 mentem
547 1699 560 1720 ,
582 1662 709 1725 quod
737 1661 863 1707 velut
893 1660 1105 1723 patefacta
1133 1661 1265 1722 janua
1289 1663 1410 1713 divi-

133 1734 188 1781 tis
209 1735 371 1782 domus
388 1771 403 1794 ,
430 1734 582 1782 irritus
603 1733 822 1798 propositi
842 1747 1157 1780 reverteretur.
1191 1737 1316 1795 Quas
1346 1736 1411 1784 ob

132 1823 200 1853 res
216 1807 391 1854 'omisso
425 1824 550 1855 vano
584 1808 767 1871 incepto
796 1844 809 1863 ‚
847 1808 1122 1856 hiematurus
1146 1810 1410 1860 Antiochiae

132 1880 248 1928 redit
269 1880 315 1927 in
340 1882 515 1946 Syriam
537 1882 831 1929 aerumnosam
846 1918 860 1942 ,
880 1883 1101 1945 perpessus
1131 1886 1180 1933 &
1205 1886 1409 1935 ulcerum

133 1953 206 2000 sed
233 1954 404 2001 atrocia
420 1990 434 2013 ,
455 1954 625 2019 diuque
645 1954 860 2003 deflenda.
898 1958 1123 2004 Evenerat
1143 1958 1261 2005 enim
1283 1960 1373 2008 hoc
1387 1997 1410 2020 ,

130 2026 255 2090 quasi
275 2025 396 2074 fatali
413 2027 752 2076 constellatione
771 2028 832 2075 ita
849 2042 1027 2092 regente
1044 2029 1247 2078 diversos
1268 2048 1410 2078 even-

131 2110 202 2144 tus
219 2134 233 2155 ,
265 2113 317 2146 ut
343 2099 484 2161 ipsum
501 2100 814 2147 Constantium
834 2100 1122 2148 dimicantem
1142 2119 1243 2149 cum
1270 2104 1409 2153 Perfis

135 2169 316 2218 fortuna
345 2171 515 2234 semper
540 2172 796 2237 sequeretur
822 2173 1027 2220 afflic‘tior
1047 2192 1058 2221 :
1081 2176 1198 2222 unde
1226 2175 1411 2224 vincere

134 2242 285 2302 saltem
313 2261 392 2307 per
415 2246 550 2292 duces
587 2246 798 2310 optabat:
831 2247 957 2310 quod
990 2247 1226 2312 aliquoties
1254 2248 1416 2302 memie

135 2318 282 2366 nimus
306 2318 553 2384 contigiffe.

453 2451 1073 2479 Ἣ

1005 2552 1129 2612 <24
