1626 2917
245 193 334 243 ηρ
467 176 798 222 misnam
837 176 1314 225 MARCELLINI

240 284 438 335 caedibus
464 283 641 346 aggredi
672 282 942 345 repentinis,
967 299 1015 330 ut
1036 284 1194 331 lateant
1216 286 1259 332 id
1281 298 1524 345 tentantes,

237 359 434 424 polliciti
469 358 510 404 se
546 358 824 420 prodituros.
855 358 1034 418 Quibus
1064 360 1283 423 religione
1321 360 1526 420 firmatis,

235 432 415 497 egressi,
437 431 716 494 biduumque
740 431 795 476 ad
822 429 1181 488 deliberandum,
1203 433 1309 494 quid
1332 435 1523 496 capesse-

237 525 286 555 re
315 507 527 564 debeant,
553 505 634 551 sibi
663 505 855 551 concedi
887 504 1064 552 clausos
1095 505 1244 567 petisse
1274 507 1522 554 asseveran-

234 596 325 639 tes,
347 581 395 627 in
420 580 625 626 desidiam
648 579 893 625 obsessores
916 580 1235 626 traduxerunt:
1256 583 1304 628 ὅ(
1325 582 1489 646 vigiliis
1508 619 1521 641 ‚

233 656 398 720 quibus
429 656 492 702 ob
520 653 799 700 securitatem
831 652 991 699 altiore
1024 653 1218 698 stertitur
1239 653 1399 701 somno
1419 692 1430 712 ‚
1453 656 1520 701 ci-

231 728 389 774 vitatis
415 727 537 773 aditu
568 725 760 771 reserato
783 723 997 786 juventus
1027 725 1202 770 exsiluit
1231 726 1371 772 velox
1393 744 1403 772 :
1427 727 1520 789 pas-

230 801 434 864 sibusque
464 799 635 847 insonis
661 798 880 861 expeditis
902 798 1196 845 mucronibus
1216 815 1396 861 repens,
1417 817 1519 846 cum

228 876 369 922 castra
400 873 512 919 nihil
545 873 841 919 metuentium
872 871 1125 918 invasissent
1147 907 1160 929 ,
1183 871 1375 932 jacentes
1405 873 1519 918 rnul-

227 960 302 994 tos
322 984 335 1005 ,
366 948 500 995 nullis
531 947 830 994 resistentibus
850 981 864 1004 ,
884 945 1177 993 trucidarunt.
1204 946 1313 992 Haec
1333 946 1519 1009 inopina

225 1021 420 1068 defeffio
442 1021 660 1084 necesque
681 1019 911 1082 insperatae
936 1018 1162 1066 Persarum
1181 1055 1193 1076 ‚
1217 1019 1333 1065 inter
1363 1036 1446 1066 nos
1468 1021 1519 1068 δε

226 1097 446 1158 Saporem
476 1094 798 1141 discordiarum
821 1092 1078 1139 excitavere
1098 1093 1245 1139 causas
1265 1093 1478 1140 immanes
1501 1113 1513 1142 :

224 1167 308 1214 illo
338 1168 470 1213 etiam
504 1167 766 1217 accedente,
792 1165 916 1228 quod
952 1165 1124 1212 Arsacis
1159 1165 1302 1211 silium
1337 1169 1514 1226 Param,

226 1239 437 1286 suadente
456 1252 613 1295 matre,
629 1255 728 1284 cum
749 1237 903 1299 paucis
919 1254 941 1282 e
959 1236 1240 1282 munimento
1262 1237 1514 1300 digressum,

225 1312 596 1374 susceptumque,
636 1310 887 1372 Imperator
921 1310 1086 1356 Valens
1125 1311 1240 1372 apud
1273 1312 1513 1358 Neocaesa-

223 1401 345 1431 ream
378 1383 544 1430 morari
578 1382 790 1445 praecepit
815 1418 827 1439 ‚
850 1382 1005 1428 urbem
1032 1382 1343 1430 Polemoniaci
1381 1385 1510 1446 ponti

223 1459 496 1506 notiffimam
513 1496 526 1518 ,
553 1458 727 1505 liberali
755 1458 877 1505 vieiu
900 1457 1148 1503 curandum
1168 1457 1218 1504 δε
1245 1457 1385 1504 cultu.
1407 1461 1511 1518 Qua

221 1533 500 1580 humanitate
536 1532 732 1597 Cylaces
767 1531 816 1578 &
855 1531 1132 1576 Artabannes
1172 1529 1303 1576 ilteffi
1325 1564 1338 1587 ‚
1375 1531 1509 1578 miliis

220 1608 481 1655 oratoribus
508 1608 563 1654 ad
580 1607 846 1665 Valentem,
871 1605 1089 1653 auxilium
1116 1606 1397 1668 eundemque
1431 1607 1508 1652 Pae

218 1696 314 1728 ram
348 1680 426 1727 sibi
459 1697 606 1744 regem
638 1680 773 1726 tribui
803 1677 1124 1743 poposcerunt.
1159 1678 1243 1724 Sed
1271 1694 1355 1740 pro
1393 1691 1507 1725 tem-

218 1769 333 1816 pore
374 1751 641 1813 adjumentis
684 1753 854 1814 negatis
874 1786 887 1808 ‚
926 1767 1003 1813 per
1035 1749 1300 1797 Terentium
1346 1750 1505 1796 ducem

216 1830 327 1874 Para
360 1827 588 1873 reducitur
617 1826 662 1871 in
687 1825 942 1871 Armeniam
963 1859 975 1879 ‚
995 1824 1192 1870 rcCturus
1218 1823 1394 1869 interim
1416 1824 1508 1871 sine

216 1900 322 1946 ullis
340 1900 587 1964 insignibus
614 1911 820 1962 gentem:
840 1898 965 1961 quod
996 1897 1171 1942 ratione
1196 1894 1307 1957 justa
1335 1895 1395 1941 est
1415 1898 1503 1943 ob-

216 1972 442 2019 servatum
465 2008 478 2030 ‚
504 1988 559 2017 ne
590 1970 713 2017 fraffi
742 1969 926 2016 foederis
946 1985 1029 2016 nos
1051 1984 1330 2032 argueremur
1352 1969 1401 2016 &
1421 1987 1500 2031 pa-

216 2048 296 2093 cis,
330 2047 434 2092 Hoc
451 2057 689 2107 comperto
707 2057 830 2089 textu
849 2042 1071 2107 gestorum
1085 2077 1097 2097 ‚
1115 2043 1257 2103 Sapor
1277 2041 1391 2087 ultra
1411 2043 1499 2089 lio—

213 2123 382 2168 minem
410 2121 636 2173 efferatus,
661 2117 854 2166 concitis
878 2116 1125 2177 majoribus
1147 2115 1290 2178 copiis
1306 2152 1318 2172 ‚
1340 2118 1494 2164 Arme-

213 2194 311 2239 nias
335 2209 481 2255 aperta
503 2192 779 2255 praedatione
805 2190 1015 2237 vastabat.
1037 2186 1177 2248 Cujus
1196 2189 1391 2235 adventu
1409 2201 1496 2235 ter-

213 2267 323 2312 ritus
355 2268 461 2311 Para
478 2303 490 2322 ‚
518 2266 764 2328 itidemque
788 2263 982 2327 Cylaces
1005 2262 1053 2308 ὅ(
1072 2261 1347 2307 Artabannes
1363 2297 1375 2318 ‚
1397 2263 1495 2307 nul-

212 2336 252 2382 la
275 2336 688 2397 circumspeslantes
714 2335 879 2381 auxilia
895 2369 910 2391 ,
932 2331 1151 2379 celsorum
1175 2331 1395 2376 montium
1417 2348 1493 2393 pe·

211 2409 356 2456 tivere
390 2409 578 2454 recessus
599 2444 612 2465 ‚
646 2407 807 2453 limites
843 2405 1020 2451 nostros
1059 2402 1407 2448 disterminantes
1442 2405 1491 2450 &

211 2484 412 2532 Lazicam
435 2500 445 2530 :
470 2482 545 2529 ubi
576 2499 654 2545 per
684 2481 892 2530 silvarum
926 2477 1150 2543 profunda
1181 2479 1228 2525 ὅ(
1265 2474 1490 2523 flexuosos
