1626 2917
232 237 454 285 RERUM
487 238 825 286 GESTARUM
860 239 962 285 ΠΒ.
997 239 1164 286 xxm.
1248 257 1334 304 355

65 343 229 408 'opibus
268 346 318 392 &
360 344 666 407 magnitudine
702 344 922 391 moenium
958 345 1209 408 conspicuae
1238 346 1339 392 sunt

66 416 271 463 Heraclia
288 451 302 474 ‚
321 415 588 470 &Arsacia,
621 417 670 463 δέ
704 419 935 478 Europos,
969 419 1017 464 &
1049 417 1304 481 Cyropolis
1321 452 1339 474 ,

63 491 115 537 &
150 490 371 536 Ecbatana
387 526 402 546 ,
424 489 503 535 sub
531 488 711 537 Jasonio
742 505 897 536 monte
918 489 962 535 in
983 490 1110 537 terris
1130 490 1221 536 fitae
1252 492 1339 553 Sy-

62 561 373 608 romedorum.
397 563 562 607 Amnes
581 561 656 607 has
676 561 880 625 regiones
902 574 1168 624 praetereunt
1185 562 1340 616 multi,

61 649 259 692 quorum
295 631 478 678 maximi
514 631 612 679 sunt
645 631 901 693 Choaspes,
940 635 988 680 &
1021 633 1245 696 Gyndes,
1288 633 1340 680 &

63 705 282 753 Amardus
301 740 314 761 ‚
345 706 394 751 &
424 703 652 750 Charinda
672 740 685 760 ‚
707 705 756 751 δε
775 703 1021 767 Cambyses
1040 739 1053 760 ‚
1083 704 1132 750 &
1155 705 1308 767 Cyrus
1325 739 1341 762 ,

63 776 138 823 cui
155 793 320 840 magno
340 778 388 823 &
408 775 610 838 specioso
639 776 789 839 Cyrus
812 775 885 821 ille
906 775 1103 838 superior
1123 793 1203 821 rex
1222 794 1341 823 ama-

64 849 192 906 bilis,
213 849 385 896 abolito
410 861 557 894 vetere
581 848 626 894 id
649 848 924 895 vocabulum
948 848 1067 894 dedit
1083 884 1096 906 ,
1118 867 1218 895 cum
1246 867 1343 896 ere-

64 935 194 986 ptum
217 923 280 970 ire
301 939 431 986 regna
459 920 667 986 Scythica
690 921 951 970 destinaret:
981 923 1105 984 quod
1134 926 1182 970 &
1211 923 1341 972 fortis

66 993 160 1052 est,
189 1008 238 1041 ut
267 994 356 1056 ipse
382 993 513 1040 etiam
543 992 764 1039 ferebatur
782 1029 795 1050 ‚
818 995 866 1041 &
897 994 991 1040 vias
1025 994 1101 1039 fibi
1124 1031 1137 1051 ‚
1165 1009 1214 1040 ut
1233 996 1305 1042 ille
1324 1031 1341 1054 ‚

64 1065 239 1128 impetu
260 1065 430 1128 ingenti
449 1065 633 1111 molitus
648 1101 661 1122 ,
681 1065 726 1111 in
745 1065 953 1127 Caspium
975 1066 1193 1112 delabitur
1209 1084 1343 1115 mare.

66 1141 150 1187 Per
178 1140 337 1186 traCtus
356 1139 626 1185 meridianos
643 1138 828 1202 expansa
843 1174 855 1195 ,
877 1137 975 1200 post
1004 1139 1097 1185 haec
1118 1138 1313 1186 confinia
1328 1175 1344 1198 ‚

65 1212 276 1259 litoribus
308 1211 514 1274 proxima
549 1210 683 1257 Persis
713 1211 935 1257 habitatur
959 1210 1168 1275 antiqua,
1191 1212 1341 1260 minu-

68 1284 126 1331 tis
160 1283 360 1347 frugibus
388 1284 510 1330 dives
541 1285 590 1331 &
620 1283 801 1346 palmite
823 1319 836 1340 ,
875 1299 1178 1347 aquarumque
1210 1286 1343 1347 copia

65 1355 386 1419 jucundiffima.
418 1356 585 1401 Amnes
603 1355 770 1418 quippe
789 1354 918 1400 multi
947 1371 1025 1416 per
1051 1372 1146 1401 eam
1171 1358 1346 1403 antedi-

68 1430 190 1476 &um
217 1428 413 1475 influunt
438 1429 606 1474 finum:
636 1444 831 1490 quorum
863 1427 1044 1473 maximi
1073 1427 1171 1474 sunt
1195 1432 1344 1476 Vatra·

70 1503 212 1550 chites
229 1538 244 1561 ,
276 1502 555 1565 Rogomanis
575 1537 588 1559 ‚
612 1503 661 1548 ὅ(
687 1501 895 1547 Brisoana
926 1536 938 1558 ,
976 1489 1108 1563 atque
1137 1502 1343 1566 Bagrada.

68 1575 253 1638 Oppida
282 1590 395 1620 vero
429 1573 748 1619 mediterranea
774 1572 873 1619 sunt
909 1573 1157 1635 ampliora:
1196 1576 1345 1622 incer-

69 1665 166 1697 tum
193 1647 312 1693 enim
332 1663 421 1708 qua
439 1645 614 1691 ratione
634 1662 712 1707 per
731 1662 832 1692 oras
851 1645 1087 1692 maritimas
1106 1646 1216 1692 nihil
1236 1666 1346 1696 con-

69 1719 278 1766 diderunt
305 1717 497 1780 insigne:
525 1717 640 1763 inter
660 1734 759 1780 quae
783 1716 1024 1779 Persepolis
1043 1717 1104 1763 est
1124 1718 1264 1776 clara,
1295 1722 1347 1770 ὃς

69 1792 219 1840 Ardea
239 1827 250 1848 ,
268 1792 317 1838 &
338 1789 553 1837 Obroatis
571 1825 584 1848 ,
613 1803 744 1853 atque
762 1790 1033 1853 Tragonice.
1058 1791 1212 1838 Insulae
1231 1810 1345 1841 vero

70 1865 280 1912 visuntur
312 1864 374 1910 ibi
405 1876 492 1911 tres
529 1876 702 1910 tantum
731 1900 745 1921 ,
783 1864 1011 1920 Tabiana,
1047 1866 1096 1911 δι
1125 1868 1230 1911 Fara
1249 1901 1263 1925 ‚
1295 1869 1347 1916 &

8 1949 10 1951 “
67 1938 354 1987 Alexandria.
382 1938 462 1984 His
490 1938 795 2000 propinquant
826 1938 973 1983 Parthi
1004 1936 1070 1983 siti
1101 1937 1177 1985 sub
1201 1940 1348 2003 Aqui·

69 2012 181 2059 lone
199 2046 213 2069 ,
232 2010 430 2058 colentes
452 2009 621 2056 nivales
639 2024 775 2055 terras
794 2010 843 2056 &
869 2009 1102 2071 pruinosas
1121 2027 1132 2056 τ
1151 2027 1347 2073 quorum

73 2083 280 2147 regiones
302 2083 518 2131 Choatres
538 2081 705 2130 fluvius
724 2081 1000 2129 interscindit
1025 2084 1181 2129 ceteris
1207 2085 1348 2131 abun-

74 2156 256 2204 dantior
276 2175 287 2203 :
315 2159 364 2204 &
395 2156 492 2202 haec
518 2156 698 2217 potiora
722 2155 902 2201 residuis
920 2154 1018 2201 sunt
1038 2156 1226 2217 oppida,
1250 2159 1347 2204 Ge·-

73 2229 214 2276 nonia
237 2264 250 2287 ,
283 2229 440 2276 Moefia
464 2237 478 2288 ‘‚
511 2230 688 2275 Charax
707 2264 720 2286 ‚
754 2227 938 2290 Apamia
956 2262 970 2285 ‚
1010 2231 1228 2274 Artacana
1248 2265 1262 2285 ,
1298 2233 1348 2279 &

73 2303 461 2366 Hecatompylos,
477 2319 501 2348 a
520 2301 643 2363 cujus
660 2300 824 2347 sinibus
845 2318 922 2363 per
942 2300 1101 2363 Caspia
1121 2300 1253 2347 litora
1272 2302 1348 2348 ad-

72 2375 214 2438 usque
242 2392 469 2437 portatum
495 2375 711 2438 angustias
731 2374 862 2421 stadia
884 2374 1171 2437 quadraginta
1195 2393 1347 2421 nume-

74 2459 230 2494 rantur
258 2449 307 2495 &
335 2447 467 2494 mille.
486 2449 582 2495 Feri
604 2448 703 2494 sunt
730 2447 822 2494 illic
843 2447 1111 2493 habitatores
1130 2464 1347 2510 pagorum

73 2519 281 2568 omnium
304 2556 322 2581 ,
354 2534 484 2586 atque
521 2537 744 2586 pugnaces
771 2538 785 2569 ι
816 2520 979 2584 eosque
1008 2520 1069 2566 ita
1107 2520 1347 2576 certamina

1012 2593 1047 2639 Z
1083 2612 1108 2641 τι
