1626 2917
227 123 286 182 3¹6
450 116 783 164 AMMIANI
820 117 1302 166 MARCELLINI

225 225 468 288 anquando
492 224 546 269 ab
567 203 870 280 Hasdrhbaie‚
895 223 1158 285 Hannibalis
1175 225 1333 284 fratre,
1357 225 1415 273 ita
1444 225 1511 274 ci·-

225 301 312 346 tius
337 299 471 345 vitam
494 295 748 358 hujusmodi
771 296 902 342 adimi
926 297 1190 344 belluarum.
1213 299 1392 359 Quibus
1416 317 1511 347 non

225 373 316 419 sine
345 387 509 434 magno
539 370 730 416 horrore
755 368 1016 431 perspectis,
1041 369 1218 432 stipatus
1243 385 1510 418 armatarum

225 446 485 493 cohortium
513 443 658 506 globis
690 460 790 489 cum
815 442 1075 505 primatibus
1095 441 1397 492 fidentiffimus
1418 448 1509 491 Im·-

224 531 430 582 perator‚
450 530 497 562 ut
522 516 748 580 flagitabat
772 515 918 578 major
941 516 1011 563 vis
1041 518 1090 564 &
1113 519 1337 576 atrocior,
1365 517 1512 565 lunari

223 590 318 637 acie
339 589 605 652 sinuatisque
632 588 840 635 lateribus
867 587 1138 636 occursuros
1167 589 1284 636 hosti
1305 591 1513 654 manipu-

221 664 295 711 los
324 662 579 710 instruebat.
616 663 671 708 Et
703 678 759 708 ne
790 661 1122 725 sagittariorum
1155 663 1391 724 procursus
1421 681 1510 710 no-

223 737 416 784 ssrorum
441 751 610 782 cuneos
631 734 898 797 disjectaret,
921 735 1054 783 illatis
1075 735 1343 783 concitatius
1361 736 1510 800 signis,

225 809 501 872 spiculorum
526 809 744 871 impetum
776 808 934 872 fregit:
955 810 1151 873 datoque
1181 810 1236 856 ad
1263 809 1510 856 decernen-

223 886 328 932 dum
350 883 608 931 solemniter
628 883 779 948 signo,
797 883 960 930 densati
989 883 1186 930 Romani
1212 883 1381 946 pedites
1401 900 1509 930 con·

222 959 356 1007 sertas
383 959 580 1005 hostium
609 958 783 1006 frontes
812 958 908 1005 nisu
930 958 1244 1019 protruserunt
1273 958 1508 1006 acerrimo,

222 1033 279 1079 Et
298 1032 502 1079 fervente
529 1032 823 1078 certaminum
854 1031 1001 1083 mole,
1024 1032 1292 1094 clypeorum
1313 1031 1510 1088 sonitus,

223 1109 275 1154 δε
307 1106 514 1153 virorum
543 1121 861 1168 armorumque
899 1105 1086 1168 lugubre
1116 1105 1385 1151 fibilantium
1417 1103 1508 1150 fra-

224 1198 339 1244 gor,
356 1180 470 1225 nihil
490 1179 742 1242 perpetiens
767 1176 853 1239 jam
875 1177 1093 1223 remiffum
1109 1212 1122 1233 ‚
1143 1193 1326 1239 campos
1348 1194 1508 1225 cruore

222 1254 273 1299 &
309 1267 555 1313 corporum
596 1250 734 1313 strage
764 1249 998 1304 contexit,
1033 1249 1207 1296 effusius
1246 1250 1507 1298 cadentibus

222 1325 391 1371 Perfis:
419 1324 584 1387 quibus
615 1323 727 1385 saepe
756 1321 1014 1386 languidis
1004 1339 1048 1367 m
1074 1321 1320 1379 conflictu,
1350 1323 1508 1371 arctius

223 1414 301 1459 pes
325 1397 435 1477 pede
465 1396 655 1444 collatus
681 1396 875 1458 graviter
902 1395 1157 1452 obsistebat,
1181 1411 1378 1458 pugnare
1407 1383 1506 1442 for-

221 1470 327 1516 riter
346 1470 519 1516 eminus
543 1468 794 1526 consuetis,
814 1469 891 1526 &‚
914 1467 946 1514 fi
966 1467 1199 1515 inclinatas
1215 1467 1394 1515 suorum
1419 1485 1505 1516 co-

221 1545 316 1607 pias
349 1541 809 1601 senserint,cedendo
844 1505 891 1588 iri
918 1541 1104 1588 modum
1137 1540 1348 1587 imbrium
1382 1557 1506 1603 pone

220 1617 373 1666 versus
401 1616 575 1663 direffis
605 1614 766 1678 sagittis
797 1615 945 1661 hostes
973 1632 996 1662 a
1024 1614 1315 1678 persequendi
1341 1614 1505 1663 fiducia

222 1692 459 1736 deterrere.
494 1688 628 1735 Pulsis
659 1688 792 1750 igitur
824 1688 1023 1750 pondere
1049 1704 1305 1751 magnarum
1339 1688 1505 1735 virium

219 1762 414 1820 Parthis,
433 1762 559 1809 miles
580 1761 682 1810 solis
704 1760 832 1808 cursu
849 1760 1058 1807 flammeo
1076 1761 1152 1807 diu
1167 1762 1361 1817 laxatus,
1377 1762 1504 1825 figno

219 1836 265 1883 in
284 1848 511 1898 receptum
535 1836 640 1882 dato
654 1871 667 1893 ,
683 1835 727 1880 in
749 1835 941 1881 tentoria
959 1835 1162 1898 repedat,
1181 1836 1234 1881 ad
1248 1836 1503 1883 audendum

220 1911 429 1972 deinceps
461 1910 630 1971 majora
661 1908 863 1955 sublatus.
893 1911 940 1954 In
960 1908 1051 1956 hoc
1080 1908 1244 1971 proelio
1267 1908 1494 1957 Persarum

219 1982 392 2046 major,
412 1996 460 2029 ut
488 1983 653 2029 dierum
675 1981 761 2038 est,
785 1982 992 2045 apparuit
1023 1980 1212 2044 strages3
1241 1981 1498 2029 nostrorum

219 2058 462 2105 admodum
484 2056 613 2103 levis.
643 2055 846 2101 Eminuit
875 2068 1020 2102 tamen
1048 2055 1164 2100 inter
1183 2054 1336 2101 varios
1359 2068 1499 2102 certa·

218 2130 390 2175 minum
421 2128 542 2175 casus
570 2127 858 2174 Vetranionis
888 2143 1010 2174 mors
1043 2126 1132 2174 viri
1159 2127 1398 2190 pugnacis,
1419 2127 1500 2193 qui

220 2202 445 2264 legionem
471 2202 748 2247 Ziannorum
769 2201 962 2264 regebat.

283 2275 334 2321 II.
370 2274 472 2320 Post
499 2291 599 2336 quae
622 2274 773 2319 triduo
795 2273 985 2320 induciis
1014 2271 1256 2329 destinato,
1285 2273 1392 2319 dum
1418 2272 1500 2321 suo

185 2356 189 2358 ’
216 2347 404 2412 quisque
424 2347 602 2392 vulneri
621 2348 822 2393 medetur
841 2346 914 2395 vel
933 2345 1154 2408 proximi,
1173 2347 1498 2392 commeatibus

215 2437 300 2468 nos
320 2419 552 2468 destitutos
574 2420 721 2467 inedia
744 2419 970 2469 cruciabat
989 2417 1075 2481 jam
1096 2434 1189 2466 non
1211 2418 1391 2466 ferenda
1412 2436 1423 2466 :
1448 2420 1499 2467 &
