1626 2917
581 144 633 194 ‘V
663 151 691 196 I
723 150 764 194 T
793 151 855 195 Α.“
1294 161 1371 195 vn

88 265 184 306 re'fn
213 253 534 305 comitantibus
562 256 695 305 sociis
726 256 886 315 venit,
912 254 957 303 in
983 258 1369 320 qiioriim311tdi-

88 323 234 370 ximus
249 356 265 380 ,
287 338 475 371 numero
502 335 598 369 erat
617 326 875 370 Ammianus
897 340 912 368 :
939 321 1091 385 ibique
1118 325 1281 369 libratis
1291 323 1371 383 su-

86 407 161 450 per
176 406 280 449 pace
307 406 398 434 cum
432 388 562 452 Persis
595 388 806 451 corfiliis,
837 391 881 434 in
906 390 1111 434 Orientem
1138 407 1228 434 cum
1262 391 1370 434 -Ma-

90 454 236 518 gisterii
259 453 450 520 potestate
479 455 698 500 remittitur
714 470 732 499 .·
758 451 972 515 simulque
993 452 1252 500 individuus
1271 452 1369 513 ejus

89 534 242 565 comes
271 521 545 565 Marcellinus
563 551 576 575 ‚
595 515 712 579 jussu
733 518 1015 580 Imperatoris
1036 517 1262 580 profeffiis
1282 518 1369 576 est,

89 581 344 629 adolescens
372 584 615 629 etiamnum
632 619 645 641 ‚
675 583 885 629 altiorum
908 582 1173 646 dignitatum
1203 583 1369 630 milita-

88 648 204 694 rium
233 647 437 694 nondum
466 662 620 710 capax.
651 650 712 694 Ita
748 648 867 694 enirn
902 648 956 694 de
980 647 1023 694 se
1049 648 1123 694 lib.
1157 650 1267 695 XVI
1296 664 1368 695 re-

87 712 175 759 fert
196 731 207 760 :
232 713 441 759 Proveft'is
471 731 491 758 e
523 715 726 774 consortio
757 715 887 777 nostro
915 716 974 759 ad
999 717 1192 775 regendos
1214 716 1368 759 milites

87 794 193 824 natu
221 779 476 834 majoribus,
500 779 771 838 adolescentes
791 797 879 823 eum
908 776 1230 841 (Urficinum)
1245 779 1366 839 sequi

79 843 297 900 jubemur,
322 846 524 903 quidquid
539 862 618 903 pro
648 845 850 902 republica
870 845 1131 888 mandaverit
1149 846 1370 904 impleturi.

88 907 174 953 Sed
206 924 305 953 cum
339 906 603 964 Ursicinus,
631 906 917 969 grassantibus
950 906 994 951 in
1030 905 1198 967 palatio
1236 908 1368 952 Con-

87 970 234 1019 stantii
254 970 558 1018 adulatoribus
577 1005 591 1028 ‚
620 984 807 1032 accepto
830 970 1077 1018 successore
1102 971 1370 1030 Sabiniano,

88 1051 114 1082 a
133 1034 301 1083 Perfica
321 1035 610 1098 expeditione
627 1037 683 1082 ad
704 1035 970 1082 comitatum
990 1035 1276 1097 Imperatoris
1295 1053 1368 1082 re-

85 1112 358 1157 vocaretur,
387 1112 519 1162 atque
547 1100 594 1147 in
621 1100 960 1147 delinimentum
991 1101 1148 1148 ablatae
1176 1101 1370 1163 provin-

86 1164 167 1212 ciae
187 1200 201 1223 ‚
233 1164 537 1227 Magisterium
568 1165 779 1228 pedestris
814 1165 985 1212 militiae
1023 1166 1064 1213 ei
1097 1166 1362 1223 offerretur3

86 1230 193 1278 dum
222 1229 278 1276 ad
304 1230 408 1291 juffa
434 1229 633 1288 festinat,
653 1232 703 1279 &
730 1233 1011 1277 Ammianum
1029 1243 1164 1293 atque
1187 1231 1366 1279 solitum

85 1294 349 1343 comitatum
377 1295 514 1341 trahit
531 1331 544 1352 ‚
580 1295 726 1343 eunffl
745 1298 962 1357 paulisper
986 1300 1043 1343 cis
1065 1300 1250 1345 Taurum
1277 1316 1367 1344 mo·

80 1364 170 1411 rati
198 1359 359 1424 (causa
379 1359 425 1405 in
446 1360 643 1407 obscuro
672 1359 764 1418 est)
793 1361 971 1407 tandem
992 1365 1052 1407 ad
1065 1378 1209 1423 partes
1231 1365 1369 1410 Italiae

86 1445 143 1472 ex
168 1428 335 1485 irnperio
351 1424 598 1491 festinantes
612 1459 625 1480 ,
646 1443 772 1485 prope
777 1426 943 1489 flumen
962 1444 1157 1474 venerunt
1182 1429 1368 1473 Hebrum

85 1489 136 1536 in
160 1489 396 1536 Thraciam
412 1523 426 1545 ‚
444 1492 577 1550 ibique
597 1489 682 1535 alia
711 1493 924 1551 Principis
943 1491 1106 1553 scripta
1137 1495 1368 1552 recipiunt,

79 1555 279 1616 jubentia
294 1589 308 1611 ,
330 1557 446 1601 omni
463 1556 701 1615 causatione
721 1556 959 1621 posthabita
972 1592 986 1613 ,
1007 1559 1146 1604 reverti
1163 1560 1208 1603 in
1227 1559 1367 1617 ,Mefh-

77 1623 342 1683 potamiam‚
363 1621 448 1680 sed
461 1620 558 1685 fine
589 1624 869 1681 Apparitione
890 1639 906 1667 :
936 1626 1098 1667 nullam
1135 1626 1367 1682 expeditio-

86 1703 178 1731 nem
194 1685 467 1746 periculosam
487 1701 728 1743 curaturos,
749 1690 866 1733 omni
875 1689 1068 1753 potestate
1093 1691 1151 1732 ad
1166 1690 1367 1733 Sabinia-

85 1768 186 1797 num
223 1754 441 1802 translata.
471 1750 563 1797 Ubi
594 1763 742 1797 tamen
779 1752 1004 1814 praeclaris
1038 1751 1160 1798 faelis
1194 1752 1368 1799 bellicis

82 1813 295 1862 inclaruit
322 1814 552 1863 Ursicinus
571 1832 671 1862 cum
697 1817 963 1864 Marcellino
985 1853 997 1874 ‚
1020 1818 1069 1864 &
1100 1817 1368 1873 comitibus3

83 1895 185 1942 quae
212 1879 290 1926 lib.
319 1880 469 1926 XVIII
498 1879 628 1927 latius
653 1880 926 1943 digeruntur.
958 1885 1006 1928 In
1041 1898 1097 1928 eo
1122 1883 1177 1930 de
1198 1882 1240 1928 se
1267 1898 1366 1945 per-

82 1944 200 2006 saepe
225 1946 383 1991 au&or
407 1944 586 2002 scribit,
608 1945 718 1992 citra
743 1947 1043 2010 arrogantiam
1063 1961 1224 1994 tamen.
1247 1951 1367 1993 Inter

85 2021 234 2056 cetera
252 2023 397 2056 autem
428 2010 721 2073 conspicuum
750 2012 837 2068 est,
858 2016 907 2060 &
935 2013 1108 2074 pietatis
1142 2012 1270 2058 laude
1292 2028 1368 2058 ce-

83 2073 208 2121 lebre
231 2074 396 2121 fastum
422 2073 519 2137 ejus
536 2110 549 2131 ,
571 2075 651 2139 qui
675 2079 879 2123 liberalem
897 2096 1070 2141 puerum
1088 2113 1101 2135 ,
1130 2095 1365 2138 torquatum

86 2137 131 2185 δ’
153 2142 399 2201 ingenuum,
425 2157 449 2186 a
479 2152 618 2186 matre
647 2140 916 2188 vastatorios
950 2142 1174 2189 Persarum
1200 2143 1366 2206 globos

86 2202 303 2266 fugitante
327 2205 374 2251 in
403 2204 552 2251 medio
585 2207 752 2268 aggeris
783 2206 1017 2263 felicium,
1053 2209 1102 2254 &
1131 2220 1238 2253 tunc
1270 2206 1367 2267 eju-

85 2269 275 2327 lantem,
293 2269 551 2331 impositum
580 2286 703 2333 equo
733 2288 824 2333 prae
851 2271 894 2318 se
914 2271 1059 2319 ferens
1094 2271 1294 2329 sustulit,
1317 2274 1367 2319 &

86 2332 135 2379 in
165 2346 265 2380 tuto
291 2334 407 2381 intra
431 2334 660 2382 civitatem
691 2336 939 2397 proximam
960 2336 1159 2392 locavit3
1181 2353 1366 2399 parum-

85 2414 174 2460 que
200 2398 338 2444 abfuit
356 2433 369 2455 ,
399 2398 510 2462 quin
539 2400 790 2461 regrediens
823 2402 877 2448 ad
912 2402 1060 2448 socios
1090 2415 1323 2464 caperetur
1348 2436 1366 2458 ‚

85 2479 201 2526 quos
230 2463 410 2512 securos
440 2464 633 2512 hostium
650 2500 667 2524 ,
697 2465 821 2530 {igno
846 2483 869 2514 e
897 2467 1151 2531 longinquo
1177 2467 1367 2513 demon-

1055 2548 1130 2595 23
