1626 2917
285 156 507 229 RERUM
540 157 878 204 GESTARUM
906 158 1011 204 LIB.
1046 156 1202 204 XXX.
1299 174 1389 222 237

107 266 154 310 -T
152 268 228 309 olle
241 298 256 321 ,
274 262 449 326 inquit,
471 267 577 323 hac,
595 265 650 311 ad
670 263 888 311 comitum
909 265 1131 327 quendam
1152 281 1295 328 prope
1314 267 1394 311 ad-

106 336 319 395 stantem,
355 356 440 384 vere
475 341 574 398 quia
613 339 893 403 Themistocles
924 339 1012 384 noti
1047 357 1088 384 es
1110 356 1127 385 .·
1155 339 1394 401 quodlibet

104 407 317 470 spernens
335 410 383 457 in
413 410 525 457 duce
544 410 834 473 magnanimo
860 411 1049 457 lucrum.
1079 411 1221 474 Hujus
1240 428 1393 457 exem-

105 482 180 545 pla
201 482 496 530 continentiae
515 483 676 530 fimilia
697 483 887 545 plurima
910 483 956 529 in
977 484 1195 531 Romanis
1221 486 1393 532 exube-

104 568 207 603 rant
242 557 459 605 ducibus:
490 557 652 621 quibus
688 557 882 616 omiffi5‚
909 558 1126 620 quoniam
1162 576 1258 606 non
1292 558 1394 606 sunt

103 629 310 693 perfeetae
334 630 514 678 virtutis
540 629 733 688 indicia,
761 629 878 694 (nec
900 631 1019 677 enim
1042 631 1185 678 aliena
1205 648 1302 678 non
1319 649 1393 678 ra·
1434 637 1439 641 ’

104 719 210 774 pere
230 703 370 750 laudis
391 703 487 767 est)
514 721 654 750 unum
679 720 734 750 ex
754 702 907 751 multis
932 703 1140 750 constans
1166 703 1393 751 innocen-

105 774 181 826 tiae
209 775 334 838 vulgi
371 774 538 823 veteris
574 774 796 838 specimen
831 792 1012 838 ponam.
1040 777 1159 822 Cum
1195 776 1394 838 proscri-

103 842 288 911 ptorum
315 842 565 911 locupletes
585 848 746 895 domus
767 848 1038 912 diripiendas
1058 850 1279 895 Romanae
1300 849 1392 911 pie-

103 920 151 967 bi
184 919 352 967 Marius
391 921 573 967 dediffet
605 921 655 968 δε
688 921 865 980 Cinna,
899 921 1028 985 vulgi
1061 921 1191 969 rudes
1226 923 1393 983 animi,

103 992 178 1039 sed
209 993 402 1041 humana
423 993 543 1039 soliti
571 992 836 1055 respechm,
862 994 1017 1041 alienis
1049 995 1280 1041 laboribus
1312 1012 1394 1057 pe-

104 1076 371 1127 percerunt:
392 1076 443 1110 ut
470 1064 616 1111 nullus
640 1081 771 1128 egens
791 1067 1058 1127 reperiretur
1086 1079 1161 1113 aut
1182 1066 1392 1125 infimus,

103 1138 182 1200 qui
217 1138 271 1183 de
305 1137 436 1184 civili
468 1137 591 1184 luftu
623 1137 814 1184 fructum
853 1141 1132 1187 contreffi‘sare
1168 1152 1393 1202 pateretur

101 1211 183 1258 fibi
210 1212 481 1259 conceffum.
513 1212 687 1260 Invidia
714 1226 876 1274 praeter
903 1213 1000 1260 haec
1027 1215 1271 1261 antediEtus
1295 1233 1393 1267 sne-2

103 1283 286 1330 dullitus
303 1284 542 1330 urebatur:
560 1285 610 1330 ὅ(
631 1282 788 1339 sciens,
812 1283 1022 1346 pleraque
1039 1284 1265 1330 vitiorum
1286 1285 1391 1331 imi-

103 1357 188 1404 tari
218 1356 360 1403 soiere
385 1352 609 1414 virtutes,
640 1357 920 1401 memorabat
949 1355 1142 1414 affidue,
1173 1356 1391 1404 severita-

105 1443 197 1476 tem
225 1430 353 1475 reftae
374 1428 600 1491 potestatis
624 1428 707 1474 effe
730 1427 1014 1474 individuam
1036 1427 1214 1476 sociam.
1237 1432 1390 1492 thue

106 1501 207 1547 sunt
239 1501 506 1565 dignitatum
540 1500 689 1563 apices
726 1500 911 1545 maximi
948 1500 1085 1546 licere
1118 1500 1199 1547 fibi
1233 1503 1392 1549 cun&a

105 1574 406 1631 ‚existimantes
419 1609 433 1631 ‚
451 1575 501 1621 ὃ(
522 1574 579 1619 ad
599 1572 937 1634 supplicandum
959 1575 1214 1622 contrarios
1232 1587 1390 1622 extur-

104 1646 367 1710 bandosque
386 1646 595 1692 meliores
612 1644 799 1708 pronius
819 1645 1050 1704 inclinati,
1069 1647 1182 1694 bene
1202 1648 1389 1696 vestitos

106 1720 291 1778 oderat,
316 1721 367 1767 &
392 1720 621 1777 eruditos,
658 1722 706 1767 δε
739 1719 1010 1780 opulentos,
1033 1721 1082 1768 &
1110 1722 1286 1769 nobiles
1307 1741 1317 1770 :
1338 1726 1389 1771 &

104 1790 300 1852 fortibus
327 1790 614 1850 detrahebat,
633 1806 682 1837 ut
712 1789 831 1838 solus
864 1791 1088 1838 videretur
1119 1793 1252 1840 bonis
1282 1794 1390 1846 artiff

104 1864 188 1918 bus
217 1864 414 1911 eminere
436 1879 449 1909 τ
471 1880 566 1926 quo
601 1863 721 1911 vitio
753 1863 951 1910 exarsisse
984 1864 1239 1928 Principem
1274 1867 1387 1930 legi-

103 1953 202 1984 mus
227 1937 519 1984 Hadrianum.
541 1937 766 1999 Arguebat
793 1937 865 1983 hic
885 1936 1001 1984 idem
1024 1938 1237 2001 Princeps
1266 1939 1391 1986 timi-

107 2010 190 2056 dos
218 2009 401 2072 saepius,
424 2009 678 2056 maculosos
702 2008 809 2055 tales
831 2008 1058 2070 appellans
1078 2010 1129 2056 δε
1155 2011 1387 2070 sordidos,

105 2085 157 2131 &
183 2084 296 2130 intra
327 2085 491 2131 sortem
521 2083 736 2130 humilem
763 2083 1064 2129 amandandos
1083 2084 1165 2148 :ad
1192 2101 1388 2146 pavores

102 2156 259 2204 irritos
285 2156 526 2221 aliquoties
559 2155 770 2216 abjeffius
797 2155 988 2217 pallens,
1027 2157 1101 2213 &,
1130 2158 1255 2219 quod
1282 2157 1385 2202 nus—

105 2249 242 2296 quam
270 2246 384 2289 erat‚
419 2231 507 2278 ima
534 2243 684 2278 mente
722 2229 983 2277 formidans.
1022 2231 1134 2290 Quo
1158 2231 1385 2278 intellecto

105 2304 308 2368 magister
339 2304 597 2351 officiorum
633 2302 888 2365 Remigius,
918 2320 1019 2351 cum
1051 2320 1153 2350 eum
1183 2321 1238 2350 ex
1269 2303 1386 2349 inci-

107 2376 315 2424 dentibus
343 2377 405 2423 ira
431 2376 611 2424 fervere
637 2375 841 2433 sentiret,
869 2374 966 2422 fieri
996 2388 1148 2422 motus
1173 2375 1387 2440 quosdam

108 2449 365 2501 barbaricos
379 2451 494 2502 inter
511 2449 595 2499 alia
617 2447 864 2497 subserebat
884 2466 895 2496 :
918 2450 1099 2515 hocque
1117 2448 1191 2497 ille
1207 2448 1359 2502 audito
1374 2484 1389 2508 ‚
