1626 2917
184 324 647 430 AMMIANI
709 359 1312 428 MARCELLINI

113 562 592 688 RERUM
641 502 1392 652 'GESTARUM

410 786 754 842 LIBER
820 786 1087 843 XXIV.

110 1108 290 1157 Julianus
312 1121 398 1146 cum
417 1107 585 1146 exercitu
607 1106 789 1157 Assyriam
816 1107 1046 1157 ingreditur,
1071 1110 1105 1147 ἃ
1134 1108 1310 1149 Anathan
1332 1118 1403 1150 ca:

173 1170 321 1211 stellum
337 1170 384 1208 ad
404 1170 635 1221 Euphratem
653 1171 694 1208 in
717 1170 835 1209 fidem
861 1171 1016 1221 recipit,
1038 1184 1080 1210 ac
1106 1173 1293 1213 incendit.
1314 1177 1349 1214 C.
1366 1177 1398 1216 I.

174 1234 383 1284 Imperator
403 1232 560 1272 castellis
588 1235 624 1272 δε
650 1234 802 1283 oppidis
827 1233 908 1272 aliis
937 1234 1158 1280 intentatis,
1189 1235 1287 1285 aliis,
1321 1250 1404 1286 quae

176 1296 319 1335 deserta
339 1306 462 1342 erant,
477 1295 636 1334 incenlis
651 1326 662 1343 ,
679 1295 924 1334 Pirisaboram
945 1296 984 1333 in
1008 1296 1248 1335 deditionem
1264 1299 1405 1349 accipit

175 1357 461 1406 succenditque.
485 1358 534 1397 II.
562 1357 732 1405 Julianus
752 1359 793 1398 A.
815 1357 864 1396 ob
889 1371 967 1396 rem
991 1348 1245 1408 benessestam
1269 1371 1407 1400 cente-

175 1432 246 1458 nos
267 1418 407 1457 viritim
431 1418 605 1456 denarios
630 1417 814 1457 militibus
837 1418 1046 1467 promittit,
1071 1421 1106 1458 δε
1128 1421 1311 1471 exiguum
1329 1423 1407 1461 do·-

177 1480 347 1521 nativum
372 1480 621 1529 dedignantes
635 1511 645 1527 ,
667 1480 835 1518 modesta
860 1480 1031 1518 oratione
1051 1481 1098 1519 ad
1122 1481 1322 1521 sanitatem
1343 1497 1409 1523 re-

178 1549 300 1581 vocat.
324 1541 385 1579 III
417 1541 615 1590 Oppidum
642 1540 931 1580 Maiozamalcha
952 1550 1210 1591 expugnatum
1226 1556 1246 1582 a
1263 1544 1410 1585 Roma-

178 1603 238 1642 nis
256 1610 366 1651 atque
387 1601 566 1640 excisum.
585 1603 651 1641 IV.
677 1601 971 1641 Munitissimum
992 1602 1059 1640 litu
1083 1605 1117 1642 S:
1143 1616 1257 1653 opere
1277 1607 1410 1646 castel-

179 1664 261 1704 lum
285 1672 506 1713 expugnant
527 1663 693 1702 Romani
713 1676 756 1701 ac
780 1664 1004 1701 incendunt.
1037 1666 1078 1702 V.
1101 1663 1292 1705 Persarum
1310 1668 1412 1713 duo-2

174 1726 252 1774 *bus
278 1725 445 1765 millibus
473 1727 508 1764 ἃ
539 1725 753 1775 quingentis
780 1724 1014 1771 interfecffis,
1036 1726 1071 1764 Se
1098 1725 1158 1764 vix
1183 1727 1295 1769 LXX
1316 1729 1410 1769 suo-

181 1801 265 1829 rurn
280 1787 441 1835 amiffis,
463 1787 633 1836 Julianus
657 1787 796 1827 multos
811 1788 964 1826 coronis
980 1800 1048 1838 pro
1070 1789 1260 1828 concione
1275 1791 1409 1834 donat.

181 1853 252 1900 Vl.
275 1851 486 1902 Imperator
508 1865 529 1890 a
553 1850 806 1902 Ctesiphontis
840 1851 1039 1890 obsidione
1063 1852 1284 1903 deterritus,
1311 1868 1411 1896 cun-

187 1916 264 1955 etas
285 1928 400 1954 naves
428 1913 511 1953 suas
529 1923 670 1952 temere
690 1914 796 1962 jubet
825 1913 947 1961 exuri,
974 1915 1007 1952 &a
1029 1926 1050 1952 a
1074 1913 1232 1954 flumine
1254 1919 1416 1959 recedit.'

189 1979 274 2018 VII.
298 1978 529 2028 Imperator,
555 1990 643 2015 cum
671 1978 750 2024 jam
776 1988 848 2014 nec
872 1984 1008 2026 pontes
1037 1976 1186 2025 facere,
1214 1992 1286 2018 nec
1314 1982 1413 2030 parti

186 2038 382 2089 copiarum
402 2038 550 2077 suarum
575 2037 697 2088 posset
721 2038 900 2089 adjungi,
926 2051 992 2088 per
1012 2037 1253 2080 Corduenam
1274 2043 1412 2082 reverti

187 2091 324 2140 statuit.
347 2101 448 2141 VIII.

137 2288 169 2334 Ι.
208 2219 417 2350 Post
449 2283 727 2346 exploratam
753 2284 1018 2334 alacritatem
1050 2287 1295 2346 exercitus,
1320 2307 1414 2338 uno

139 2359 324 2423 parique
364 2358 521 2404 ardore
558 2358 882 2421 impetrabilem
930 2360 1180 2422 Principem
1221 2362 1414 2424 superari

141 2447 236 2477 non
267 2428 418 2492 poffe,
439 2430 591 2475 Deum
621 2429 781 2478 ufitato
805 2431 1002 2478 clamore
1028 2432 1196 2492 testati,
1217 2435 1413 2482 Julianus

142 2501 322 2549 summae
355 2501 417 2547 rei
446 2499 579 2548 finem
609 2502 933 2565 imponendum
964 2507 1178 2554 maturius
1204 2507 1417 2564 credens,

204 2576 426 2622 Ammian.
455 2577 696 2626 Marcellin.
722 2580 815 2624 Vol.
837 2580 897 2626 II.
1213 2583 1254 2625 A
