1626 2917
290 115 511 162 RERUM
548 115 888 162 GESTARUM
921 115 1021 160 ΠΒ.
1056 114 1269 161 XXVIII.
1344 132 1424 178 15}

145 220 290 284 sparsa
309 237 389 284 per
410 220 579 273 multos
594 256 606 276 ,
625 218 950 266 reviviscerent
967 217 1306 281 provinciarum
1334 230 1434 264 tur-

145 295 270 350 bines
291 291 543 357 compositi.
572 294 692 340 Hinc
713 294 766 339 ad
798 292 1064 356 corrigenda
1087 291 1215 354 plura
1236 307 1431 338 conver-

144 366 216 415 sus
257 368 307 414 &
344 366 611 424 necessaria,
651 365 858 427 periculo
895 364 1073 426 penitus
1109 364 1294 422 demto,
1329 380 1431 410 cum

143 450 294 501 aperte
315 438 566 495 constaret,
589 438 711 484 nulla
739 436 839 498 ejus
867 451 1019 498 coepta
1042 435 1278 497 propitiam
1306 435 1431 481 dese·

142 512 276 571 ruisse
303 511 534 559 fortunam
552 547 566 568 ‚
597 512 865 558 instaurabat
892 512 1024 558 urbes
1056 512 1105 556 &
1136 509 1431 572 praefidiaria,

145 597 197 631 ut
217 584 411 631 diximus
431 619 444 642 ‚
467 584 634 641 castra,
666 583 917 647 limitesque
949 583 1115 645 vigiliis
1144 582 1350 628 tuebatur
1380 583 1430 629 δὲ

143 657 454 719 praetenturis:
477 669 873 719 recuperatamque
903 655 1188 718 provinciam
1210 689 1222 711 ,
1251 671 1352 716 quae
1380 653 1430 700 in

143 729 365 776 ditionem
392 729 665 776 concesserat
694 728 910 785 hostium,
933 729 994 775 ita
1019 728 1270 774 reddiderat
1300 726 1429 773 statui

143 800 335 862 pristino
353 837 368 857 ‚
400 813 450 848 ut
474 803 635 847 eodem
672 799 893 848 referente
925 805 974 853 &
1002 802 1220 848 restorem
1247 801 1429 846 haberet

143 873 423 937 legitimum,
450 877 500 923 &
532 877 741 923 Valentia
771 876 932 922 deinde
960 889 1208 924 vocaretur
1239 873 1428 920 arbitrio

142 945 366 1009 Principis
397 948 522 1002 Velut
551 949 739 1000 ovantis,
738 983 1018 996 ..........
1054 954 1257 995 Areanos
1287 962 1429 1010 genus

141 1018 378 1065 hominum
406 1036 430 1065 a
457 1020 682 1066 veteribus
705 1020 955 1066 institutum
972 1055 986 1078 ,
1007 1020 1136 1082 super
1164 1019 1326 1082 quibus
1345 1017 1430 1063 ali-

141 1107 228 1154 qua
248 1091 296 1137 in
322 1091 489 1137 affibus
515 1091 774 1139 Constantis
803 1093 1060 1150 retulimus,
1083 1092 1295 1154 paulatim
1320 1106 1429 1153 pro-

141 1162 289 1225 lapsos
316 1163 364 1209 in
394 1163 507 1211 vitia
543 1181 566 1210 a
601 1163 866 1211 stationibus
903 1164 986 1210 suis
1020 1163 1252 1211 removit:
1277 1174 1429 1225 aperte

141 1237 412 1294 ςοηνίξὶος,
446 1251 729 1301 acceptarum
766 1237 1166 1301 promissarumque
1204 1236 1429 1300 magnitu-

142 1308 246 1355 dine
274 1310 522 1371 praedarum
545 1310 752 1366 alleEtos,
781 1327 881 1372 quae
901 1310 1016 1372 apud
1048 1326 1132 1355 nos
1152 1311 1430 1373 agebantur,

80 1384 83 1392 ’
142 1383 382 1445 aliquoties
416 1382 614 1429 barbaris
652 1383 906 1445 prodidiffe.
959 1384 1006 1428 Id
1044 1382 1162 1429 enim
1202 1383 1290 1429 illis
1334 1394 1429 1429 erat

144 1456 372 1514 officium,
398 1469 448 1502 ut
468 1457 591 1503 ultro
617 1456 824 1519 citroque
844 1473 922 1518 per
944 1456 1079 1518 longa
1103 1456 1239 1518 spatia
1256 1456 1430 1503 discur-

143 1540 321 1588 rentes,
347 1529 604 1576 vicinarum
637 1529 835 1593 gentium
865 1529 1069 1591 strepitus
1103 1529 1263 1575 nostris
1299 1529 1430 1576 duci-

144 1601 228 1648 bus
265 1602 536 1650 intimarent.
573 1605 636 1650 Ita
678 1602 983 1665 spefitatiffime
1023 1602 1253 1649 antediffis
1297 1602 1431 1649 rebus

142 1675 328 1741 aliisque
355 1677 665 1724 administratis
686 1676 898 1723 similibus
912 1712 926 1733 ‚
946 1676 1002 1722 ad
1023 1676 1289 1724 comitatum
1312 1676 1430 1723 acci—

143 1756 240 1804 tus,
259 1747 641 1810 tripudiantesque
663 1747 918 1810 relinquens
949 1747 1238 1809 provincias,
1263 1761 1311 1794 ut
1340 1749 1430 1793 Fu-

143 1820 237 1865 rius
254 1819 472 1867 Camillus
492 1820 567 1867 vel
593 1819 765 1866 Cursor
787 1819 1013 1880 Papirius,
1036 1819 1239 1867 vietoriis
1260 1819 1430 1868 crebris

144 1893 196 1940 &
223 1891 483 1939 salutaribus
508 1905 601 1939 erat
620 1892 814 1956 insignis.
843 1894 896 1939 Et
926 1893 1084 1940 favore
1114 1895 1320 1941 omnium
1354 1894 1430 1940 ad-

144 1964 281 2028 usque
301 1965 464 2012 fretum
485 1966 720 2024 deductus,
741 1966 830 2012 leni
853 1981 995 2023 vento
1017 1968 1325 2030 transgressus,
1346 1983 1430 2012 ve-

145 2035 212 2083 nit
229 2035 282 2082 ad
301 2036 619 2083 commilitium
636 2037 879 2099 Principis:
896 2055 1087 2101 cumque
1105 2039 1266 2102 gaudio
1289 2038 1429 2085 susce-

145 2121 247 2171 ptus
267 2109 317 2155 &
335 2108 538 2155 laudibus
552 2144 565 2166 ‚
580 2108 626 2154 in
647 2108 799 2156 locum
815 2111 1015 2157 Valentis
1036 2111 1191 2159 lovini
1211 2110 1432 2169 successit,

147 2181 225 2244 qui
254 2197 474 2245 equorum
507 2182 660 2244 copias
683 2183 901 2229 tuebatur.

215 2254 292 2301 IV.
323 2253 422 2300 Diu
461 2255 742 2316 multumque
773 2272 797 2301 a
831 2255 1029 2319 negotiis
1064 2256 1267 2305 discursis
1298 2257 1433 2304 urba-

152 2325 250 2383 nis,
269 2326 473 2389 adigente
504 2328 689 2374 cumulo
721 2326 831 2374 foris
866 2329 1089 2391 gestorum
1113 2368 1125 2387 ‚
1151 2333 1205 2378 ad
1244 2348 1293 2377 ea
1332 2330 1431 2376 stri-

146 2398 256 2461 &im
275 2399 554 2464 exsequenda
574 2401 819 2465 regrediar,
839 2401 1020 2449 exorsus
1040 2404 1094 2449 ab
1113 2403 1302 2467 Olybrii
1317 2418 1433 2465 prae·

1052 2477 1162 2536 K4
