1626 2917
315 228 534 276 RERUM
563 224 902 273 GESTARUM
934 223 1038 269 ΠΒ.
1071 221 1238 269 XVIII,
1326 223 1416 285 169·

152 336 305 388 testate
336 350 445 384 tunc
480 335 712 392 tuebatur,
745 336 794 381 &
823 349 950 380 antea
980 332 1210 396 cognitus,
1233 329 1361 377 misso
1397 347 1424 377 a

154 412 337 461 Persicis
365 410 513 460 castris
544 409 710 458 auxilio
737 409 940 457 virorum
971 407 1249 470 pernicium,
1267 405 1426 452 lembis

148 484 385 548 ‘impositus
398 521 412 543 ‚
425 501 526 532 cum
546 483 671 530 omni
688 496 898 546 penatum
917 480 1151 527 dulcedine
1171 480 1300 527 noste
1316 495 1428 526 con-

155 557 284 604 cubia
306 556 587 614 transfretat,
608 573 653 603 re
671 554 918 608 contraria,
947 552 1091 616 specie
1117 551 1293 615 Zopyri
1309 551 1430 597 illius

155 630 309 678 similis
337 631 581 696 Babylonii
612 630 870 694 proditoris.
903 628 1051 673 Rebus
1071 643 1150 689 per
1171 625 1429 688 Mesopota-

156 703 292 750 miam
321 704 368 751 in
386 706 507 751 hunc
531 703 689 750 statum
709 702 902 749 deduffis
917 737 930 759 ‚
950 701 1146 748 Palatina
1171 701 1334 748 cohors
1354 716 1430 761 pa-

156 774 376 822 linodiam
408 776 455 822 in
490 776 672 823 exitium
708 775 955 822 concinens
987 773 1186 820 nostrum
1208 809 1220 829 ‚
1253 773 1432 820 invenit

139 851 337 919 ‚tandem
359 850 505 898 ansam
536 850 731 897 nocendi
754 848 994 896 fortissimo
1019 848 1126 893 viro
1146 884 1160 904 ‚
1187 848 1364 894 auftore
1382 848 1435 894 δε

161 919 400 970 incitatore
433 936 555 970 coetu
581 922 825 984 spadonum
846 919 955 983 :qui
984 918 1064 965 feri
1097 921 1146 966 δε
1174 919 1288 965 acidi
1322 918 1437 964 sem-

163 1012 242 1058 per
262 1032 276 1054 ,
307 996 589 1059 carentesque
621 993 1011 1040 necessitudinibus
1044 992 1227 1050 ceteris,
1259 992 1438 1040 divitias

162 1068 278 1116 solas
305 1082 354 1116 ut
378 1068 537 1116 filiolas
554 1066 886 1131 jucundissimas
906 1065 1248 1127 amplectuntur.
1281 1065 1439 1110 Stetit-

163 1159 252 1206 que
269 1141 501 1195 sententia,
520 1155 570 1188 ut
588 1140 849 1188 Sabinianus
869 1139 1014 1187 vietus
1038 1137 1217 1202 quidem
1236 1137 1368 1183 senex
1387 1137 1438 1185 δε

164 1216 278 1264 bene
299 1227 573 1273 nummatus,
595 1214 666 1261 sed
687 1213 876 1261 imbellis
900 1215 948 1261 &
969 1212 1161 1277 ignavus
1175 1247 1187 1269 ‚
1207 1213 1257 1260 &
1280 1212 1334 1258 ab
1351 1210 1441 1257 im-

164 1288 380 1350 petranda
409 1287 643 1351 magisterii
669 1286 880 1350 dignitate
912 1302 989 1348 per
1017 1284 1333 1332 obscuritatem
1360 1282 1442 1329 ada

164 1361 256 1407 huc
276 1360 410 1424 longe
427 1361 638 1408 discretus
650 1396 662 1418 ‚
677 1358 984 1422 praeficiendus
1001 1359 1107 1405 Eois
1127 1358 1323 1420 partibus
1341 1355 1441 1402 mit-

165 1444 360 1479 teretur:
389 1433 618 1480 Ursicinus
649 1448 764 1478 vero
794 1444 1024 1478 curaturus
1052 1430 1294 1491 pedestrem
1323 1428 1443 1475 mili-

167 1503 274 1550 tiam
293 1541 306 1560 ,
328 1505 379 1552 &
406 1503 674 1551 successurus
700 1502 989 1559 Barbationi,
1012 1502 1068 1548 ad
1088 1501 1351 1549 comitatum
1373 1516 1445 1546 re-

169 1588 449 1633 verteretur,
475 1592 569 1639 quo
611 1576 800 1639 praesens
835 1592 984 1622 rerum
1025 1591 1251 1624 novarum
1289 1572 1446 1620 avidus

169 1649 406 1706 concitor,
424 1661 474 1695 ut
494 1647 715 1711 ja&abant
730 1685 742 1706 ‚
765 1666 790 1696 a
817 1647 1027 1712 gravibus
1058 1646 1251 1694 inimicis
1279 1647 1328 1693 &
1347 1662 1446 1692 me-

171 1721 348 1768 tuendis
370 1721 668 1770 incesseretur.
699 1723 821 1769 Dum
847 1723 943 1769 haec
965 1721 1010 1768 in
1029 1721 1174 1769 castris
1194 1719 1449 1768 Constantii

170 1792 293 1856 quali
324 1810 401 1856 per
426 1795 558 1842 lustra
585 1807 777 1860 aguntur
808 1796 856 1842 &
883 1793 1055 1842 scenam
1073 1830 1086 1852 ‚
1116 1796 1165 1842 &
1194 1792 1449 1839 diribitores

174 1869 457 1917 venumdatae
488 1869 633 1916 subito
665 1867 892 1933 potestatis
923 1868 1114 1931 pretium
1139 1883 1219 1931 per
1247 1866 1450 1929 potiores

174 1938 463 1987 diffunditant
498 1941 692 1999 domos,
728 1940 989 1987 Antoninus
1024 1940 1078 1986 ad
1115 1939 1229 2002 regis
1264 1938 1454 1984 hiberna

174 2010 410 2076 perduEtus
442 2023 626 2057 aventer
647 2009 907 2073 suscipitur:
937 2011 987 2056 &
1019 2008 1157 2072 apicis
1194 2008 1455 2055 nobilitatus

175 2082 435 2129 austeritate
451 2081 578 2149 (quo
599 2083 779 2129 honore
796 2082 1123 2145 participantur
1143 2080 1303 2127 mensae
1328 2097 1455 2144 rega-

176 2152 240 2201 les
253 2188 266 2211 ,
287 2154 337 2200 &
357 2155 617 2201 meritorum
636 2155 753 2218 apud
772 2153 918 2201 Persas
939 2155 993 2201 ad
1021 2152 1291 2200 suadendum
1310 2152 1455 2198 feren-

181 2225 342 2289 dasque
372 2227 608 2275 sententias
634 2228 682 2275 in
718 2226 1021 2276 concionibus
1055 2243 1134 2273 ora
1165 2223 1457 2287 panduntur)

180 2314 277 2349 non
306 2300 477 2358 contis,
507 2318 590 2347 nec
622 2301 848 2358 remulco,
879 2299 965 2361 (ut
991 2298 1142 2360 ajunt)
1172 2298 1218 2344 id
1249 2297 1338 2352 est,
1359 2311 1455 2341 non

179 2370 432 2436 flexiloquis
449 2373 704 2437 ambagibus
723 2372 798 2421 vel
816 2373 1013 2420 obscuris
1026 2407 1039 2430 ,
1058 2371 1130 2418 sed
1150 2368 1456 2417 velificatione

179 2444 310 2505 plena
340 2445 386 2490 in
417 2447 733 2509 rempublicam
759 2445 1009 2493 ferebatur:
1034 2445 1313 2506 eundemque
1340 2441 1458 2487 inci-

179 2528 277 2569 tans
303 2533 475 2584 regem,
498 2533 547 2568 ut
568 2520 798 2585 quondam
823 2519 1055 2567 Maharbal
1081 2514 1359 2566 lentitudinis
1382 2513 1458 2570 in-⁴
