1626 2917
305 216 523 264 RERUM
557 216 891 264 GESTARUM
925 218 1029 265 LIB.
1063 217 1230 263 XVIII.
1322 232 1409 280 177

134 339 212 373 nes
242 339 321 386 per
346 339 396 370 ea
421 322 524 371 loca
545 322 774 370 saevientes
804 312 1085 383 immaniter,
1111 323 1314 371 consumi
1334 323 1409 373 vel

134 396 291 446 caecari
317 395 427 443 sueti
453 395 664 458 paulatim
684 396 774 442 hoc
798 396 954 443 modo.
983 397 1102 443 Inter
1137 396 1410 445 harundine-

67 493 77 496 ·⁴
134 487 179 521 ta
209 471 548 536 Mesopotamiae
585 469 823 517 fluminum
864 472 914 518 δε
946 470 1107 519 fruteta
1139 472 1293 519 leones
1325 490 1411 520 va-

134 559 296 612 gantur
322 545 577 602 innumeri,
601 543 833 591 clementia
864 542 1019 590 hiemis
1048 542 1110 589 ibi
1145 544 1411 592 molliffimae

135 618 306 682 semper
330 617 533 672 innocui.
563 617 622 662 At
653 615 730 661 ubi
761 613 865 662 solis
897 614 1031 661 radiis
1060 614 1271 663 exarserit
1294 628 1412 662 tem-

135 707 245 755 pus,
277 691 323 739 in
348 689 605 754 regionibus
632 688 735 733 aestu
765 686 973 734 ambustis
998 722 1012 746 ‚
1050 704 1221 751 vapore
1260 689 1411 736 sideris

133 766 185 813 &
204 763 507 828 magnitudine
544 761 734 808 culicum
765 759 1010 823 agitantur,
1030 776 1224 823 quorum
1245 762 1413 809 exami-

136 838 269 885 nibus
303 854 382 901 per
407 853 478 884 eas
506 848 641 882 terras
671 833 831 880 referta
862 832 960 879 sunt
997 834 1163 881 omnia.
1194 837 1249 881 Et
1291 852 1413 898 quo—

137 910 257 957 niam
306 909 469 958 oculos
506 908 626 972 quafi
665 905 845 953 humida
885 907 934 952 &
981 905 1176 953 lucentia
1213 910 1414 956 membra

136 982 301 1030 eaedem
325 993 540 1044 appetunt
558 979 767 1028 volucres
782 1015 793 1035 ,
813 977 1117 1041 palpebrarum
1137 980 1413 1031 libramentis

135 1054 363 1101 mordicus
381 1053 616 1100 insidentes
639 1087 653 1109 ‚
678 1051 811 1098 iidem
829 1051 981 1098 leones
1009 1052 1195 1100 cruciati
1219 1055 1416 1114 diutius,

136 1138 211 1174 aut
241 1125 502 1172 fluminibus
534 1122 662 1170 mersi
695 1122 968 1182 sorbentur,
1004 1125 1061 1170 ad
1092 1141 1193 1188 quae
1227 1127 1413 1174 remedii

136 1199 262 1248 causa
287 1198 588 1267 confugiunt,
622 1209 697 1245 aut
726 1196 885 1243 amiflis
913 1194 1082 1257 oculis,
1108 1216 1226 1262 quos
1247 1201 1415 1264 ungui·-

135 1274 218 1321 bus
247 1273 406 1321 crebro
432 1271 673 1319 lacerantes
707 1270 957 1329 effodiunt,
993 1271 1231 1320 immanius
1257 1276 1414 1322 effera-

135 1348 292 1396 scunt.
312 1345 436 1409 quod
469 1343 515 1390 ni
546 1342 702 1401 fieret,
722 1342 958 1389 universus
978 1344 1142 1391 Oriens
1158 1345 1413 1408 hujusmodi

136 1419 285 1469 bestiis
322 1416 581 1465 abundaret.
613 1416 738 1462 Dum
774 1415 919 1477 campi
954 1430 1208 1463 cremantur
1241 1417 1320 1482 (ut
1345 1420 1416 1466 di·-

138 1491 258 1537 &um
283 1486 383 1551 est)
415 1485 584 1533 tribuni
615 1502 716 1532 cum
750 1486 1082 1547 protestoribus
1113 1488 1224 1537 miffi
1247 1525 1262 1549 ,
1300 1492 1420 1541 cite-A

139 1563 283 1610 riores
312 1561 430 1624 ripas
454 1559 689 1624 Euphratis
720 1558 904 1608 castellis
920 1596 934 1618 ‚
958 1562 1008 1608 δε
1038 1566 1274 1624 praeacutis
1296 1566 1416 1613 sudi-

140 1639 248 1696 bus,
278 1635 496 1700 omnique
527 1632 837 1698 praefidiorum
868 1651 1028 1697 genere
1048 1640 1416 1701 communibant‚

138 1724 361 1760 tormenta
383 1748 397 1772 ‚
426 1729 513 1776 qua
543 1728 637 1758 non
664 1723 757 1758 erat
784 1712 1108 1776 voraginosum
1132 1749 1146 1772 ‚
1183 1714 1296 1762 Iocis
1326 1733 1416 1778 op·-

140 1786 347 1850 portunis
378 1797 591 1848 aptantes.
624 1786 752 1832 Dum
782 1784 880 1832 haec
912 1784 1192 1847 celerantur‚
1211 1789 1417 1836 Sabinia-

140 1875 224 1905 nus
244 1857 360 1904 inter
387 1857 599 1920 rapienda
626 1870 855 1904 momenta
879 1858 1186 1920 periculorum
1208 1878 1417 1919 commu-

141 1931 265 1979 nium
297 1930 546 1980 Iectiffimus
574 1932 834 1978 moderator
865 1931 970 1979 belli
1005 1933 1304 1995 internecivi,
1335 1953 1415 1999 per

141 2007 350 2054 Edeffena
375 2006 573 2068 sepulcra
588 2042 602 2067 ,
629 2007 747 2071 quasi
766 2005 947 2053 fundata
975 2023 1074 2054 cum
1096 2010 1287 2057 mortuis
1306 2028 1416 2074 pace

143 2079 253 2126 nihil
295 2078 542 2126 formidans
567 2115 583 2137 ,
631 2096 757 2126 more
805 2079 913 2125 vitae
956 2080 1213 2129 remiffioris
1250 2081 1416 2131 fluxius

143 2167 276 2214 agens
298 2187 312 2209 ,
344 2151 524 2198 militari
558 2151 774 2216 pyrricha
806 2151 1062 2212 sonantibus
1097 2152 1292 2203 modu‘lis
1329 2174 1416 2219 pro

146 2222 419 2271 histrionicis
449 2224 636 2288 gestibus
669 2226 713 2271 in
751 2225 925 2273 silentio
958 2227 1134 2275 summo
1172 2230 1418 2279 deleEtaba-

146 2309 244 2351 tur,
270 2295 480 2343 ominoso
508 2298 606 2343 sane
627 2296 705 2344 &
695 2310 878 2360 incepto
900 2298 981 2346 &
971 2317 1016 2346 in
1036 2300 1157 2348 loco.
1179 2303 1296 2349 Cum
1319 2303 1417 2352 haec

145 2368 195 2414 &
212 2365 464 2450 hujusmodi
489 2360 600 2414 fastu
631 2369 837 2432 di&uque
856 2369 991 2419 tristia
1011 2371 1186 2421 futuros
1204 2392 1418 2437 praenun-

146 2439 258 2485 tiant
279 2452 463 2496 antUS,
488 2454 632 2487 Vltal‘e
662 2442 881 2505 optlmUm
910 2462 1133 2510 quemque
1160 2450 1320 2495 debere
1351 2448 1417 2497 se*

149 2512 235 2560 culi
258 2515 561 2576 progreffione
577 2515 801 2563 discamus.
823 2518 994 2568 Interea
1011 2537 1133 2587 reges
1150 2524 1293 2570 Nisibi
1312 2541 1418 2588 pro·

212 2590 433 2637 Anmziafz.
452 2591 686 2636 Marcellin.
720 2595 763 2635 V
761 2596 813 2639 ol.
837 2596 872 2642 I.
1177 2598 1227 2643 M
