1626 2917
219 212 310 259 280
410 210 761 258 ΑΜΜΙΑΝΙ
797 210 1303 257 MARCELLINI

215 317 278 363 ses
312 319 359 363 ὃς
389 315 629 361 ordinariae
666 315 926 378 potestateS,
954 329 1001 362 ut
1035 318 1261 364 honorum
1290 318 1496 366 omnium

215 390 418 450 apicem,
440 388 592 450 priscae
623 390 886 435 reverentiae
916 407 1041 437 more
1075 391 1306 453 praefectos
1329 392 1498 454 semper

214 462 448 522 suspexere
473 462 704 523 praetorio,
731 463 777 507 In
805 461 1120 508 conservando
1143 463 1282 510 milite
1306 464 1497 511 nimium

216 548 403 591 cautus,
436 535 715 580 examinator
747 534 1007 580 meritorum
1036 551 1363 598 nonnunquam
1396 536 1498 582 sub-

213 606 477 669 scruposus,
496 608 709 669 palatinas
728 607 961 669 dignitates
984 607 1104 655 velut
1122 626 1176 655 ex
1199 610 1393 671 quodam
1415 609 1498 655 tri-

212 679 355 725 buens
382 679 738 741 perpendiculo:
771 681 817 727 ὅ(
848 679 928 726 sub
963 697 1019 726 eo
1052 697 1187 726 nemo
1221 681 1383 728 celsum
1416 681 1498 727 ali-

212 749 322 812 quid
350 750 525 797 aelurus
559 750 605 796 in
630 750 774 814 regia,
793 751 1055 813 repentinus
1086 751 1308 798 adhibitus
1330 751 1390 797 est
1422 750 1499 796 vel

211 819 502 884 incognitus:
522 821 593 867 sed
623 823 699 885 qui
720 822 816 884 post
836 823 1102 869 decennium
1124 823 1381 869 officiorum
1402 840 1499 868 ma-

210 893 432 955 gisterium
454 929 467 951 ,
490 894 564 940 vel
586 893 845 956 largitiones
863 929 877 952 ,
901 894 977 940 vel
1006 894 1144 940 simile
1162 895 1404 956 quidquam
1436 893 1499 939 es-

212 963 277 1009 set
308 965 533 1023 recturus,
557 966 821 1027 apertissime
856 966 1136 1014 noscebatur.
1162 967 1392 1030 Valdeque
1418 983 1499 1028 pa-

211 1054 310 1083 rum
340 1040 613 1102 contigerat,
633 1053 681 1087 ut
703 1041 963 1087 militarium
993 1042 1148 1103 aliquis
1179 1043 1232 1087 ad
1261 1042 1411 1089 civilia
1431 1057 1498 1085 re·

211 1111 354 1173 genda
372 1112 573 1158 transiret
594 1132 603 1159 ε
626 1128 872 1176 contraque
899 1130 993 1158 non
1019 1113 1096 1158 nifi
1122 1114 1307 1173 pulvere
1332 1113 1498 1158 bellico

210 1183 409 1230 indurati
442 1184 802 1246 praeficiebantur
836 1186 1024 1231 armatis.
1068 1186 1391 1231 Doctrinarum
1428 1183 1499 1228 di-

210 1255 354 1318 ligens
381 1256 611 1303 affeetazor
632 1277 642 1304 :
664 1259 734 1303 sed
758 1276 857 1305 cum
886 1276 909 1304 a
927 1258 1151 1304 rhetorica
1176 1274 1251 1319 per
1270 1256 1500 1320 ingenium

211 1328 483 1374 desereretur
516 1330 753 1375 obtunsum
773 1366 786 1387 ,
805 1330 859 1376 ad
887 1329 1228 1376 versificandum
1262 1327 1501 1390 transgres-

211 1399 281 1446 sus
296 1435 309 1458 ‚
329 1400 440 1445 nihil
461 1417 611 1462 operae
632 1401 822 1462 pretium
844 1401 968 1447 fecit.
1005 1403 1054 1447 In
1074 1401 1167 1447 vita
1195 1418 1326 1463 parca
1356 1401 1403 1446 &
1426 1398 1499 1444 so-

209 1472 305 1519 bria
322 1509 335 1531 ‚
360 1474 519 1519 edendi
548 1475 824 1537 potandique
851 1475 1165 1520 moderatione
1195 1473 1498 1519 valetudinem

210 1545 273 1592 ita
306 1546 490 1592 retinuit
513 1546 682 1593 firmam
701 1583 713 1604 ,
734 1561 780 1593 ut
797 1565 922 1594 raros
942 1547 1174 1611 colligeret
1193 1545 1378 1591 morbos
1396 1577 1408 1599 ,
1428 1543 1501 1590 sed

212 1636 293 1667 eos
322 1637 414 1667 non
454 1622 613 1683 procul
645 1641 668 1668 a
703 1622 809 1668 vitae
840 1622 1081 1685 periculis:
1104 1623 1149 1668 id
1173 1622 1293 1668 enim
1316 1620 1501 1667 evenire

213 1693 487 1754 corporibus
507 1712 529 1740 a
559 1694 737 1741 lascivia
762 1695 951 1742 demotis
977 1698 1025 1743 &
1045 1696 1174 1753 luxu,
1196 1696 1404 1741 diuturna
1426 1710 1501 1740 ex-

216 1763 467 1826 perimenta
513 1767 562 1812 &
598 1767 889 1828 probationes
932 1767 1138 1813 medendi
1181 1765 1501 1814 monstrarunt.

214 1838 386 1881 Somno
407 1850 646 1884 contentus
665 1837 848 1900 exiguo,
867 1855 967 1885 cum
985 1839 1028 1883 id
1046 1839 1246 1900 posceret
1260 1853 1435 1898 tempus
1451 1838 1502 1884 &

213 1908 360 1955 ratio:
391 1925 555 1970 perque
586 1908 724 1972 spatia
750 1911 855 1955 vitae
886 1910 1137 1973 longiffima
1169 1909 1398 1972 impendio
1424 1926 1502 1955 ca·-

215 1982 331 2038 ssus,
361 1995 408 2027 ut
437 2000 520 2029 nec
552 2000 670 2029 mare
700 1983 903 2029 ministro
926 1983 1074 2029 saltem
1099 1983 1349 2044 suspicione
1371 1995 1502 2028 tenus

216 2056 362 2119 posset
394 2057 626 2119 redargui3
649 2057 772 2119 quod
801 2057 969 2104 crimen
1005 2057 1168 2104 etiamsi
1202 2073 1294 2103 non
1324 2057 1502 2103 invenit

218 2128 468 2190 malignitas
484 2166 497 2185 ,
518 2129 644 2193 fingit
667 2131 713 2176 in
736 2130 999 2176 summarum
1020 2129 1195 2176 licentia
1218 2129 1502 2191 potestatum.

222 2201 528 2263 Equitandi&
551 2201 799 2263 jaculandi,
820 2203 1101 2264 maximeque
1131 2202 1269 2263 perite
1303 2201 1501 2264 dirigen-

219 2274 264 2319 di
299 2273 496 2336 sagittas,
518 2275 766 2337 artiumque
795 2289 1026 2321 armatura:
1052 2274 1259 2336 pedestris
1284 2290 1500 2336 perquam

220 2347 537 2394 scientiffimus.
569 2350 708 2407 Quod
732 2362 876 2394 autem
908 2364 988 2394 nec
1016 2347 1174 2392 ter1iss'e
1195 2364 1391 2408 unquam
1419 2363 1500 2391 na-

219 2436 288 2465 res
317 2420 362 2466 in
384 2419 592 2481 publico,
616 2437 698 2466 nec
729 2420 908 2482 spuiffe,
930 2437 1011 2466 nec
1041 2419 1299 2466 transtuliffe
1328 2419 1373 2465 in
1395 2435 1498 2481 par-

225 2506 311 2540 tem
335 2493 589 2541 alterutram
630 2494 804 2542 vultum
847 2493 1089 2558 aliquando
1132 2492 1255 2543 visus
1289 2492 1382 2553 est,
1413 2507 1498 2542 nec
