1626 2917
310 197 532 244 RERUM
561 195 900 242 GESTARUM
935 194 1041 241 LIB.
1075 193 1204 240 XXI.
1306 195 1396 254 265

115 303 172 352 ad
197 303 453 366 exemplum
480 303 660 350 urbium
699 302 851 349 matris
887 302 936 349 &
961 300 1194 365 populosae
1214 301 1262 349 &
1282 300 1404 348 cele-

117 378 210 426 bris
229 414 242 436 ‚
275 394 355 441 per
381 377 488 424 alias
510 393 693 440 quoque
727 375 932 423 civitates
973 367 1026 422 ut
1054 375 1168 423 fidus
1214 375 1405 422 salutare

118 449 411 512 susciperetur
429 487 442 508 ‚
464 450 588 498 edito
620 449 834 513 postridie
860 448 1006 496 curuli
1034 447 1277 497 certamine
1300 465 1405 495 cum

116 524 281 587 gaudio
319 523 461 587 plebis
479 560 493 580 ‚
516 524 594 570 ubi
613 523 690 569 lux
710 521 951 569 excanduit
979 521 1108 568 tertia
1129 557 1142 579 ,
1171 537 1407 568 morarum

117 597 378 660 impatiens,
399 597 615 661 percursis
634 596 870 661 aggeribus
891 595 1101 659 publicis,
1119 597 1306 652 Succos,
1327 606 1408 640 ned

118 671 242 718 mine
258 671 365 718 auso
385 671 580 719 resistere
598 708 610 728 ‚
631 671 844 733 praesidiis
864 670 1140 732 occupavit:
1160 669 1408 732 iisdemque

118 744 297 790 tuendis
312 745 524 791 Nevitam
542 743 761 805 praefecit,
778 756 825 788 ut
842 741 1004 788 fidum:
1028 741 1153 802 cujus
1169 741 1261 788 loci
1279 740 1410 786 fitum

118 830 176 862 ex
217 832 339 863 nunc
369 817 698 864 convenienter
729 815 978 861 ostendam.
1002 814 1237 861 Consertae
1261 813 1411 861 celso-

117 904 219 934 rum
245 888 470 934 montium
486 889 755 935 summitates
775 887 892 934 AEmi
912 889 961 933 &
984 886 1233 948 Rhodopes
1249 921 1262 938 ,
1287 901 1410 948 quo-

120 977 220 1007 rum
257 961 367 1008 alter
395 963 451 1008 ab
483 962 584 1025 ipsis
612 962 706 1008 Istri
737 961 1011 1024 marginibus
1030 995 1044 1016 ,
1082 960 1192 1007 alter
1219 959 1274 1005 ab
1303 956 1412 1005 Axii

121 1030 322 1078 fluminis
344 1031 546 1078 citeriori
568 1044 691 1093 parte
713 1030 971 1092 consurgit,
1006 1031 1050 1076 in
1081 1029 1300 1091 angustias
1336 1042 1413 1075 tu-

122 1105 302 1152 midofis
323 1106 516 1153 coll-ibus
543 1106 790 1153 desinentes
810 1141 823 1163 ‚
864 1104 1048 1168 Illyrios
1083 1102 1414 1150 interscindunt

119 1179 170 1226 &
205 1179 434 1235 Thracas,
466 1179 571 1227 hinc
604 1179 772 1226 vicinae
797 1177 1131 1225 mediterraneis
1158 1176 1298 1223 Dacis
1322 1211 1335 1234 ,
1361 1177 1416 1223 &

120 1251 312 1298 Serdica:
327 1287 340 1309 ‚
364 1251 468 1298 inde
485 1251 701 1298 Thracias
716 1251 1017 1314 despefi‘tantes
1037 1252 1086 1297 &
1110 1249 1414 1311 Philippopo-

120 1326 197 1372 lim
216 1362 232 1384 ‚
259 1325 468 1373 civitates
489 1326 656 1389 amplas
683 1328 732 1373 ὅ(
755 1325 932 1371 nobiles
952 1343 962 1370 :
984 1326 1033 1371 &
1053 1323 1300 1387 (tanquam
1322 1323 1414 1368 Na-

121 1412 249 1454 tura,
281 1398 329 1444 in
365 1398 585 1445 ditionem
616 1399 872 1443 Romanam
909 1396 1171 1458 redigendas
1203 1394 1415 1440 nationes

125 1470 399 1518 circumsitas
420 1505 435 1527 ‚
469 1467 796 1533 praenosente)
830 1469 890 1515 ita
928 1467 1130 1531 figuratae
1168 1466 1416 1525 consulto,

123 1542 242 1589 inter
275 1544 420 1589 ar&os
443 1544 583 1590 colles
610 1544 841 1606 quondam
862 1542 1032 1589 hiantes
1058 1539 1295 1588 obscurius
1314 1576 1330 1597 ‚
1359 1539 1417 1586 ad

124 1615 480 1678 magnitudinem
507 1615 882 1678 splendoremque
918 1614 1073 1677 postea
1114 1614 1246 1660 rebus
1284 1612 1414 1659 elatis

123 1687 353 1752 patefaftae
381 1688 482 1735 sunt
513 1691 562 1736 δε
588 1688 841 1751 carpentis:
865 1687 1148 1751 aditibusque
1174 1686 1415 1750 aliquoties

125 1761 306 1819 clausis,
329 1778 598 1825 magnorum
623 1763 789 1809 ducum
821 1760 1187 1825 populorumque
1210 1760 1416 1822 repulere

125 1823 330 1885 conatus.
365 1837 421 1882 Et
459 1853 560 1899 pars
579 1873 592 1894 ‚
614 1853 714 1898 quae
733 1835 968 1898 Illyricum
1001 1834 1196 1897 speElat,
1227 1834 1416 1882 mollius

125 1911 245 1958 edita
263 1947 277 1968 ‚
307 1911 435 1959 velut
462 1911 643 1957 incauta
674 1909 858 1956 subinde
883 1908 1128 1972 superatur.
1148 1911 1281 1956 Latus
1297 1925 1415 1956 vero

125 1998 151 2029 e
188 1982 374 2047 regione
406 1983 665 2045 oppositum
700 1981 906 2029 Thraciis
935 2017 949 2040 ‚
981 1998 1127 2043 prona
1161 1982 1416 2029 humilitate

126 2057 393 2118 demptum,
413 2057 610 2119 hincque
644 2057 694 2103 &
719 2055 822 2102 inde
840 2055 1026 2119 fragosis
1053 2055 1303 2103 tramitibus
1326 2055 1416 2102 im-

128 2130 328 2193 peditum
350 2166 364 2188 ‚
395 2130 577 2176 difficile
614 2128 865 2184 scanditur,
891 2127 1022 2174 etiam
1051 2127 1179 2174 nullo
1215 2139 1415 2176 vetante.

129 2203 220 2250 Sub
242 2204 326 2250 hac
346 2203 580 2249 altitudine
597 2219 804 2266 aggerum
821 2200 1064 2264 utrobique
1086 2200 1275 2264 spatiosa
1293 2219 1416 2249 cam-

129 2293 294 2339 porum
315 2277 519 2339 planities
536 2275 676 2338 jacet,
697 2275 902 2338 superior
920 2273 1114 2338 adusque
1130 2275 1264 2322 Julias
1277 2276 1417 2336 Alpes

130 2363 340 2409 extenta,
376 2350 566 2396 inferior
587 2351 647 2396 ita
680 2349 886 2411 resupina
912 2350 960 2396 &
986 2348 1131 2411 panda
1152 2384 1165 2406 ‚
1199 2360 1250 2394 ut
1279 2347 1415 2393 nullis

129 2422 353 2469 habitetur
388 2423 628 2470 obstaculis
664 2422 856 2485 adusque
888 2419 1051 2468 fretum
1083 2423 1132 2469 &
1161 2418 1415 2482 Proponti-

131 2497 247 2546 dem.
273 2496 354 2545 His
369 2533 384 2558 ,
402 2497 511 2546 utin
529 2515 576 2546 re
596 2497 674 2546 tali
695 2509 873 2561 tamque
895 2494 1102 2561 urgenti,
1119 2491 1380 2557 compositis
1394 2526 1413 2553 ,
