1626 2917
259 146 864 195 RERUMGESTARUM'
889 146 993 193 LIB.
1027 146 1243 194 XXVIII.
1318 164 1405 211 ¹59

116 254 271 320 gentis·
291 256 553 319 peregrinos
582 255 897 304 vociferantur
927 254 1035 317 pelli
1058 254 1218 301 debere
1248 253 1411 319 (quo-

115 346 213 376 rum
239 328 447 375 Jsubfidiis
476 328 646 391 semper
667 328 746 375 nisi
778 328 880 375 sunt
906 345 957 376 ac
984 326 1231 392 steterunt)
1255 330 1304 375 &
1324 341 1410 375 tae-

114 401 194 447 tris
227 401 421 448 vocibus
451 403 499 449 &
532 400 763 448 absurdis:
797 419 899 464 quae
935 401 1349 464 longefabhorrent
1384 420 1410 449 a

113 473 270 520 studiis
293 476 342 522 &
364 475 605 521 voluntate
625 475 789 521 veteris
810 474 926 520 illius
950 474 1095 536 plebis
1109 511 1123 533 ‚
1140 474 1273 536 ‘cujus
1293 476 1409 521 mul·

114 559 158 592 ta
178 545 319 595 facete
338 547 452 593 dista
469 546 688 593 memoria
707 546 910 609 loquitur
927 548 974 593 &
997 548 1198 595 venusta.
1219 548 1265 594 1d
1287 548 1408 595 enim

114 635 238 666 nunc
268 634 495 682 repertu-m
527 620 591 667 est
620 637 706 682 pro
739 619 889 666 sonitu
925 621 1104 667 laudum
1138 621 1409 684 impensiore

114 707 196 753 per
226 692 475 754 applicatos
500 693 706 740 homines
727 695 780 739 ad
802 693 1084 756 loquendum
1105 729 1118 751 ‚
1139 708 1189 741 ut
1209 696 1256 742 in
1281 696 1413 755 omni

114 762 369 826 spectaculo
389 802 403 824 ,
435 766 671 814 exodiario
693 803 706 825 ‚
738 768 987 825 venatori,
1025 768 1219 833 aurigae,
1251 771 1301 818 &
1337 771 1408 817 hi-

114 836 336 884 strionum
354 840 505 902 generi
527 839 677 898 omni,
701 841 749 888 &
769 839 991 902 judicibus
1019 840 1140 889 celsis
1164 841 1408 907 itidemque

114 910 503 971 minoribus‚lnec
529 930 624 960 non
655 913 787 960 etiarn
820 914 1038 961 matronis
1067 915 1279 962 clametur
1310 918 1407 963 afli-

115 981 202 1028 due
224 1018 237 1039 ‚
267 986 351 1031 Per
379 1001 415 1031 te
446 990 512 1032 ille
544 985 674 1048 discat
695 1004 712 1032 .·
744 985 854 1047 quid
888 999 1036 1032 autem
1074 987 1233 1034 debeat
1266 987 1407 1046 disci,

115 1072 252 1109 nemo
279 1056 438 1104 sufficit
467 1059 723 1121 explanare.
755 1060 805 1104 In
824 1058 891 1105 his
914 1059 1113 1122 plerique
1136 1060 1408 1106 distentiori-

114 1129 199 1175 bus
229 1129 383 1193 saginis
414 1133 573 1179 addicti
592 1169 606 1189 ‚
628 1143 856 1195 praeeunte
876 1132 1049 1179 nidoris
1074 1132 1282 1197 indagine
1302 1152 1407 1181 acu-

114 1202 258 1267 tisque
289 1205 484 1252 vocibus
515 1205 782 1253 feminarum
803 1241 817 1263 ,
853 1222 878 1251 a
913 1205 1148 1268 galliciniis
1184 1207 1285 1270 ipsis
1306 1243 1320 1265 ,
1360 1208 1408 1255 in

114 1276 302 1324 modum
330 1295 566 1341 pavonum
599 1278 815 1325 inanitate
851 1278 1152 1342 clangentium
1174 1315 1187 1337 ‚
1220 1281 1406 1327 humum

115 1347 298 1404 summis
335 1353 497 1414 pedum
536 1352 761 1415 unguibus
803 1351 1119 1414 contingentes
1155 1352 1264 1399 aulis
1308 1353 1409 1399 affi-

116 1421 260 1481 stunt‚
293 1425 459 1488 digitos
490 1426 825 1488 praerodentes,
856 1423 960 1470 dum
997 1425 1159 1486 patinae
1195 1424 1406 1473 deferve-

117 1494 270 1544 scunt:
284 1499 358 1545 alii
373 1499 576 1546 nauseam
595 1498 792 1545 horridae
813 1498 974 1555 carnis,
989 1499 1092 1544 dum
1117 1499 1408 1562 excoquitur,

118 1568 334 1618 intentius
356 1571 677 1634 despefiante5‚
698 1583 748 1616 ut
771 1569 1039 1617 discissarum
1061 1572 1282 1633 pecudum
1304 1589 1409 1619 exta

117 1641 272 1691 rimari
290 1661 390 1692 cum
417 1644 685 1692 anatomicis
709 1645 1031 1691 Democritum
1054 1656 1182 1706 putes
1200 1680 1213 1701 ‚
1234 1645 1408 1692 docen-

118 1726 228 1779 tem,
249 1717 413 1780 quibus
433 1717 579 1766 modis
600 1717 831 1780 posteritas
851 1716 1015 1764 mederi
1040 1717 1278 1765 doloribus
1301 1719 1408 1780 pos-

118 1787 171 1834 fit
191 1788 395 1837 internis.
425 1791 487 1838 Sit
508 1791 608 1838 satis
632 1790 813 1837 interim
839 1789 933 1836 haec
954 1789 1165 1852 digeffiss'e
1187 1790 1315 1854 super
1339 1809 1407 1839 re-

118 1861 203 1909 bus
230 1864 444 1912 urbanis:
476 1882 596 1911 nunc
633 1864 866 1910 redeamus
900 1861 953 1907 ad
979 1874 1159 1922 cetera,
1194 1881 1294 1927 quae
1327 1881 1406 1927 per

121 1935 386 1997 provincias
415 1938 642 2001 agitavere
672 1936 941 1998 multiplices
977 1936 1111 1982 casus.

188 2011 245 2056 V.
279 2013 437 2074 Erupit
459 2011 666 2075 Augustis
689 2023 755 2057 ter
783 2011 914 2055 Coss.
947 2009 1176 2055 Saxonum
1200 2007 1405 2054 multitu-

57 2143 59 2145 ·
122 2079 184 2127 do
209 2099 220 2127 ε
243 2083 292 2130 &
310 2085 485 2132 Oceani
506 2083 841 2131 difficultatibus
862 2081 1120 2144 permeatis,
1146 2081 1405 2127 Romanum

124 2152 310 2201 limitem
329 2159 466 2220 gradu
488 2159 666 2221 petebat
690 2156 866 2202 intento
885 2187 899 2209 ,
921 2154 1033 2216 saepe
1054 2153 1309 2201 nostrorum
1335 2153 1405 2199 fu-

126 2227 304 2274 neribus
334 2230 484 2292 pasta:
520 2230 644 2293 cujus
676 2227 929 2290 eruptionis
962 2227 1117 2289 primae
1155 2226 1402 2288 procellam

125 2299 375 2348 Nannenus
409 2302 611 2350 sustinuit
643 2317 796 2349 comes
815 2336 827 2357 ,
862 2299 1119 2362 regionibus
1150 2299 1301 2345 iisdem
1322 2315 1405 2360 ap·-

126 2373 320 2433 pofitus,
340 2375 432 2421 dux
460 2376 675 2422 diuturno
702 2373 924 2420 bellorum
954 2372 1109 2418 labore
1132 2383 1404 2433 compertus.

126 2443 212 2491 Sed
246 2459 354 2496 tunc
379 2447 434 2494 ad
469 2459 665 2495 mortem
705 2443 927 2497 destinatae
961 2443 1083 2508 plebi
1116 2441 1407 2507 congreffus‚
