1626 2917
317 163 537 215 RERUM
574 163 911 213 GESTARUM
945 164 1049 214 LIB.
1083 166 1206 215 X1V.
1335 174 1395 228 '43

59 302 63 307 ·
127 270 354 335 quoddam
389 270 573 318 sublime
611 270 804 319 numinis
850 271 1073 330 efficacis,
1107 271 1400 320 humanarum

129 342 346 390 mentium
379 343 601 405 opinione
646 342 791 390 lunari
830 343 1005 390 circulo
1039 342 1358 406 superpofitum
1385 379 1403 401 ‚

129 415 206 463 vel
223 450 239 474 ,
271 428 320 463 ut
344 413 561 463 definiunt
592 414 697 475 alii,
722 415 1014 463 substantialis
1044 415 1181 462 tutela
1209 414 1400 479 generali

129 488 331 552 potentia
358 489 593 553 partilibus
621 489 856 552 praefidens
883 488 982 536 fatis
1003 507 1014 536 ε
1035 505 1167 553 quam
1195 488 1400 552 theologi

130 573 302 609 veteres
329 560 543 626 fingentes
575 561 755 609 Justitiae
784 561 919 609 filiam
936 578 1023 620 ‚ex
1044 561 1189 608 abdita
1212 561 1400 625 quadam

129 633 375 682 aeternitate
407 635 588 682 tradunt
610 634 760 680 omnia
790 634 1035 698 despeEtare
1064 647 1253 682 terrena.
1289 636 1402 684 Haec

126 719 177 753 ut
203 707 357 771 regina
386 707 610 754 causarum
632 744 647 765 ,
668 710 717 756 δε
737 707 902 755 arbitra
927 724 1076 754 rerum
1105 725 1157 755 ac
1184 707 1402 771 discepta-

125 779 216 827 trix
233 814 248 836 ,
285 797 441 826 urnam
463 779 647 826 sortium
669 792 884 842 temperat
899 816 913 839 ‚
949 779 1246 827 accidentium
1277 780 1402 828 vices

125 852 378 899 alternans:
400 851 775 914 voluntatumque
810 850 1060 897 nostrarum
1087 852 1245 898 exorsa
1263 853 1403 898 inter-

128 926 234 971 dum
259 925 350 972 alio
371 961 386 982 ,
423 942 555 988 quam
590 940 685 987 quo
715 924 1050 970 contendebant
1068 961 1082 982 ‚
1103 926 1227 971 exitu
1244 924 1403 971 termi-

126 1016 238 1047 nans
272 1034 287 1057 ‚
330 998 599 1060 multiplices
639 998 760 1045 aetus
798 999 1094 1059 permutando
1139 998 1402 1045 convolvit.

125 1072 376 1135 Eademque
407 1069 667 1118 neceffitatis
691 1069 919 1116 insolubili
951 1070 1202 1118 retinaculo
1231 1082 1403 1118 morta-

125 1142 260 1189 litatis
289 1142 494 1191 vinciens
521 1141 650 1188 fastus
674 1153 894 1189 tumentes
913 1141 1152 1201 incassum,
1176 1144 1225 1189 ὅζ
1251 1142 1402 1189 incre-

125 1225 381 1261 mentorum
400 1213 859 1276 detrimentorumque
878 1225 1108 1260 momenta
1127 1212 1304 1260 versans
1320 1249 1335 1272 ,
1349 1225 1401 1261 ut

125 1287 290 1345 novit,
315 1304 435 1334 nunc
460 1285 864 1334 ereetasmentium
892 1286 1092 1333 cervices
1113 1286 1329 1349 opprimit
1350 1288 1403 1334 &

127 1373 346 1406 enervat:
376 1375 496 1405 nunc
527 1359 677 1405 bonos
702 1358 757 1404 ab
795 1356 890 1404 imo
922 1357 1162 1416 suscitans,
1197 1359 1253 1405 ad
1286 1359 1404 1406 bene

127 1431 381 1479 vivendum
400 1430 595 1478 extollit.
624 1430 787 1477 Pinnas
814 1442 960 1477 autem
985 1431 1089 1478 ideo
1110 1430 1176 1477 illi
1201 1431 1404 1478 fabulosa.

128 1504 321 1554 vetustas
352 1505 549 1567 aptavit,
576 1515 626 1550 ut
651 1503 791 1550 adeffe
819 1502 1059 1552 velocitate
1083 1503 1265 1551 volucri
1291 1520 1404 1552 cun-

127 1576 206 1624 etis
234 1575 508 1623 existimetur
534 1593 545 1621 :
578 1577 627 1622 &
651 1575 924 1638 praetendere
955 1575 1300 1639 gubernaculum
1321 1576 1402 1623 de-

128 1651 196 1697 dit
214 1686 229 1710 ,
250 1649 378 1714 eique
397 1647 590 1696 subdidit
620 1663 766 1695 rotam
786 1684 801 1708 ‚
831 1661 882 1696 ut
900 1649 1228 1698 universitatem
1248 1667 1401 1715 regere

127 1740 209 1786 per
235 1723 452 1770 elementa
471 1722 719 1771 discurrens
736 1722 888 1777 omnia
907 1739 1004 1770 non
1027 1723 1274 1787 ignoretur.
1294 1725 1402 1771 Hoc

127 1784 369 1844 immaturo
400 1794 617 1854 interitu,
641 1795 732 1859 ipse
761 1812 943 1860 quoque
971 1795 1034 1843 sui
1059 1796 1267 1859 pertaesus
1283 1831 1297 1854 ,
1315 1813 1400 1843 ex-

125 1872 251 1921 ceffit
277 1888 300 1919 e
318 1871 413 1919 vita
429 1871 567 1919 aetatis
584 1887 704 1918 anno
722 1886 848 1917 nono
871 1882 1004 1935 atque
1024 1870 1244 1935 vigesimo
1259 1908 1275 1929 ,
1296 1888 1399 1919 cum

125 1943 422 2008 quadriennio
441 1943 688 2008 imperasset
713 1961 724 1990 :
743 1954 870 1992 natus
883 1944 1000 2007 apud
1020 1943 1194 1992 Tuscos
1212 1943 1259 1989 in
1277 1943 1400 1990 Mas-

127 2016 174 2064 sa
207 2016 491 2074 Veternensi,
519 2028 643 2080 patre
663 2015 932 2063 Constantio
953 2052 968 2074 ‚
993 2016 1279 2063 Constantini
1310 2015 1402 2062 fra-

126 2104 195 2138 tre
225 2091 509 2154 Imperatoris
528 2127 544 2150 ,
575 2102 801 2154 matreque
825 2091 957 2138 Galla
987 2090 1142 2138 sorore
1175 2089 1328 2137 Rufini
1348 2091 1400 2137 δε

129 2163 346 2221 Cerealis,
369 2180 485 2228 quos
511 2164 677 2211 trabeae
707 2163 960 2211 consulares
992 2163 1290 2210 nobilitarunt
1306 2199 1320 2222 ‚
1347 2164 1401 2210 &

127 2235 414 2299 praefeElurae.
446 2236 549 2285 Fuit
585 2249 728 2283 autem
758 2235 904 2283 forma
940 2235 1208 2298 conspicuus
1239 2237 1360 2283 bona
1383 2271 1398 2294 ‚

128 2309 313 2357 decente
333 2308 411 2356 filo
434 2309 667 2372 corporis,
699 2309 1094 2373 membrorumque
1126 2310 1242 2356 re&a
1268 2325 1399 2356 com-

128 2397 241 2445 page
261 2417 275 2440 ‚
305 2380 430 2429 flavo
470 2382 635 2445 capillo
668 2382 717 2430 ὅ(
750 2382 914 2442 molli,
945 2382 1078 2429 barba
1106 2382 1211 2430 licet
1244 2397 1398 2428 recens

127 2468 378 2520 emergente
395 2456 600 2522 lanugine
629 2471 805 2519 tenera,
824 2459 883 2507 ita
902 2472 1080 2519 tamen,
1101 2470 1151 2505 ut
1178 2455 1394 2505 maturius
