1626 2917
252 150 347 201 '228
465 147 798 197 AMMIANI
846 150 1327 198 MARCELLINI

251 257 361 305 ess'et
387 256 513 304 verbi
535 255 675 319 gratia
694 255 874 302 honore
896 269 997 303 ante
1017 255 1118 323 suos
1138 257 1358 304 excellens
1379 258 1428 304 &
1459 264 1544 304 no}-

251 333 399 390 mine,
421 332 493 377 vel
513 332 587 377 ille
607 330 734 377 dives
751 367 765 389 ‚
784 344 859 378 aut
876 332 985 378 alius
1008 332 1178 379 ordinis
1195 333 1379 395 primus.
1398 335 1540 379 Cum-

249 422 338 468 que
377 403 564 451 disceret
598 403 753 466 perisse
783 404 980 468 aiiquem
1012 404 1200 466 laqueo,
1236 405 1366 451 abiffe
1402 405 1538 469 alium

248 490 371 524 trans
406 493 562 535 mare,
603 476 870 525 conscivisse
915 477 995 522 fibi
1031 478 1166 523 alium
1207 493 1428 536 mortem,
1463 490 1540 524 aut

246 550 438 613 plumbo
464 549 559 596 vita
587 563 738 610 erepta
774 548 1067 596 exstinctum:
1095 550 1140 595 in
1172 549 1433 596 immensum
1457 567 1538 595 ex·

247 623 462 679 canduit,
482 635 641 669 urente
667 622 832 668 irarum
854 623 1127 670 nutrimenta
1150 635 1260 671 tunc
1280 623 1537 671 officiorum

246 695 460 758 magistro
481 698 635 742 Leone
650 731 664 752 ,
693 711 779 758 pro
801 694 948 741 nefas!
972 695 1067 758 ipso
1090 709 1276 759 quoque
1302 694 1537 757 praefectuss

245 784 340 814 ram
355 803 368 825 ,
383 779 433 814 ut
453 785 476 814 e
495 766 678 814 celsiore
701 767 891 829 scopulo
914 768 1113 826 caderet,
1132 767 1383 814 affeEtante:
1401 784 1536 831 quam

243 840 274 886 fi
303 840 489 902 adeptus
517 840 694 885 rexiffet
709 875 722 897 ‚
744 857 834 900 prae
864 839 930 885 his
945 876 957 897 ‚
991 857 1091 904 quae
1113 851 1206 886 erat
1226 838 1410 886 ausurus
1425 875 1439 897 ‚
1458 839 1537 885 ad-

244 913 516 960 ministratio
536 913 673 959 Probi
694 913 919 960 ferebatur
939 914 987 959 in
1008 913 1191 961 coelum.
1219 914 1367 976 Agens
1387 912 1536 975 itaque

243 986 365 1048 apud
402 987 687 1033 Carnuntum
725 989 1001 1048 Imperator,
1044 1003 1124 1049 per
1156 985 1404 1033 continuos
1447 1000 1537 1032 tres

243 1060 413 1108 menses
443 1060 626 1107 aestivos
659 1075 782 1105 arma
820 1059 1003 1120 parabat
1039 1062 1088 1107 δε
1122 1058 1354 1116 alimenta,
1387 1058 1418 1104 fi
1448 1075 1535 1121 qua

241 1132 338 1179 fors
375 1131 673 1189 secundaffet,
706 1130 974 1193 pervasurus
1009 1146 1272 1194 opportune
1309 1131 1533 1190 Quados,

242 1204 461 1252 tumultus
491 1203 658 1251 atrocis
689 1203 924 1248 auctores:
953 1201 1001 1248 in
1031 1219 1125 1265 quo
1158 1201 1335 1264 oppido
1370 1201 1534 1248 Fausti-

241 1293 325 1323 nus
343 1311 356 1334 ,
376 1274 492 1321 filius
518 1274 685 1321 sororis
721 1273 923 1320 Juventii
955 1272 1152 1336 praefeffi
1178 1274 1419 1336 praetorio‚
1443 1292 1531 1322 no·

241 1348 380 1395 tarius
407 1346 631 1404 militans,
659 1345 813 1392 Probo
840 1345 1061 1408 spectante
1088 1344 1352 1409 negotium,
1383 1347 1529 1394 carni-

241 1420 340 1467 ficis
366 1436 501 1466 manu
527 1429 754 1481 peremtus
776 1417 838 1464 est
858 1417 959 1480 post
987 1430 1245 1464 tormenta:
1267 1433 1456 1466 vocatus
1482 1418 1530 1466 in

240 1492 588 1556 crimen,quod
618 1491 788 1538 asinum
818 1492 1029 1539 occidiffe
1061 1491 1292 1538 dicebatur
1321 1493 1376 1538 ad
1405 1493 1529 1540 usum

239 1568 402 1616 artium
433 1567 693 1615 secretarum
710 1602 724 1625 ,
744 1578 794 1612 ut
821 1567 1062 1613 afferebant
1088 1566 1268 1629 quidam
1288 1566 1496 1630 urgentes
1516 1587 1528 1615 z

238 1653 289 1687 ut
308 1639 483 1703 [autem
515 1637 658 1700 ajebat
689 1638 763 1684 ille
778 1674 792 1696 ,
811 1639 865 1685 ad
894 1638 1245 1685 imbecillitatem
1268 1637 1528 1686 firmandam

237 1711 506 1775 fluentium]
528 1711 813 1774 capillorum.
849 1711 953 1757 Alio
973 1728 1156 1774 quoque
1178 1712 1224 1758 in
1244 1728 1346 1758 eum
1373 1713 1526 1774 perni-

238 1785 358 1834 ciose
379 1783 635 1847 composito
652 1819 666 1841 ,
685 1783 833 1847 quod,
854 1795 1031 1846 petente
1053 1800 1131 1845 per
1147 1783 1301 1844 jocum
1325 1785 1523 1845 quodam

237 1857 461 1922 Nigrino,
480 1870 530 1904 ut
557 1873 659 1902 eum
681 1855 907 1902 notarium
936 1855 1129 1914 faceret,
1159 1857 1426 1903 exclamavit
1447 1856 1523 1903 ille

235 1929 470 1982 hominem
488 1928 637 1974 ridens
651 1962 665 1985 ‚
691 1932 776 1974 Fac
797 1947 859 1974 me
885 1931 1172 1988 Imperatorem
1188 1964 1202 1986 ‚
1236 1949 1251 1974 ι
1272 1932 1320 1974 id
1344 1933 1521 1976 voluerls

235 2007 459 2062 impetrare.
490 2001 687 2062 Hocque
714 1999 913 2045 ludibrio
945 1999 1101 2063 inique
1130 2001 1450 2062 interpretam,
1471 2003 1522 2049 &

234 2073 465 2122 Faustinus
496 2072 588 2135 ipse
606 2109 619 2130 ‚
648 2074 697 2119 &
719 2071 955 2134 Nigrinus,
977 2074 1027 2120 δέ
1058 2073 1132 2119 alii
1161 2075 1259 2119 sunt
1284 2074 1519 2122 interfecti.

233 2145 461 2194 Praemiffo
486 2144 622 2207 igitur
652 2145 929 2191 Merobaude
963 2162 1065 2192 cum
1101 2146 1281 2191 militari
1317 2147 1520 2208 peditum

233 2235 400 2277 manu,
421 2234 555 2280 quam
585 2219 790 2281 regebat,
819 2219 873 2264 ad
898 2217 1135 2265 vastandos
1167 2219 1518 2282 cremandosque

235 2291 495 2341 barbaricos
519 2307 659 2355 pagos
674 2327 688 2349 ‚
710 2291 877 2338 comite
897 2290 1104 2351 adjunEio
1125 2292 1379 2338 Sebastiano
1393 2328 1407 2350 ‚
1426 2294 1517 2338 Va·

232 2364 507 2413 lentinianus
524 2365 745 2412 Acincum
767 2380 958 2426 propere
976 2364 1110 2410 castra
1131 2364 1414 2413 commovit:
1435 2381 1514 2410 na-

234 2436 457 2503 vigiisque
472 2438 526 2486 ad
540 2436 823 2501 repentinum
840 2437 983 2486 casum
1002 2436 1252 2501 conjunCtis
1262 2472 1276 2499 ,
1293 2439 1341 2486 &
1359 2448 1515 2485 conta÷
