1626 2917
267 105 485 151 RERUM
519 102 857 150 GESTARUM
893 103 997 151 LIB.
1034 102 1171 150 XXV
1175 103 1207 149 1.
1319 104 1372 164 83

96 224 174 270 per
192 206 405 256 Thracias
419 206 535 254 inter
550 207 663 254 alios
684 206 876 255 celerare
897 205 1132 270 dispositos
1148 241 1162 264 ‚
1184 208 1231 254 δέ
1254 207 1383 252 Con·

96 280 386 344 stantinopoli
436 293 691 326 moraturos
743 279 1000 328 solemniter
1040 280 1222 326 biduum
1251 315 1264 338 ‚
1299 296 1381 342 per

98 352 311 417 quosdam
337 369 392 401 ex
417 352 570 400 iisdem
599 352 794 400 numeris
826 363 963 401 notos
998 352 1238 400 sollicitare
1267 369 1382 415 pro-

97 441 256 488 perans
278 444 290 473 :
316 425 422 490 quia
441 442 543 473 cum
579 425 791 472 omnibus
810 424 941 489 loqui
966 424 1266 488 periculosum
1291 436 1385 471 erat

101 499 154 544 δε
189 499 373 545 arduum
395 535 409 557 ‚
446 498 579 545 fidem
612 515 859 562 paucorum
889 499 1036 562 elegit.
1075 499 1170 559 Qui
1208 497 1386 560 pellecti

103 568 177 631 spe
191 571 476 633 praemiorum
494 571 742 635 ingentium
756 607 768 629 ‚
787 572 865 619 sub
879 571 1221 620 consecratione
1246 571 1384 633 juris-

103 642 281 705 jurandi
315 645 555 709 promisere
576 682 590 705 ,
615 644 661 691 se
684 681 697 704 ,
722 663 822 709 quae
856 644 998 692 vellet
1019 681 1034 702 ,
1061 646 1216 692 cimela
1245 644 1390 693 facin-2

105 734 180 764 ros
198 737 208 765 :
229 718 434 769 favorem
451 736 634 783 quoque
661 718 853 782 polliciti
875 718 1222 766 conturmalium
1238 754 1251 776 ‚
1269 719 1386 764 inter

105 806 222 852 quos
243 790 322 853 ipsi
351 792 574 854 potiorem
597 792 748 839 locum
769 791 1035 839 obtinebant
1062 791 1108 837 in
1129 790 1355 838 suadendo
1371 826 1388 847 ‚

105 860 330 923 stipendiis
365 862 632 910 excellentes
662 865 711 911 &
735 861 916 909 meritis.
947 865 1100 925 thue
1125 863 1388 910 condiclum

107 932 201 988 est,
229 933 307 980 ubi
335 935 574 981 excanduit
592 934 727 981 radiis
755 934 876 992 dies,
905 934 1021 981 idem
1051 937 1301 997 Procopius
1324 937 1390 981 di-

107 1008 262 1054 ductus
296 1008 343 1055 in
378 1007 680 1072 cogitationes
700 1007 846 1055 varias
864 1043 879 1066 ‚
900 1007 1193 1055 Anastasianas
1213 1010 1391 1057 balneas

106 1083 221 1145 petit
241 1118 255 1142 ,
283 1100 308 1131 a
339 1083 494 1132 sorore
512 1084 800 1132 Constantini
820 1083 1193 1148 cognominatas,
1219 1084 1297 1131 ubi
1314 1084 1392 1131 lo·-

107 1168 206 1203 cata
226 1171 420 1205 noverat
448 1155 855 1223 figna:d06tusque
883 1173 963 1219 per
988 1173 1257 1204 arcanorum
1279 1174 1391 1205 con-

110 1227 255 1290 scios,
284 1247 443 1279 omnes
475 1233 521 1279 in
541 1232 633 1294 ejus
668 1230 858 1277 studium
881 1229 1142 1277 consensisse
1181 1231 1391 1279 societate

112 1303 234 1350 coita
259 1305 504 1363 aoclurna,
523 1304 611 1351 fide
637 1303 782 1350 salutis
807 1303 907 1349 data
933 1301 1124 1348 libenter
1151 1303 1356 1350 admissus
1375 1340 1391 1362 ‚

112 1376 444 1440 constipatione
464 1376 756 1425 vendibilium
774 1376 965 1423 militum
984 1392 1084 1422 cum
1098 1375 1277 1423 honore
1292 1377 1393 1440 qui-

51 1460 55 1461 ’
113 1448 214 1495 dem
229 1485 244 1508 ,
262 1449 334 1496 sed
348 1450 395 1495 in
413 1450 597 1496 modum
615 1449 850 1495 tenebatur
871 1446 1027 1493 obseffi
1048 1464 1059 1494 :
1077 1448 1187 1511 qui,
1205 1461 1255 1494 ut
1280 1466 1394 1511 prae-

113 1521 280 1567 toriani
308 1522 537 1585 quondam
566 1520 664 1583 post
685 1518 926 1566 Pertinacis
955 1534 1110 1565 necem
1145 1520 1393 1568 licitantem

114 1592 291 1656 imperii
320 1594 500 1656 praemia
532 1593 751 1641 Iulianum
789 1590 1092 1653 susceperant,
1110 1591 1190 1654 ipsi
1209 1609 1396 1656 quoque

115 1665 416 1729 Procopium,
434 1666 608 1713 infausti
631 1666 884 1712 dominatus
898 1663 1083 1710 exordia
1103 1665 1362 1712 molientem
1378 1680 1397 1720 ,¹

117 1741 275 1787 attenti
307 1741 363 1787 ad
394 1757 531 1789 omne
565 1740 884 1803 compendium
920 1737 1227 1786 defenderunt.
1262 1740 1394 1787 Stetit

116 1812 267 1876 itaque
286 1812 555 1872 subtabidus‚
577 1813 800 1878 (excitum
819 1823 997 1874 putares
1014 1812 1069 1858 ab
1083 1811 1267 1878 inferis)
1289 1813 1395 1860 nus-

119 1903 254 1950 quam
285 1899 464 1950 reperto
495 1887 831 1950 paludamento,
849 1885 1004 1932 tunica
1023 1902 1133 1932 auro
1163 1887 1363 1936 distincta
1380 1925 1396 1948 ,

123 1969 174 2004 ut
192 1958 338 2022 regius
352 1959 566 2017 minister,
578 1959 773 2013 indutus,
785 1974 808 2004 a
827 1957 946 2004 calce
962 1957 1008 2003 in
1023 1957 1183 2020 pubem
1204 1959 1249 2006 in
1272 1962 1399 2024 paed-

123 2031 330 2094 agogiani
371 2032 494 2094 pueri
529 2030 745 2094 speciem,
766 2029 998 2092 purpureis
1026 2043 1208 2092 opertus
1235 2034 1399 2098 tegmi-

127 2102 257 2149 nibus
288 2103 448 2165 pedum
469 2102 778 2166 :hastatusque
804 2117 1079 2163 purpureum
1110 2102 1263 2150 itidem
1290 2122 1400 2167 pan-

127 2173 283 2220 nulum
312 2174 430 2222 laeva
459 2191 595 2222 manu
622 2172 844 2237 gestabat,
879 2185 929 2219 ut
955 2174 1001 2220 in
1034 2175 1236 2222 theatrali
1269 2177 1398 2224 scena

126 2246 405 2295 simulacrum
422 2249 647 2312 quoddam
668 2246 834 2310 insigne
849 2263 927 2309 per
948 2247 1137 2295 aulaeum
1156 2250 1232 2297 vel
1249 2251 1401 2297 mimi-

129 2328 226 2366 cam
246 2321 575 2369 cavillationem
602 2322 746 2369 subito
767 2334 941 2384 putares
966 2323 1198 2372 emersum.
1221 2325 1289 2370 Ad
1308 2326 1399 2371 hoc

127 2393 261 2457 igitur
295 2394 731 2442 dehonestamentum
769 2395 998 2442 honorum
1035 2396 1241 2443 omnium
1277 2396 1397 2443 ludi.-

1054 2472 1147 2515 1³2
