1626 2917
313 85 535 131 RERUM
568 84 908 132 GesTARUM
937 86 1041 133 MR.
1065 84 1216 131 XXV.
1339 94 1392 147 55

120 203 292 238 tunum.
317 193 372 238 Et
409 208 509 238 cum
529 193 715 254 pugnari
751 191 897 238 decies
929 191 1159 254 expediret
1178 226 1191 248 ‚
1217 207 1272 237 ne
1305 191 1393 237 ho-

117 281 216 311 rum
251 265 493 328 quidquam
520 267 781 314 dederetur:
818 264 1098 313 adulatorum
1132 264 1292 328 globus
1324 263 1396 309 in-

118 337 260 384 flabat
285 338 445 387 timido
477 340 704 403 principi,
730 339 944 403 Procopii
971 339 1256 385 metuendum
1289 337 1395 383 sub-

116 410 262 458 serens
284 429 456 460 nomen
476 432 487 460 :
509 430 698 477 eumque
716 415 936 460 affirmans
956 449 970 469 ‚
998 412 1078 458 nifi
1100 411 1290 469 rediret,
1315 426 1395 457 co-

119 485 442 548 gnito'Jul‘iani
473 488 687 546 interitu,
715 506 817 535 cum
853 488 1019 534 intaEtO
1058 487 1227 544 milite,
1258 502 1394 550 quem

118 558 295 620 regebat
315 595 328 615 ‚
363 576 509 606 novas
535 577 603 607 res
641 561 768 607 nullo
800 560 1020 606 renitente
1050 558 1176 604 facile
1202 558 1394 604 molitu-

117 644 235 675 rum.
271 631 367 677 Hac
400 631 651 691 perniciosa
684 632 932 678 verborum
961 631 1033 676 ille
1061 630 1301 676 affici-nitate
1321 630 1394 675 ni-

116 702 203 748 mia
222 703 474 758 succensus,
490 703 576 750 {ine
602 703 886 751 minitatione
901 702 1081 750 tradidit
1099 702 1275 760 omnia,
1293 718 1394 762 quae

116 776 407 836 petebantur:
429 776 608 822 difficile
629 777 721 822 hoc
743 777 926 838 adeptus
942 811 956 834 ,
977 787 1026 821 ut
1043 774 1204 820 Nisibis
1225 777 1273 821 ὅ(
1290 775 1392 820 Sin-

114 863 218 909 gara
247 847 339 894 fine
358 847 520 895 incolis
541 848 772 895 transirent
790 849 835 894 in
859 848 956 908 jura
975 846 1197 892 Persarum
1213 882 1225 903 ,
1247 862 1270 891 a
1288 862 1391 890 mu-

112 918 325 966 nimentis
361 937 472 967 vero
507 921 749 967 alienandis
778 919 944 966 reverti
975 919 1030 965 ad
1059 918 1208 964 nostra
1244 916 1392 979 praefi-

112 989 186 1036 dia
213 991 408 1037 Romani
446 992 821 1054 permitterentur.
852 991 1032 1051 Quibus
1058 990 1239 1035 exitiale
1272 986 1392 1033 aliud

110 1064 287 1110 accessit
328 1067 378 1112 &
410 1065 595 1127 impium
631 1103 644 1125 ,
678 1083 734 1113 ne
760 1066 858 1128 post
888 1067 982 1112 haec
1019 1065 1079 1111 ita
1106 1064 1355 1126 composita
1375 1101 1392 1125 ,

111 1134 262 1182 Arsaci
298 1136 500 1198 poscenti
536 1150 696 1185 contra
725 1138 874 1184 Persas
915 1136 1104 1183 ferretur
1138 1137 1353 1184 auxilium
1374 1173 1391 1196 ‚

111 1209 268 1257 amico
291 1210 422 1257 nobis
455 1210 623 1272 semper
649 1213 697 1258 ὅ(
719 1210 825 1257 fido.
851 1211 993 1270 Quod
1014 1210 1190 1256 ratione
1212 1210 1388 1273 gemina

107 1282 354 1345 cogitatum
387 1283 475 1341 est,
499 1297 548 1329 ut
568 1282 804 1344 puniretur
828 1284 996 1340 homo,
1033 1282 1109 1345 qui
1145 1283 1389 1330 Chilioco-

108 1371 233 1400 mum
259 1355 470 1402 mandatu
500 1355 748 1402 vastaverat
774 1356 992 1418 Principis
1012 1391 1026 1412 ‚
1063 1357 1112 1403 &
1138 1369 1389 1404 remaneret

110 1425 288 1473 occasio
316 1463 330 1485 ‚
366 1444 444 1489 per
489 1445 619 1491 quam
661 1428 844 1475 subinde
880 1429 1064 1476 licenter
1104 1429 1388 1477 invaderetur

107 1499 330 1547 Armenia.
354 1500 486 1547 Unde
506 1500 657 1563 postea
685 1501 877 1564 contigit
893 1537 905 1557 ‚
926 1513 974 1547 ut
996 1500 1129 1548 vivus
1155 1514 1386 1564 caperetur

108 1572 226 1633 idem
251 1573 458 1633 Arsaces,
486 1575 535 1621 &
570 1574 796 1620 Armeniae
821 1575 1063 1621 maximum
1093 1575 1205 1621 latus
1236 1575 1384 1622 Medis

109 1646 446 1694 conterminans
470 1683 483 1705 ‚
515 1649 564 1695 &
608 1650 816 1694 Artaxata
852 1647 967 1694 inter
1008 1648 1290 1696 dissensiones
1332 1652 1385 1699 δε

107 1719 387 1769 turbamenta
410 1734 616 1782 raperent
638 1721 803 1768 Parthi.
836 1722 947 1780 Quo
976 1720 1163 1784 ignobili
1197 1723 1384 1771 decreto

104 1791 284 1840 firmato
303 1828 317 1852 ‚
350 1810 407 1840 ne
439 1793 548 1857 quid
577 1794 931 1841 corn-mitteretur
948 1811 1026 1856 per
1049 1794 1246 1841 indutias·
1264 1812 1382 1843 con-

101 1866 287 1914 trarium
311 1867 447 1930 paffls
467 1903 481 1925 ,
507 1868 730 1914 obsidatus
755 1867 896 1929 specie
917 1866 1004 1914 viri
1020 1867 1212 1915 celebres
1225 1868 1383 1914 altrin-

101 1939 223 1987 secus
253 1941 414 1988 dantur
449 1942 646 1989 Remora
668 1977 683 2001 ‚
714 1943 762 1988 δε
783 1940 939 1988 Viuor
965 1957 1021 1987 ex
1054 1952 1176 2003 parte
1197 1942 1383 1988 nostro-

101 2030 203 2060 rum
221 2049 236 2072 ,
268 2016 317 2062 &
352 2014 651 2062 Bell‘ovaedius
671 2050 687 2073 ‚
710 2013 942 2076 insignium
972 2030 1260 2062 numerorum
1295 2015 1379 2063 tri-

103 2085 212 2132 buni
228 2104 243 2132 r
265 2102 319 2132 ex
354 2098 478 2148 parte
498 2104 611 2134 vero
631 2086 805 2133 diversa
832 2085 1003 2133 Bineses
1022 2102 1046 2133 e
1065 2104 1258 2134 numero
1289 2105 1380 2135 no-

101 2158 259 2205 bilium
305 2158 572 2220 optimatum
593 2196 606 2218 ‚
646 2159 818 2223 tresque
847 2158 922 2205 alii
952 2158 1130 2222 satrapae
1160 2176 1254 2206 non
1287 2161 1378 2206 ob-

101 2231 230 2278 scuri.
246 2232 473 2279 Foederata
489 2233 635 2296 itaque
649 2250 755 2296 pace
775 2249 995 2280 annorum
1016 2233 1219 2296 triginta,
1235 2249 1381 2296 eaque

104 2303 386 2367 jurisjurandi
416 2305 706 2368 religionibus
727 2305 982 2353 consecrata
998 2341 1011 2363 ‚
1037 2306 1201 2353 reversi
1237 2305 1377 2352 itine-

102 2377 228 2426 ribus
243 2374 370 2438 aliis,
389 2379 606 2442 quoniam
619 2379 719 2429 loca
747 2379 959 2445 contigua
985 2379 1162 2427 flumini
1181 2392 1230 2427 ut
1256 2396 1374 2438 con}

996 2452 1043 2499 D
1075 2469 1108 2511 4
