1626 2917
201 137 258 184 50
388 122 730 168 AMMlANl
780 123 1284 171 MARCELLINI

195 228 353 276 deduci
386 227 556 291 magnis
589 227 854 288 favoribus,
889 242 938 276 ut
962 229 1144 277 solebat.
1173 234 1340 278 Verum
1376 247 1476 279 cum

194 302 409 349 incurvus
430 302 503 348 ille
532 301 651 348 visus
669 302 917 366 &longior
935 303 1196 352 adventaret
1210 340 1224 363 ,
1244 303 1478 367 suspicati,

194 377 320 440 quod
352 376 602 433 acciderat,
635 376 679 422 in
708 376 911 423 lacrimas
941 377 1063 424 effusi
1101 377 1200 425 sunt
1233 396 1391 426 omnes
1427 381 1478 428 &

193 450 375 497 lucium.
409 449 551 509 Quod
587 449 617 494 fi
649 450 799 513 gravis
834 450 1014 513 quidam
1048 450 1272 514 aequitatis
1309 451 1477 515 specla-

194 535 270 569 τοι·
300 522 346 568 in
369 521 530 568 ultimo
557 539 701 569 rerum
732 521 886 585 spiritu
913 521 1076 570 facium
1106 523 1364 572 criminatur
1388 524 1476 570 int-

191 595 389 663 provide
415 614 425 642 :
457 595 662 642 nauticos
691 596 809 642 idem
842 595 994 657 justius
1034 597 1286 655 incusabit,
1320 598 1475 645 amisso

193 667 343 731 perito
381 666 621 730 navigandi
654 665 897 729 magistro,
923 665 1209 715 saevientibus
1245 667 1394 716 flabris
1427 671 1479 715 δε

194 740 333 796 mari,
361 739 488 803 quod
512 739 668 786 clavos
688 740 892 799 regendae
923 740 1051 786 navis
1078 739 1262 787 cuilibet
1289 741 1475 803 periculi

194 812 324 860 socio
358 810 691 858 commiserunt.
724 812 803 858 His
835 811 892 858 ita
928 828 1053 859 caeco
1083 813 1280 874 quodam
1308 812 1476 873 judicio

193 882 390 930 fortunae
416 882 598 945 peractis
619 917 632 939 ,
664 881 963 929 Iovianorum
997 880 1200 946 signifer,
1226 899 1340 946 quos
1364 885 1479 930 Var-

191 956 410 1004 ronianus
431 969 602 1002 rexerat
630 955 821 1010 dudum,
847 972 950 1002 cum
969 972 1099 1002 novo
1120 955 1324 1002 diffidens
1349 956 1478 1002 Prin-

192 1030 319 1091 cipe,
341 1029 572 1075 etiamtum
601 1028 809 1090 privato,
840 1041 889 1074 ut
916 1027 1052 1090 patris
1082 1027 1175 1088 ejus
1206 1028 1479 1078 obtrectator

193 1102 517 1149 immoderatus
537 1137 550 1159 ,
587 1101 835 1164 periculum
860 1118 916 1147 ex
938 1100 1126 1148 inimico
1153 1114 1355 1150 metuens
1385 1103 1473 1166 jam

193 1175 458 1224 communia
484 1174 758 1237 supergresso
775 1209 789 1230 ,
814 1172 999 1220 disceffit
1019 1175 1073 1219 ad
1105 1173 1249 1222 Persas
1271 1193 1282 1221 :
1303 1193 1353 1223 ac
1374 1178 1475 1232 data

194 1248 376 1296 dicendi
397 1248 551 1310 copia,
574 1264 675 1310 quae
698 1245 848 1303 sciret,
871 1246 1005 1293 docet
1025 1247 1238 1308 Saporem
1258 1247 1344 1310 jam
1368 1267 1474 1312 pro·

191 1324 483 1387 pinquantem
504 1356 518 1377 ,
546 1319 763 1367 exstineto
782 1354 795 1377 ‚
817 1335 949 1382 quem
981 1319 1218 1365 verebatur
1244 1356 1258 1377 ,
1295 1323 1474 1370 turbine

195 1396 428 1444 concitato
464 1394 675 1441 calonum
705 1393 760 1439 ad
787 1393 988 1440 umbram
1022 1391 1199 1455 imperii
1230 1393 1475 1442 Jovianum

192 1471 342 1518 adhuc
373 1468 673 1532 protefitorem
709 1465 921 1524 ascitum,
955 1466 1140 1512 inertem
1173 1467 1395 1530 quendam
1427 1471 1476 1518 &

193 1541 396 1590 mollem.
427 1541 530 1586 Hoc
551 1539 624 1586 ille
644 1538 824 1596 audito,
843 1538 970 1602 quod
991 1537 1160 1601 semper
1185 1539 1369 1602 trepidis
1389 1558 1474 1588 vo-

197 1614 254 1662 tis
283 1613 545 1676 expetebat,
571 1613 619 1660 &
645 1611 832 1674 inopina
854 1610 1144 1674 prosperitate
1168 1612 1337 1671 elatus,
1358 1614 1475 1660 mul-

193 1686 386 1733 titudine
413 1703 467 1732 ex
499 1685 623 1749 regio
650 1685 847 1748 equitatu
867 1682 1070 1745 adjuncta
1092 1684 1167 1744 iis,
1186 1685 1262 1748 qui
1285 1685 1472 1734 dimica-

191 1776 298 1806 vere
329 1758 587 1816 nobiscum,
612 1757 745 1805 celeri
776 1757 989 1820 disposuit
1014 1758 1152 1822 gradu
1171 1758 1360 1822 agminis
1382 1776 1472 1806 no-

191 1833 268 1880 stri
301 1832 457 1879 invadi
484 1844 603 1895 terga
637 1831 864 1895 postremi.

258 1907 334 1952 VI.
366 1907 486 1966 Quae
517 1905 624 1951 dum
656 1904 778 1950 ultro
819 1904 1025 1968 citroque
1055 1903 1350 1964 ordinantur,
1386 1906 1471 1952 bo-

190 1979 283 2028 stiis
309 1996 393 2042 pro
424 1979 622 2027 Joviano
653 1977 853 2042 extisque
891 1977 1094 2040 inspectis
1128 1980 1469 2041 pronuntiatum

189 2054 251 2100 est
267 2088 281 2107 ‚
306 2070 405 2099 eum
430 2052 582 2098 omnia
603 2051 900 2115 perditurum,
921 2051 952 2097 fi
970 2051 1083 2099 intra
1103 2051 1272 2100 vallum
1295 2069 1471 2099 reman-

189 2126 303 2174 siffet
319 2161 332 2183 ,
351 2139 398 2171 ut
427 2125 653 2189 cogitabat
675 2143 684 2171 ε
706 2124 980 2187 superiorem
1011 2141 1124 2171 vero
1161 2123 1258 2172 fore
1274 2161 1288 2182 ,
1314 2120 1469 2188 profe-

192 2200 323 2246 (lum.
342 2198 536 2245 Proinde
557 2199 705 2262 egredi
725 2197 812 2258 jam
835 2209 1082 2260 coeptantes
1102 2198 1366 2244 adoriuntur
1383 2215 1469 2246 nos

191 2271 436 2333 elephantis
467 2271 648 2334 praeviis
669 2271 835 2316 Persae:
857 2271 912 2316 ad
937 2286 1130 2332 quorum
1154 2269 1378 2317 fremitum
1402 2272 1470 2317 in-

192 2342 445 2404 celsumque
479 2343 717 2389 terribilem
743 2342 868 2406 equis
892 2341 1007 2388 inter
1028 2341 1149 2388 initia
1178 2343 1361 2390 turbatis
1379 2379 1392 2401 ‚
1417 2345 1469 2391 δέ

192 2413 328 2478 viris,
345 2416 528 2465 Ioviani
554 2418 601 2465 ὃς
623 2415 880 2465 Herculiani
901 2414 1058 2464 occisis
1088 2415 1245 2463 belluis
1277 2416 1426 2482 paucis
1445 2451 1463 2474 ‚
