1626 2917
179 134 360 206 ἱ,306
635 129 1189 178 EXCERPTA

261 240 411 290 coniis
434 238 742 301 praetuliffent.·
757 237 1144 300 Respondentibus
1167 238 1448 294 Odoacrem,
1466 237 1535 285 in-

261 314 389 376 quit,
422 312 499 374 qui
531 311 646 357 dixit
678 311 766 368 eis,
800 313 918 357 Inter
945 310 1156 357 tredecim
1186 311 1235 358 &
1265 312 1536 373 quatuorde-

263 389 353 432 cim
378 402 389 430 :
417 400 561 430 annos
580 383 790 431 videlicet
819 382 980 445 integri
1008 381 1102 444 ejus
1133 382 1256 446 regni
1276 380 1536 445 significans.

247 456 388 503 Zeno
409 455 557 518 itaque
577 454 921 516 recompensans
940 452 1166 500 beneficiis
1183 453 1536 511 Theodericum,

246 545 397 592 quem
417 527 523 575 fecit
543 527 781 574 Patricium
806 528 855 573 &
872 526 1114 574 Consulem
1127 562 1141 583 ,
1162 526 1334 572 donans
1354 525 1394 572 ei
1422 527 1537 572 mul·

251 613 386 659 tum,
412 602 461 647 δε
488 599 669 645 mittens
694 615 794 646 eum
823 600 878 646 ad
904 598 1088 646 Italiam.
1116 598 1206 645 Cui
1230 598 1538 645 Theodericus

247 677 488 740 .pa&uatus
525 673 612 732 est,
646 685 723 731 ut,
744 674 942 720 s1·vi&us
975 673 1119 720 fuiffet
1155 673 1422 731 Odoachar,
1453 689 1537 735 pro

260 749 427 796 merito
449 748 656 793 laborum
682 746 861 793 suorum
880 746 988 795 loco
1009 747 1101 807 ejus
1115 783 1129 803 ,
1147 748 1251 792 dum
1277 746 1538 803 adveniret,

247 833 436 872 ,tantum
459 831 770 882 praeregnaret.
797 822 920 883 Ergo
955 819 1298 882 superveniente
1322 819 1539 866 Theode-

259 894 360 941 rico
381 893 573 941 Patricio
592 893 646 939 de
677 892 860 941 civitate
888 894 1022 942 Nova
1042 910 1142 940 cum
1166 906 1295 957 gente
1312 894 1509 941 Gothica
1523 930 1538 952 ,

259 965 411 1012 miffus
433 966 488 1012 ab
520 967 792 1027 Imperatore
821 966 1005 1012 Zenone
1033 966 1087 1012 de
1114 965 1311 1028 partibus
1336 966 1539 1031 Orientis

258 1040 314 1087 ad
337 1038 658 1085 defendendam
685 1037 763 1084 fibi
791 1039 973 1085 Italiam.
1000 1038 1088 1086 Cui
1109 1039 1310 1086 occurrit
1334 1040 1538 1087 venienti

260 1111 505 1159 Odoachar
527 1111 581 1157 ad
601 1110 791 1157 fluvium
813 1111 1017 1157 Sontium
1032 1146 1046 1168 ,
1062 1112 1112 1158 &
1129 1111 1190 1161 ibi
1212 1128 1413 1174 pugnans
1434 1118 1537 1159 cum

260 1185 424 1231 eodem
443 1219 456 1242 ,
476 1183 619 1230 viclus
639 1182 768 1245 fugit.
796 1186 856 1229 At
877 1199 990 1230 vero
1009 1185 1222 1232 Odoacer
1247 1185 1355 1231 abiit
1378 1185 1426 1231 in
1445 1190 1539 1232 Ve-

259 1274 447 1313 ronam,
481 1258 529 1303 &
559 1255 658 1302 fixit
688 1255 932 1302 fossatum
921 1273 967 1302 1n
992 1273 1155 1319 campo
1185 1258 1360 1305 minore
1388 1252 1538 1306 Vero-

262 1327 395 1378 nense
426 1343 459 1373 v
490 1327 717 1375 Kalendas
750 1328 977 1376 Ofilobris.
1012 1329 1165 1396 Ibique
1196 1329 1451 1392 persecutus
1477 1332 1540 1379 est
1600 1390 1605 1397 ,

261 1417 367 1447 eum
391 1398 722 1454 Theodericus,
746 1400 796 1446 &
824 1416 972 1462 pugna
1000 1399 1143 1456 fasta,
1171 1400 1429 1449 ceciderunt
1450 1409 1539 1465 ρο-

246 1473 358 1536 -puli
389 1473 442 1518 ab
472 1483 654 1534 utraque
683 1482 839 1532 parte:
866 1482 1016 1518 tamen
1044 1472 1266 1536 superatus
1294 1474 1540 1523 Odoachar

264 1546 662 1609 fugi-tRavennam
689 1543 833 1605 pridie
860 1545 1085 1592 Kalendas
1107 1546 1332 1596 Oclobris.
1358 1550 1413 1594 Et
1437 1554 1540 1611 ρει·-

262 1618 512 1667 ambulavit
544 1617 852 1665 Theodericus
880 1618 1094 1666 Patricius
1131 1620 1463 1679 Mediolanum,
1488 1621 1542 1669 δε

255 1692 542 1740 ,tradiderunt
561 1691 602 1736 se
628 1690 694 1736 illi
711 1690 908 1755 'maxima
927 1708 1024 1754 pars
1049 1692 1272 1740 exercitus
1291 1692 1537 1751 Odoacris3

249 1782 350 1818 „nec
381 1781 477 1810 non
509 1765 558 1810 &
583 1761 700 1809 Tufa
730 1762 931 1824 magister
953 1762 1170 1821 militum,
1194 1777 1324 1827 quem
1355 1765 1539 1811 ordina-

251 1848 392 1893 5ve¹rat
406 1834 645 1882 Odoachar
662 1851 763 1881 cum
786 1834 1076 1895 optimatibus
1095 1834 1180 1880 suis
1200 1835 1388 1881 Kalend.
1406 1835 1537 1898 Apri-

259 1910 330 1957 lis.
366 1913 433 1956 Eo
474 1924 596 1955 anno
627 1907 777 1954 miffus
810 1906 869 1952 est
903 1906 1019 1952 Tufa
1055 1906 1257 1969 magister
1289 1907 1479 1954 militum
1510 1926 1538 1956 a

255 1982 551 2029 *Theoderico
573 1993 731 2027 contra
758 1980 1013 2026 Odoacrem
1035 1980 1313 2027 Ravennam.
1339 1980 1536 2027 Veniens

249 2055 477 2117 ‚Faventia
512 2053 655 2109 Tufa,
687 2051 858 2097 obsedit
882 2053 1146 2098 Odoacrem*
1171 2068 1272 2098 cum
1307 2052 1535 2109 exercitu,

261 2145 363 2176 cum
381 2144 473 2190 quo
502 2126 691 2172 directus
714 2125 885 2179 fuerat;
904 2126 954 2171 &
974 2124 1086 2170 exiit
1103 2123 1348 2169 Odoachar
1368 2123 1422 2169 de
1441 2125 1533 2170 Ra·-

259 2218 408 2251 venna
420 2236 433 2257 ,
455 2202 505 2247 &
529 2198 654 2246 venit
675 2196 927 2245 Faventiam
942 2233 958 2255 ,
975 2199 1024 2243 δε
1042 2195 1160 2242 Tufa
1177 2195 1356 2241 tradidit
1373 2195 1533 2241 Odoa-

262 2275 331 2321 cri
364 2273 564 2320 Comites
601 2270 776 2317 Patricii
811 2269 1106 2325 Theoderici,
1132 2270 1182 2315 &
1216 2268 1326 2313 miffi
1356 2267 1454 2313 sunt
1485 2268 1534 2314 in

263 2347 407 2402 ferro,
427 2347 476 2391 &
490 2344 662 2390 addnffi
683 2345 958 2389 Ravennam.
978 2341 1178 2386 FA'usro
1199 2355 1259 2385 ET
1274 2342 1533 2386 LONG1N0.

262 2419 346 2470 His
366 2418 619 2474 consulibus
642 2417 884 2475 Odoachar
905 2432 985 2465 rex
1005 2414 1114 2466 exiit
1138 2415 1190 2462 de
1209 2416 1458 2475 Cremona,
1480 2415 1531 2461 &
