1626 2917
207 148 268 195 γε,
354 116 1294 179 'AMM1AN1MARCELL1N1

210 237 378 301 negotii
409 235 626 300 praesagiis
645 272 657 296 ‚
675 248 723 283 ut
745 236 920 299 opinari
954 237 1164 297 dabatur,
1181 238 1255 285 vel
1285 235 1489 284 somnio-

210 329 306 357 rum
340 309 610 367 assiduitate,
630 326 713 356 nec
742 309 886 356 videri
903 309 972 356 (lie
998 309 1220 368 secundo,
1246 327 1328 358 nec
1350 310 1490 373 prod-

212 383 276 428 ire
305 382 347 426 in
382 383 576 428 medium
605 382 785 439 voluit,
823 382 1057 429 bissextum
1089 383 1234 431 vitans
1266 383 1492 430 Februarii

212 457 372 503 mensis
399 471 507 503 tunc
529 455 811 512 illucescens,
834 457 962 520 quod
981 457 1218 520 aliquoties
1243 457 1305 504 rei
1325 459 1493 504 Roma-

213 546 283 575 nae
316 527 439 574 fuisse
472 528 680 591 dignorat
703 529 940 576 infaustum
961 545 972 574 :
997 529 1125 591 cujus
1156 531 1366 579 notitiam
1398 547 1496 577 cer-

215 614 305 648 tam
327 601 579 665 designabo.
600 602 798 664 Spatium
825 602 930 649 anni
947 603 1165 650 vertentis
1183 602 1228 648 id
1255 601 1338 649 effe
1363 602 1496 665 periti

217 675 433 722 mundani
451 688 602 723 motus
619 677 670 723 &
699 675 886 723 siderum
917 673 1134 723 definiunt
1153 688 1324 723 veteres
1339 711 1351 733 ,
1381 675 1499 721 inter

216 765 334 813 quos
353 750 526 796 Menon
543 784 556 806 ,
577 751 625 796 &
653 750 923 807 Eufitemon,
943 751 992 797 ὃ(
1012 748 1295 811 Hipparchus
1310 785 1326 806 ‚
1345 749 1394 795 &
1416 751 1503 794 Ar-

219 821 447 868 chimedes
472 822 699 869 excellunt
715 858 730 880 ‚
759 839 861 870 cum
885 821 952 868 sol
976 821 1163 884 perenni
1192 837 1338 867 rerum
1365 819 1503 866 subli-

217 896 359 942 mium
392 897 488 960 lege
515 897 628 959 polo
661 897 870 960 percurso
901 895 1139 960 signifero,
1171 911 1303 959 quem
1333 894 1505 941 Zodia·

220 986 323 1015 cum
343 968 486 1015 sermo
514 973 698 1018 Graecus
724 971 941 1034 appellat,
975 969 1187 1017 trecentis
1207 971 1256 1016 &
1278 967 1504 1032 sexaginta

220 1041 423 1102 quinque
458 1040 612 1088 diebus
649 1043 833 1090 emensis
868 1044 918 1089 &
947 1042 1184 1098 noffibus,
1220 1042 1275 1088 ad
1310 1041 1504 1088 eundem

222 1113 404 1160 redierit
424 1113 648 1161 cardinem
666 1132 677 1160 :
695 1126 746 1161 ut
765 1114 910 1161 verbo
927 1127 1080 1169 tenus,
1099 1113 1130 1159 fi
1151 1131 1175 1159 a
1195 1113 1387 1160 secunda
1407 1130 1504 1175 par-

225 1186 364 1233 ticula
385 1187 522 1232 elatus
543 1186 715 1243 arietis,
734 1187 789 1232 ad
806 1203 901 1232 eam
923 1184 1199 1232 dimensione
1219 1184 1399 1231 redierit
1418 1197 1507 1230 ter-

226 1258 408 1305 minata.
438 1259 521 1304 Sed
543 1257 649 1304 anni
668 1258 961 1305 intervallum
985 1257 1261 1304 veriffimum
1286 1273 1510 1303 memora«

228 1333 284 1377 tis
309 1332 464 1377 diebus
490 1332 539 1378 ὃ(
560 1331 681 1377 horis
709 1329 783 1376 sex
804 1329 995 1393 adusque
1022 1328 1254 1376 meridiem
1275 1329 1511 1376 concludi·

229 1416 303 1450 tur
328 1403 505 1466 plenam
526 1418 536 1447 :
557 1402 753 1464 annique
771 1401 991 1465 sequentis
1009 1400 1094 1447 erit
1117 1399 1216 1463 post
1237 1400 1395 1446 horam
1415 1400 1513 1447 sex-

229 1490 322 1524 tam
350 1476 530 1523 initium
555 1477 809 1538 porrefhlm
837 1476 891 1521 ad
912 1474 1158 1537 vesperam.
1180 1473 1361 1522 Tertius
1382 1490 1406 1520 a
1425 1473 1514 1536 pri·

234 1567 305 1597 ma
333 1550 489 1612 vigilia
516 1548 690 1595 sumens
718 1547 953 1595 exordium
972 1583 986 1606 ‚
1006 1547 1062 1594 ad
1087 1547 1246 1593 horam
1267 1545 1410 1592 nostis
1438 1562 1517 1592 ex-

234 1621 431 1668 tenditur
460 1620 640 1666 sextam.
672 1622 872 1680 Quartus
907 1636 931 1664 a
961 1618 1112 1664 medio
1143 1617 1288 1663 noctis
1322 1615 1518 1679 adusque

235 1694 401 1741 claram
429 1693 620 1740 trahitur
645 1693 803 1740 lucem.
840 1692 911 1738 Ne
944 1691 1080 1755 igitur
1109 1691 1205 1737 haec
1235 1691 1517 1752 computatio

238 1767 516 1813 variantibus
556 1782 778 1812 annorum
810 1764 1041 1827 principiis
1061 1800 1075 1822 ,
1100 1765 1150 1811 &
1180 1763 1375 1827 quodam
1417 1762 1520 1825 post

238 1842 397 1886 horam
428 1839 593 1885 sextam
624 1838 740 1895 diei,
771 1838 862 1884 alio
893 1837 992 1901 post
1027 1837 1192 1884 sextam
1223 1835 1409 1883 excursa
1438 1853 1521 1882 no·

239 1912 700 1968 &urnam,scientiam
722 1928 905 1958 omnem
926 1911 1119 1973 squalida
1137 1907 1390 1956 diversitate
1412 1925 1523 1955 con-

239 1983 426 2040 fundat,
458 1986 506 2031 &
539 1984 804 2031 autumnalis
837 1983 998 2030 mensis
1029 1981 1288 2029 inveniatur
1318 1982 1523 2044 quando-

239 2074 326 2118 que
346 2058 568 2105 vernalis:
593 2057 785 2120 placuit,
813 2056 935 2104 senas
963 2055 1059 2102 illas
1087 2055 1248 2112 horas,
1279 2071 1379 2117 quae
1413 2069 1522 2116 qua-

241 2131 448 2176 driennio
470 2131 632 2194 viginti
652 2130 926 2194 colliguntur
942 2142 1073 2192 atque
1093 2138 1289 2191 quatuor
1302 2161 1315 2184 ‚
1332 2125 1377 2172 in
1392 2126 1523 2172 unius

242 2203 329 2250 diei
358 2204 584 2267 noc‘lisque
611 2204 789 2266 adjectae
821 2203 1000 2251 tranfire
1035 2200 1298 2248 mensuram.
1328 2201 1523 2262 Hocque

242 2278 328 2323 alte
359 2277 665 2336 considerato,
687 2277 870 2342 eruditis
903 2274 1250 2323 concinentibus
1283 2272 1432 2319 multis
1459 2272 1523 2318 ef-

243 2351 406 2398 fefitum
435 2350 493 2398 est
512 2388 525 2409 ,
551 2366 598 2398 ut
631 2353 686 2399 ad
707 2369 843 2398 unum
873 2351 1211 2412 distinctumque
1240 2348 1411 2394 exitum
1435 2347 1524 2393 cir-

241 2425 495 2474 cumversio
521 2426 670 2474 cursus
690 2426 828 2474 annui
854 2426 1082 2483 revoluta,
1104 2441 1186 2472 nec
1210 2439 1318 2488 vaga
1339 2421 1414 2479 fit²
1437 2436 1520 2468 nec
