<?xml version="1.0" encoding="UTF-8"?>
<!DOCTYPE html PUBLIC "-//W3C//DTD XHTML 1.0 Transitional//EN"
    "http://www.w3.org/TR/xhtml1/DTD/xhtml1-transitional.dtd">
<html xmlns="http://www.w3.org/1999/xhtml" xml:lang="en" lang="en">
 <head>
  <title>
</title>
<meta http-equiv="Content-Type" content="text/html;charset=utf-8" />
  <meta name='ocr-system' content='tesseract 3.04.00' />
  <meta name='ocr-capabilities' content='ocr_page ocr_carea ocr_par ocr_line ocrx_word'/>
</head>
<body>
  <div class='ocr_page' id='page_1' title='image "./rerumgestarumqui00ammiuoft_0163.png"; bbox 0 0 1626 2917; ppageno 0'>
   <div class='ocr_carea' id='block_1_1' title="bbox 329 167 1416 266">
    <p class='ocr_par' dir='ltr' id='par_1_1' title="bbox 329 167 1416 266">
     <span class='ocr_line' id='line_1_1' title="bbox 329 167 1416 266; baseline -0.006 -12"><span class='ocrx_word' id='word_1_1' title='bbox 329 205 550 255; x_wconf 80' lang='lat' dir='ltr'><strong>RERUM</strong></span> <span class='ocrx_word' id='word_1_2' title='bbox 585 167 929 253; x_wconf 65' lang='lat' dir='ltr'><strong>GESTARUM</strong></span> <span class='ocrx_word' id='word_1_3' title='bbox 964 201 1067 250; x_wconf 74' lang='lat' dir='ltr'><strong>Lm.</strong></span> <span class='ocrx_word' id='word_1_4' title='bbox 1100 202 1225 249; x_wconf 70' lang='lat' dir='ltr'><strong>xvi.</strong></span> <span class='ocrx_word' id='word_1_5' title='bbox 1332 215 1416 266; x_wconf 53' lang='grc' dir='ltr'><strong>ως</strong></span> 
     </span>
    </p>
   </div>
   <div class='ocr_carea' id='block_1_2' title="bbox 128 300 1439 2637">
    <p class='ocr_par' dir='ltr' id='par_1_2' title="bbox 128 300 1439 2637">
     <span class='ocr_line' id='line_1_2' title="bbox 140 300 1426 367; baseline -0.004 -13"><span class='ocrx_word' id='word_1_6' title='bbox 140 308 223 355; x_wconf 89' lang='lat' dir='ltr'><strong>bus</strong></span> <span class='ocrx_word' id='word_1_7' title='bbox 255 304 447 354; x_wconf 89' lang='lat' dir='ltr'><strong>clausere</strong></span> <span class='ocrx_word' id='word_1_8' title='bbox 479 303 704 362; x_wconf 85' lang='lat' dir='ltr'><strong>sollerter,</strong></span> <span class='ocrx_word' id='word_1_9' title='bbox 735 302 972 350; x_wconf 84' lang='lat' dir='ltr'>arboribus</span> <span class='ocrx_word' id='word_1_10' title='bbox 1002 301 1203 349; x_wconf 90' lang='lat' dir='ltr'><strong>immensi</strong></span> <span class='ocrx_word' id='word_1_11' title='bbox 1240 300 1426 367; x_wconf 86' lang='lat' dir='ltr'><strong>roboris</strong></span> 
     </span>
     <span class='ocr_line' id='line_1_3' title="bbox 139 371 1425 438; baseline -0.004 -12"><span class='ocrx_word' id='word_1_12' title='bbox 139 378 286 426; x_wconf 86' lang='lat' dir='ltr'><strong>caesis:</strong></span> <span class='ocrx_word' id='word_1_13' title='bbox 312 376 387 424; x_wconf 90' lang='lat' dir='ltr'><strong>alii</strong></span> <span class='ocrx_word' id='word_1_14' title='bbox 417 375 650 438; x_wconf 87' lang='lat' dir='ltr'><strong>occupatis</strong></span> <span class='ocrx_word' id='word_1_15' title='bbox 674 374 850 433; x_wconf 83' lang='lat' dir='ltr'><strong>insulis,</strong></span> <span class='ocrx_word' id='word_1_16' title='bbox 871 371 1024 438; x_wconf 91' lang='lat' dir='ltr'><strong>sparsis</strong></span> <span class='ocrx_word' id='word_1_17' title='bbox 1052 373 1211 421; x_wconf 90' lang='lat' dir='ltr'><strong>crebro</strong></span> <span class='ocrx_word' id='word_1_18' title='bbox 1234 390 1314 437; x_wconf 85' lang='lat' dir='ltr'><strong>per</strong></span> <span class='ocrx_word' id='word_1_19' title='bbox 1334 374 1425 422; x_wconf 83' lang='lat' dir='ltr'><strong>flu-</strong></span> 
     </span>
     <span class='ocr_line' id='line_1_4' title="bbox 141 447 1425 512; baseline -0.002 -14"><span class='ocrx_word' id='word_1_20' title='bbox 141 467 243 498; x_wconf 86' lang='lat' dir='ltr'><strong>men</strong></span> <span class='ocrx_word' id='word_1_21' title='bbox 273 451 480 497; x_wconf 87' lang='lat' dir='ltr'><strong>Rhenum</strong></span> <span class='ocrx_word' id='word_1_22' title='bbox 496 485 510 507; x_wconf 91' lang='lat'><strong>,</strong></span> <span class='ocrx_word' id='word_1_23' title='bbox 531 450 754 496; x_wconf 88' lang='lat' dir='ltr'><strong>ululantes</strong></span> <span class='ocrx_word' id='word_1_24' title='bbox 777 448 966 512; x_wconf 86' lang='lat' dir='ltr'>lugubre</span> <span class='ocrx_word' id='word_1_25' title='bbox 990 447 1215 496; x_wconf 88' lang='lat' dir='ltr'><strong>conviciis</strong></span> <span class='ocrx_word' id='word_1_26' title='bbox 1244 450 1293 497; x_wconf 89' lang='lat'>&amp;</span> <span class='ocrx_word' id='word_1_27' title='bbox 1324 449 1425 495; x_wconf 92' lang='lat' dir='ltr'><strong>Ro-</strong></span> 
     </span>
     <span class='ocr_line' id='line_1_5' title="bbox 139 521 1426 585; baseline 0.001 -15"><span class='ocrx_word' id='word_1_28' title='bbox 139 539 295 571; x_wconf 88' lang='lat' dir='ltr'><strong>manos</strong></span> <span class='ocrx_word' id='word_1_29' title='bbox 316 523 586 570; x_wconf 76' lang='lat' dir='ltr'>incessebant</span> <span class='ocrx_word' id='word_1_30' title='bbox 605 525 655 570; x_wconf 89' lang='lat'>&amp;</span> <span class='ocrx_word' id='word_1_31' title='bbox 676 521 898 568; x_wconf 75' lang='lat' dir='ltr'><strong>Caesarem</strong></span> <span class='ocrx_word' id='word_1_32' title='bbox 919 541 929 568; x_wconf 92' lang='lat'>:</span> <span class='ocrx_word' id='word_1_33' title='bbox 961 522 1037 585; x_wconf 89' lang='lat' dir='ltr'><strong>qui</strong></span> <span class='ocrx_word' id='word_1_34' title='bbox 1059 522 1268 585; x_wconf 87' lang='lat' dir='ltr'><strong>graviore</strong></span> <span class='ocrx_word' id='word_1_35' title='bbox 1292 534 1426 572; x_wconf 74' lang='lat' dir='ltr'><strong>motu</strong></span> 
     </span>
     <span class='ocr_line' id='line_1_6' title="bbox 140 595 1424 661; baseline -0.001 -17"><span class='ocrx_word' id='word_1_36' title='bbox 140 599 277 644; x_wconf 89' lang='lat' dir='ltr'><strong>animi</strong></span> <span class='ocrx_word' id='word_1_37' title='bbox 304 599 524 661; x_wconf 86' lang='lat' dir='ltr'><strong>percitus,</strong></span> <span class='ocrx_word' id='word_1_38' title='bbox 548 598 603 646; x_wconf 90' lang='lat' dir='ltr'><strong>ad</strong></span> <span class='ocrx_word' id='word_1_39' title='bbox 635 597 953 660; x_wconf 86' lang='lat' dir='ltr'><strong>corripiendos</strong></span> <span class='ocrx_word' id='word_1_40' title='bbox 979 597 1182 660; x_wconf 89' lang='lat' dir='ltr'><strong>aliquos,</strong></span> <span class='ocrx_word' id='word_1_41' title='bbox 1203 595 1367 659; x_wconf 86' lang='lat' dir='ltr'><strong>septem</strong></span> <span class='ocrx_word' id='word_1_42' title='bbox 1397 613 1424 643; x_wconf 83' lang='lat' dir='ltr'><strong>a</strong></span> 
     </span>
     <span class='ocr_line' id='line_1_7' title="bbox 141 669 1424 734; baseline -0.003 -15"><span class='ocrx_word' id='word_1_43' title='bbox 141 673 408 720; x_wconf 82' lang='lat' dir='ltr'><strong>Barbatione</strong></span> <span class='ocrx_word' id='word_1_44' title='bbox 422 673 608 734; x_wconf 87' lang='lat' dir='ltr'><strong>petierat</strong></span> <span class='ocrx_word' id='word_1_45' title='bbox 627 688 767 720; x_wconf 85' lang='lat' dir='ltr'><strong>naves</strong></span> <span class='ocrx_word' id='word_1_46' title='bbox 781 707 795 729; x_wconf 88' lang='lat'><strong>,</strong></span> <span class='ocrx_word' id='word_1_47' title='bbox 809 687 865 717; x_wconf 85' lang='lat' dir='ltr'><strong>ex</strong></span> <span class='ocrx_word' id='word_1_48' title='bbox 884 670 976 727; x_wconf 88' lang='lat' dir='ltr'><strong>his,</strong></span> <span class='ocrx_word' id='word_1_49' title='bbox 995 686 1103 733; x_wconf 88' lang='lat' dir='ltr'><strong>quas</strong></span> <span class='ocrx_word' id='word_1_50' title='bbox 1124 669 1250 716; x_wconf 88' lang='lat' dir='ltr'><strong>velut</strong></span> <span class='ocrx_word' id='word_1_51' title='bbox 1268 669 1424 716; x_wconf 83' lang='lat' dir='ltr'><strong>transi-</strong></span> 
     </span>
     <span class='ocr_line' id='line_1_8' title="bbox 140 744 1425 808; baseline -0.003 -18"><span class='ocrx_word' id='word_1_52' title='bbox 140 757 267 797; x_wconf 81' lang='lat' dir='ltr'><strong>turus</strong></span> <span class='ocrx_word' id='word_1_53' title='bbox 285 761 484 803; x_wconf 89' lang='lat' dir='ltr'><strong>amnem,</strong></span> <span class='ocrx_word' id='word_1_54' title='bbox 502 744 558 790; x_wconf 89' lang='lat' dir='ltr'><strong>ad</strong></span> <span class='ocrx_word' id='word_1_55' title='bbox 576 744 958 808; x_wconf 79' lang='lat' dir='ltr'>compaginandos</span> <span class='ocrx_word' id='word_1_56' title='bbox 979 755 1216 805; x_wconf 85' lang='lat' dir='ltr'><strong>paraverat</strong></span> <span class='ocrx_word' id='word_1_57' title='bbox 1233 753 1394 803; x_wconf 83' lang='lat' dir='ltr'><strong>pontes</strong></span> <span class='ocrx_word' id='word_1_58' title='bbox 1411 759 1425 787; x_wconf 72' lang='lat' dir='ltr'><strong>t</strong></span> 
     </span>
     <span class='ocr_line' id='line_1_9' title="bbox 142 814 1427 881; baseline -0.001 -18"><span class='ocrx_word' id='word_1_59' title='bbox 142 819 245 881; x_wconf 84' lang='lat' dir='ltr'><strong>qui,</strong></span> <span class='ocrx_word' id='word_1_60' title='bbox 265 835 321 864; x_wconf 88' lang='lat' dir='ltr'><strong>ne</strong></span> <span class='ocrx_word' id='word_1_61' title='bbox 340 818 448 881; x_wconf 87' lang='lat' dir='ltr'><strong>quid</strong></span> <span class='ocrx_word' id='word_1_62' title='bbox 465 834 541 880; x_wconf 91' lang='lat' dir='ltr'><strong>per</strong></span> <span class='ocrx_word' id='word_1_63' title='bbox 560 834 660 865; x_wconf 88' lang='lat' dir='ltr'><strong>eum</strong></span> <span class='ocrx_word' id='word_1_64' title='bbox 681 818 1016 880; x_wconf 83' lang='lat' dir='ltr'><strong>impetraretur,</strong></span> <span class='ocrx_word' id='word_1_65' title='bbox 1037 830 1196 861; x_wconf 89' lang='lat' dir='ltr'><strong>omnes</strong></span> <span class='ocrx_word' id='word_1_66' title='bbox 1211 814 1427 862; x_wconf 71' lang='lat' dir='ltr'><strong>incendit·</strong></span> 
     </span>
     <span class='ocr_line' id='line_1_10' title="bbox 141 887 1424 953; baseline -0.004 -14"><span class='ocrx_word' id='word_1_67' title='bbox 141 892 318 939; x_wconf 60' lang='lat' dir='ltr'><strong>Dostus</strong></span> <span class='ocrx_word' id='word_1_68' title='bbox 338 890 531 953; x_wconf 88' lang='lat' dir='ltr'><strong>denique</strong></span> <span class='ocrx_word' id='word_1_69' title='bbox 554 890 897 953; x_wconf 78' lang='lat' dir='ltr'><strong>exploratorum</strong></span> <span class='ocrx_word' id='word_1_70' title='bbox 917 887 1142 935; x_wconf 77' lang='lat' dir='ltr'><strong>delatione</strong></span> <span class='ocrx_word' id='word_1_71' title='bbox 1173 904 1328 935; x_wconf 81' lang='lat' dir='ltr'><strong>recens</strong></span> <span class='ocrx_word' id='word_1_72' title='bbox 1348 904 1424 934; x_wconf 86' lang='lat' dir='ltr'><strong>ca·</strong></span> 
     </span>
     <span class='ocr_line' id='line_1_11' title="bbox 143 960 1428 1026; baseline -0.002 -17"><span class='ocrx_word' id='word_1_73' title='bbox 143 977 326 1026; x_wconf 84' lang='lat' dir='ltr'><strong>ptorum</strong></span> <span class='ocrx_word' id='word_1_74' title='bbox 339 1000 352 1021; x_wconf 95' lang='lat'><strong>,</strong></span> <span class='ocrx_word' id='word_1_75' title='bbox 368 964 511 1011; x_wconf 85' lang='lat' dir='ltr'><strong>aestate</strong></span> <span class='ocrx_word' id='word_1_76' title='bbox 523 963 610 1025; x_wconf 86' lang='lat' dir='ltr'><strong>jam</strong></span> <span class='ocrx_word' id='word_1_77' title='bbox 624 963 794 1009; x_wconf 88' lang='lat' dir='ltr'><strong>torrida</strong></span> <span class='ocrx_word' id='word_1_78' title='bbox 809 961 1002 1010; x_wconf 77' lang='lat' dir='ltr'><strong>fluvium</strong></span> <span class='ocrx_word' id='word_1_79' title='bbox 1018 963 1140 1008; x_wconf 90' lang='lat' dir='ltr'><strong>vado</strong></span> <span class='ocrx_word' id='word_1_80' title='bbox 1153 961 1274 1024; x_wconf 69' lang='lat' dir='ltr'><strong>posse</strong></span> <span class='ocrx_word' id='word_1_81' title='bbox 1289 960 1428 1007; x_wconf 86' lang='lat' dir='ltr'><strong>trans-</strong></span> 
     </span>
     <span class='ocr_line' id='line_1_12' title="bbox 143 1035 1427 1101; baseline -0.004 -17"><span class='ocrx_word' id='word_1_82' title='bbox 143 1038 195 1084; x_wconf 89' lang='lat' dir='ltr'><strong>iri</strong></span> <span class='ocrx_word' id='word_1_83' title='bbox 212 1073 225 1095; x_wconf 84' lang='lat'>‚</span> <span class='ocrx_word' id='word_1_84' title='bbox 239 1038 441 1101; x_wconf 74' lang='lat' dir='ltr'><strong>hortatus</strong></span> <span class='ocrx_word' id='word_1_85' title='bbox 458 1037 690 1084; x_wconf 81' lang='lat' dir='ltr'><strong>auxiliares</strong></span> <span class='ocrx_word' id='word_1_86' title='bbox 706 1036 865 1082; x_wconf 87' lang='lat' dir='ltr'><strong>velites</strong></span> <span class='ocrx_word' id='word_1_87' title='bbox 886 1052 985 1083; x_wconf 88' lang='lat' dir='ltr'><strong>cum</strong></span> <span class='ocrx_word' id='word_1_88' title='bbox 1004 1035 1291 1082; x_wconf 84' lang='lat' dir='ltr'><strong>Bainobaude</strong></span> <span class='ocrx_word' id='word_1_89' title='bbox 1308 1036 1427 1081; x_wconf 80' lang='lat' dir='ltr'><strong>Cor-</strong></span> 
     </span>
     <span class='ocr_line' id='line_1_13' title="bbox 146 1108 1429 1171; baseline -0.003 -13"><span class='ocrx_word' id='word_1_90' title='bbox 146 1124 356 1158; x_wconf 80' lang='lat' dir='ltr'><strong>nutorum</strong></span> <span class='ocrx_word' id='word_1_91' title='bbox 373 1112 558 1158; x_wconf 87' lang='lat' dir='ltr'><strong>tribuno</strong></span> <span class='ocrx_word' id='word_1_92' title='bbox 575 1111 706 1169; x_wconf 83' lang='lat' dir='ltr'><strong>misit,</strong></span> <span class='ocrx_word' id='word_1_93' title='bbox 723 1110 899 1158; x_wconf 88' lang='lat' dir='ltr'><strong>facinus</strong></span> <span class='ocrx_word' id='word_1_94' title='bbox 917 1109 1227 1168; x_wconf 78' lang='lat' dir='ltr'><strong>memorabile,</strong></span> <span class='ocrx_word' id='word_1_95' title='bbox 1239 1108 1271 1155; x_wconf 83' lang='lat' dir='ltr'><strong>si</strong></span> <span class='ocrx_word' id='word_1_96' title='bbox 1289 1108 1429 1171; x_wconf 63' lang='lat' dir='ltr'><strong>iuvis-</strong></span> 
     </span>
     <span class='ocr_line' id='line_1_14' title="bbox 144 1181 1428 1248; baseline -0.003 -17"><span class='ocrx_word' id='word_1_97' title='bbox 144 1185 206 1232; x_wconf 87' lang='lat' dir='ltr'><strong>set</strong></span> <span class='ocrx_word' id='word_1_98' title='bbox 222 1184 331 1243; x_wconf 88' lang='lat' dir='ltr'><strong>fors,</strong></span> <span class='ocrx_word' id='word_1_99' title='bbox 349 1196 625 1248; x_wconf 85' lang='lat' dir='ltr'><strong>patraturos:</strong></span> <span class='ocrx_word' id='word_1_100' title='bbox 646 1182 722 1246; x_wconf 83' lang='lat' dir='ltr'><strong>qui</strong></span> <span class='ocrx_word' id='word_1_101' title='bbox 740 1200 859 1230; x_wconf 89' lang='lat' dir='ltr'><strong>nunc</strong></span> <span class='ocrx_word' id='word_1_102' title='bbox 877 1183 1131 1230; x_wconf 84' lang='lat' dir='ltr'><strong>incedendo</strong></span> <span class='ocrx_word' id='word_1_103' title='bbox 1149 1198 1229 1245; x_wconf 86' lang='lat' dir='ltr'><strong>per</strong></span> <span class='ocrx_word' id='word_1_104' title='bbox 1246 1181 1428 1240; x_wconf 85' lang='lat' dir='ltr'><strong>brevia,</strong></span> 
     </span>
     <span class='ocr_line' id='line_1_15' title="bbox 145 1253 1430 1322; baseline -0.004 -15"><span class='ocrx_word' id='word_1_105' title='bbox 145 1259 387 1322; x_wconf 81' lang='lat' dir='ltr'><strong>aliquoties</strong></span> <span class='ocrx_word' id='word_1_106' title='bbox 422 1258 557 1306; x_wconf 90' lang='lat' dir='ltr'><strong>scutis</strong></span> <span class='ocrx_word' id='word_1_107' title='bbox 596 1258 642 1304; x_wconf 92' lang='lat' dir='ltr'><strong>in</strong></span> <span class='ocrx_word' id='word_1_108' title='bbox 673 1257 859 1304; x_wconf 88' lang='lat' dir='ltr'><strong>modum</strong></span> <span class='ocrx_word' id='word_1_109' title='bbox 893 1257 1131 1303; x_wconf 85' lang='lat' dir='ltr'><strong>alveorum</strong></span> <span class='ocrx_word' id='word_1_110' title='bbox 1168 1253 1430 1319; x_wconf 70' lang='lat' dir='ltr'><strong>suppositis,</strong></span> 
     </span>
     <span class='ocr_line' id='line_1_16' title="bbox 146 1328 1429 1393; baseline -0.002 -14"><span class='ocrx_word' id='word_1_111' title='bbox 146 1333 297 1380; x_wconf 88' lang='lat' dir='ltr'><strong>nando</strong></span> <span class='ocrx_word' id='word_1_112' title='bbox 330 1333 386 1380; x_wconf 88' lang='lat' dir='ltr'><strong>ad</strong></span> <span class='ocrx_word' id='word_1_113' title='bbox 410 1332 596 1380; x_wconf 86' lang='lat' dir='ltr'><strong>insulam</strong></span> <span class='ocrx_word' id='word_1_114' title='bbox 628 1347 793 1378; x_wconf 86' lang='lat' dir='ltr'><strong>venere</strong></span> <span class='ocrx_word' id='word_1_115' title='bbox 822 1329 1157 1393; x_wconf 56' lang='lat' dir='ltr'><strong>propinquante</strong></span> <span class='ocrx_word' id='word_1_116' title='bbox 1185 1328 1429 1393; x_wconf 69' lang='lat' dir='ltr'><strong>egressique</strong></span> 
     </span>
     <span class='ocr_line' id='line_1_17' title="bbox 146 1402 1431 1470; baseline -0.002 -18"><span class='ocrx_word' id='word_1_117' title='bbox 146 1405 398 1470; x_wconf 86' lang='lat' dir='ltr'><strong>promiscue</strong></span> <span class='ocrx_word' id='word_1_118' title='bbox 419 1405 551 1454; x_wconf 85' lang='lat' dir='ltr'><strong>virile</strong></span> <span class='ocrx_word' id='word_1_119' title='bbox 572 1406 621 1452; x_wconf 68' lang='grc' dir='ltr'><strong>ὃ(</strong></span> <span class='ocrx_word' id='word_1_120' title='bbox 640 1403 858 1450; x_wconf 89' lang='lat' dir='ltr'><strong>muliebre</strong></span> <span class='ocrx_word' id='word_1_121' title='bbox 883 1402 1004 1450; x_wconf 88' lang='lat' dir='ltr'><strong>secus</strong></span> <span class='ocrx_word' id='word_1_122' title='bbox 1020 1440 1032 1462; x_wconf 94' lang='lat'>‚</span> <span class='ocrx_word' id='word_1_123' title='bbox 1055 1404 1144 1451; x_wconf 86' lang='lat' dir='ltr'><strong>fine</strong></span> <span class='ocrx_word' id='word_1_124' title='bbox 1170 1403 1311 1450; x_wconf 83' lang='lat' dir='ltr'><strong>aetatis</strong></span> <span class='ocrx_word' id='word_1_125' title='bbox 1330 1403 1431 1450; x_wconf 87' lang='lat' dir='ltr'><strong>ullo</strong></span> 
     </span>
     <span class='ocr_line' id='line_1_18' title="bbox 128 1477 1430 1542; baseline -0.003 -15"><span class='ocrx_word' id='word_1_126' title='bbox 128 1480 429 1542; x_wconf 74' lang='lat' dir='ltr'><strong>discrimine,</strong></span> <span class='ocrx_word' id='word_1_127' title='bbox 459 1477 741 1526; x_wconf 86' lang='lat' dir='ltr'><strong>trucidabant</strong></span> <span class='ocrx_word' id='word_1_128' title='bbox 775 1491 825 1524; x_wconf 83' lang='lat' dir='ltr'><strong>ut</strong></span> <span class='ocrx_word' id='word_1_129' title='bbox 851 1477 1074 1540; x_wconf 82' lang='lat' dir='ltr'><strong>pecudes:</strong></span> <span class='ocrx_word' id='word_1_130' title='bbox 1102 1477 1307 1540; x_wconf 57' lang='lat' dir='ltr'><strong>uastique</strong></span> <span class='ocrx_word' id='word_1_131' title='bbox 1344 1493 1430 1523; x_wconf 87' lang='lat' dir='ltr'><strong>va-</strong></span> 
     </span>
     <span class='ocr_line' id='line_1_19' title="bbox 150 1547 1432 1614; baseline -0.004 -15"><span class='ocrx_word' id='word_1_132' title='bbox 150 1569 251 1600; x_wconf 86' lang='lat' dir='ltr'><strong>cuas</strong></span> <span class='ocrx_word' id='word_1_133' title='bbox 276 1552 458 1610; x_wconf 82' lang='lat' dir='ltr'><strong>lintres,</strong></span> <span class='ocrx_word' id='word_1_134' title='bbox 475 1566 555 1614; x_wconf 89' lang='lat' dir='ltr'><strong>per</strong></span> <span class='ocrx_word' id='word_1_135' title='bbox 582 1565 652 1596; x_wconf 89' lang='lat' dir='ltr'><strong>eas</strong></span> <span class='ocrx_word' id='word_1_136' title='bbox 675 1549 778 1596; x_wconf 89' lang='lat' dir='ltr'><strong>licet</strong></span> <span class='ocrx_word' id='word_1_137' title='bbox 799 1549 1063 1596; x_wconf 85' lang='lat' dir='ltr'><strong>vacillantes</strong></span> <span class='ocrx_word' id='word_1_138' title='bbox 1088 1548 1258 1608; x_wconf 74' lang='lat' dir='ltr'><strong>eveffi,</strong></span> <span class='ocrx_word' id='word_1_139' title='bbox 1279 1547 1432 1611; x_wconf 78' lang='lat' dir='ltr'><strong>hujus-</strong></span> 
     </span>
     <span class='ocr_line' id='line_1_20' title="bbox 149 1620 1430 1687; baseline -0.005 -13"><span class='ocrx_word' id='word_1_140' title='bbox 149 1626 274 1674; x_wconf 84' lang='lat' dir='ltr'><strong>modi</strong></span> <span class='ocrx_word' id='word_1_141' title='bbox 304 1625 405 1674; x_wconf 92' lang='lat' dir='ltr'><strong>loca</strong></span> <span class='ocrx_word' id='word_1_142' title='bbox 436 1624 624 1687; x_wconf 89' lang='lat' dir='ltr'><strong>plurima</strong></span> <span class='ocrx_word' id='word_1_143' title='bbox 652 1634 983 1687; x_wconf 85' lang='lat' dir='ltr'><strong>perruperunt:</strong></span> <span class='ocrx_word' id='word_1_144' title='bbox 1011 1624 1088 1683; x_wconf 86' lang='lat'><strong>&amp;‚</strong></span> <span class='ocrx_word' id='word_1_145' title='bbox 1116 1622 1193 1669; x_wconf 90' lang='lat' dir='ltr'><strong>ubi</strong></span> <span class='ocrx_word' id='word_1_146' title='bbox 1230 1620 1430 1670; x_wconf 83' lang='lat' dir='ltr'><strong>caedendi</strong></span> 
     </span>
     <span class='ocr_line' id='line_1_21' title="bbox 150 1695 1432 1764; baseline -0.005 -16"><span class='ocrx_word' id='word_1_147' title='bbox 150 1700 320 1748; x_wconf 86' lang='lat' dir='ltr'><strong>satietas</strong></span> <span class='ocrx_word' id='word_1_148' title='bbox 356 1699 503 1764; x_wconf 88' lang='lat' dir='ltr'><strong>cepit,</strong></span> <span class='ocrx_word' id='word_1_149' title='bbox 537 1698 775 1761; x_wconf 86' lang='lat' dir='ltr'><strong>opimitate</strong></span> <span class='ocrx_word' id='word_1_150' title='bbox 810 1697 1057 1760; x_wconf 80' lang='lat' dir='ltr'><strong>praedarum</strong></span> <span class='ocrx_word' id='word_1_151' title='bbox 1093 1696 1268 1756; x_wconf 82' lang='lat' dir='ltr'><strong>onusti,</strong></span> <span class='ocrx_word' id='word_1_152' title='bbox 1304 1695 1432 1758; x_wconf 81' lang='lat' dir='ltr'><strong>cujus</strong></span> 
     </span>
     <span class='ocr_line' id='line_1_22' title="bbox 148 1772 1434 1840; baseline -0.005 -16"><span class='ocrx_word' id='word_1_153' title='bbox 148 1789 321 1840; x_wconf 86' lang='lat' dir='ltr'><strong>partem</strong></span> <span class='ocrx_word' id='word_1_154' title='bbox 340 1775 391 1822; x_wconf 88' lang='lat' dir='ltr'><strong>vi</strong></span> <span class='ocrx_word' id='word_1_155' title='bbox 409 1774 605 1822; x_wconf 84' lang='lat' dir='ltr'><strong>fluminis</strong></span> <span class='ocrx_word' id='word_1_156' title='bbox 634 1773 908 1831; x_wconf 73' lang='lat' dir='ltr'><strong>amiserunt,</strong></span> <span class='ocrx_word' id='word_1_157' title='bbox 930 1772 1102 1819; x_wconf 84' lang='lat' dir='ltr'><strong>rediere</strong></span> <span class='ocrx_word' id='word_1_158' title='bbox 1122 1789 1280 1820; x_wconf 89' lang='lat' dir='ltr'><strong>omnes</strong></span> <span class='ocrx_word' id='word_1_159' title='bbox 1300 1772 1434 1820; x_wconf 87' lang='lat' dir='ltr'><strong>inco-</strong></span> 
     </span>
     <span class='ocr_line' id='line_1_23' title="bbox 149 1845 1432 1912; baseline -0.001 -17"><span class='ocrx_word' id='word_1_160' title='bbox 149 1849 302 1896; x_wconf 82' lang='lat' dir='ltr'><strong>lumes.</strong></span> <span class='ocrx_word' id='word_1_161' title='bbox 321 1849 516 1912; x_wconf 87' lang='lat' dir='ltr'><strong>Hocque</strong></span> <span class='ocrx_word' id='word_1_162' title='bbox 532 1858 769 1910; x_wconf 88' lang='lat' dir='ltr'><strong>comperto</strong></span> <span class='ocrx_word' id='word_1_163' title='bbox 787 1845 943 1893; x_wconf 81' lang='lat' dir='ltr'><strong>residui</strong></span> <span class='ocrx_word' id='word_1_164' title='bbox 961 1847 1199 1906; x_wconf 87' lang='lat' dir='ltr'><strong>Germani,</strong></span> <span class='ocrx_word' id='word_1_165' title='bbox 1221 1858 1269 1893; x_wconf 88' lang='lat' dir='ltr'><strong>ut</strong></span> <span class='ocrx_word' id='word_1_166' title='bbox 1288 1846 1432 1894; x_wconf 81' lang='lat' dir='ltr'><strong>infido</strong></span> 
     </span>
     <span class='ocr_line' id='line_1_24' title="bbox 151 1918 1434 1984; baseline -0.004 -17"><span class='ocrx_word' id='word_1_167' title='bbox 151 1920 355 1984; x_wconf 82' lang='lat' dir='ltr'><strong>praesidio</strong></span> <span class='ocrx_word' id='word_1_168' title='bbox 389 1919 631 1967; x_wconf 84' lang='lat' dir='ltr'><strong>insularum</strong></span> <span class='ocrx_word' id='word_1_169' title='bbox 661 1919 848 1975; x_wconf 59' lang='lat' dir='ltr'><strong>reliffito,</strong></span> <span class='ocrx_word' id='word_1_170' title='bbox 868 1918 920 1964; x_wconf 87' lang='lat' dir='ltr'><strong>ad</strong></span> <span class='ocrx_word' id='word_1_171' title='bbox 952 1918 1165 1966; x_wconf 88' lang='lat' dir='ltr'><strong>ulteriora</strong></span> <span class='ocrx_word' id='word_1_172' title='bbox 1197 1918 1434 1966; x_wconf 66' lang='lat' dir='ltr'><strong>necessitu-</strong></span> 
     </span>
     <span class='ocr_line' id='line_1_25' title="bbox 151 1986 1436 2055; baseline 0 -17"><span class='ocrx_word' id='word_1_173' title='bbox 151 1992 276 2039; x_wconf 92' lang='lat' dir='ltr'><strong>dines</strong></span> <span class='ocrx_word' id='word_1_174' title='bbox 313 1993 362 2039; x_wconf 88' lang='lat'>&amp;</span> <span class='ocrx_word' id='word_1_175' title='bbox 398 1990 545 2055; x_wconf 86' lang='lat' dir='ltr'><strong>fruges</strong></span> <span class='ocrx_word' id='word_1_176' title='bbox 588 1990 784 2055; x_wconf 85' lang='lat' dir='ltr'><strong>opesque</strong></span> <span class='ocrx_word' id='word_1_177' title='bbox 830 1989 1076 2038; x_wconf 84' lang='lat' dir='ltr'><strong>barbaricas</strong></span> <span class='ocrx_word' id='word_1_178' title='bbox 1124 1986 1436 2038; x_wconf 85' lang='lat' dir='ltr'><strong>contulerunt.</strong></span> 
     </span>
     <span class='ocr_line' id='line_1_26' title="bbox 152 2060 1437 2124; baseline -0.002 -14"><span class='ocrx_word' id='word_1_179' title='bbox 152 2061 413 2110; x_wconf 88' lang='lat' dir='ltr'><strong>Conversus</strong></span> <span class='ocrx_word' id='word_1_180' title='bbox 432 2061 538 2108; x_wconf 88' lang='lat' dir='ltr'><strong>hinc</strong></span> <span class='ocrx_word' id='word_1_181' title='bbox 563 2061 763 2110; x_wconf 88' lang='lat' dir='ltr'><strong>Julianus</strong></span> <span class='ocrx_word' id='word_1_182' title='bbox 787 2062 841 2108; x_wconf 91' lang='lat' dir='ltr'><strong>ad</strong></span> <span class='ocrx_word' id='word_1_183' title='bbox 867 2061 1132 2124; x_wconf 84' lang='lat' dir='ltr'><strong>reparandas</strong></span> <span class='ocrx_word' id='word_1_184' title='bbox 1151 2060 1437 2108; x_wconf 82' lang='lat' dir='ltr'><strong>Tres-taber-</strong></span> 
     </span>
     <span class='ocr_line' id='line_1_27' title="bbox 153 2134 1437 2200; baseline 0.002 -20"><span class='ocrx_word' id='word_1_185' title='bbox 153 2152 258 2193; x_wconf 85' lang='lat' dir='ltr'><strong>nas,</strong></span> <span class='ocrx_word' id='word_1_186' title='bbox 276 2135 605 2184; x_wconf 87' lang='lat' dir='ltr'><strong>munimentum</strong></span> <span class='ocrx_word' id='word_1_187' title='bbox 625 2135 684 2183; x_wconf 90' lang='lat' dir='ltr'><strong>ita</strong></span> <span class='ocrx_word' id='word_1_188' title='bbox 707 2137 1080 2200; x_wconf 82' lang='lat' dir='ltr'><strong>cognominatum</strong></span> <span class='ocrx_word' id='word_1_189' title='bbox 1093 2173 1107 2193; x_wconf 95' lang='lat'><strong>,</strong></span> <span class='ocrx_word' id='word_1_190' title='bbox 1126 2136 1242 2183; x_wconf 86' lang='lat' dir='ltr'><strong>haud</strong></span> <span class='ocrx_word' id='word_1_191' title='bbox 1270 2134 1329 2183; x_wconf 89' lang='lat' dir='ltr'><strong>ita</strong></span> <span class='ocrx_word' id='word_1_192' title='bbox 1349 2136 1437 2182; x_wconf 89' lang='lat' dir='ltr'><strong>du-</strong></span> 
     </span>
     <span class='ocr_line' id='line_1_28' title="bbox 157 2207 1434 2274; baseline 0.002 -21"><span class='ocrx_word' id='word_1_193' title='bbox 157 2208 259 2254; x_wconf 88' lang='lat' dir='ltr'><strong>dum</strong></span> <span class='ocrx_word' id='word_1_194' title='bbox 287 2207 590 2256; x_wconf 87' lang='lat' dir='ltr'><strong>obstinatione</strong></span> <span class='ocrx_word' id='word_1_195' title='bbox 609 2208 868 2256; x_wconf 87' lang='lat' dir='ltr'><strong>subversum</strong></span> <span class='ocrx_word' id='word_1_196' title='bbox 896 2209 1045 2256; x_wconf 89' lang='lat' dir='ltr'><strong>hostili</strong></span> <span class='ocrx_word' id='word_1_197' title='bbox 1068 2208 1191 2274; x_wconf 86' lang='lat' dir='ltr'><strong>(quo</strong></span> <span class='ocrx_word' id='word_1_198' title='bbox 1213 2207 1434 2256; x_wconf 86' lang='lat' dir='ltr'><strong>aedificato</strong></span> 
     </span>
     <span class='ocr_line' id='line_1_29' title="bbox 160 2279 1437 2340; baseline 0.002 -14"><span class='ocrx_word' id='word_1_199' title='bbox 160 2279 408 2340; x_wconf 86' lang='lat' dir='ltr'><strong>constabat,</strong></span> <span class='ocrx_word' id='word_1_200' title='bbox 430 2282 486 2329; x_wconf 92' lang='lat' dir='ltr'><strong>ad</strong></span> <span class='ocrx_word' id='word_1_201' title='bbox 508 2281 665 2329; x_wconf 86' lang='lat' dir='ltr'><strong>intima</strong></span> <span class='ocrx_word' id='word_1_202' title='bbox 693 2283 942 2330; x_wconf 88' lang='lat' dir='ltr'><strong>Galliarum</strong></span> <span class='ocrx_word' id='word_1_203' title='bbox 958 2320 973 2340; x_wconf 91' lang='lat'><strong>,</strong></span> <span class='ocrx_word' id='word_1_204' title='bbox 996 2295 1045 2330; x_wconf 88' lang='lat' dir='ltr'><strong>ut</strong></span> <span class='ocrx_word' id='word_1_205' title='bbox 1072 2282 1403 2330; x_wconf 84' lang='lat' dir='ltr'><strong>consueverant</strong></span> <span class='ocrx_word' id='word_1_206' title='bbox 1423 2317 1437 2340; x_wconf 88' lang='lat'><strong><em>‚</em></strong></span> 
     </span>
     <span class='ocr_line' id='line_1_30' title="bbox 159 2352 1436 2420; baseline 0.002 -23"><span class='ocrx_word' id='word_1_207' title='bbox 159 2352 278 2400; x_wconf 87' lang='lat' dir='ltr'><strong>adire</strong></span> <span class='ocrx_word' id='word_1_208' title='bbox 308 2355 562 2402; x_wconf 89' lang='lat' dir='ltr'><strong>Germanos</strong></span> <span class='ocrx_word' id='word_1_209' title='bbox 591 2354 765 2420; x_wconf 85' lang='lat' dir='ltr'><strong>arceri)</strong></span> <span class='ocrx_word' id='word_1_210' title='bbox 787 2357 836 2404; x_wconf 88' lang='lat'>&amp;</span> <span class='ocrx_word' id='word_1_211' title='bbox 863 2373 978 2419; x_wconf 87' lang='lat' dir='ltr'><strong>opus</strong></span> <span class='ocrx_word' id='word_1_212' title='bbox 1004 2356 1076 2419; x_wconf 87' lang='lat' dir='ltr'><strong>spe</strong></span> <span class='ocrx_word' id='word_1_213' title='bbox 1103 2356 1291 2404; x_wconf 86' lang='lat' dir='ltr'><strong>celerius</strong></span> <span class='ocrx_word' id='word_1_214' title='bbox 1320 2373 1436 2403; x_wconf 84' lang='lat' dir='ltr'><strong>con·</strong></span> 
     </span>
     <span class='ocr_line' id='line_1_31' title="bbox 159 2423 1436 2486; baseline 0.002 -15"><span class='ocrx_word' id='word_1_215' title='bbox 159 2423 420 2486; x_wconf 87' lang='lat' dir='ltr'><strong>summavit,</strong></span> <span class='ocrx_word' id='word_1_216' title='bbox 449 2429 500 2476; x_wconf 89' lang='lat'>&amp;</span> <span class='ocrx_word' id='word_1_217' title='bbox 531 2427 699 2477; x_wconf 61' lang='lat' dir='ltr'><strong>visium</strong></span> <span class='ocrx_word' id='word_1_218' title='bbox 728 2428 1035 2476; x_wconf 86' lang='lat' dir='ltr'><strong>defensoribus</strong></span> <span class='ocrx_word' id='word_1_219' title='bbox 1062 2429 1124 2476; x_wconf 90' lang='lat' dir='ltr'><strong>ibi</strong></span> <span class='ocrx_word' id='word_1_220' title='bbox 1153 2429 1359 2477; x_wconf 88' lang='lat' dir='ltr'><strong>locandis</strong></span> <span class='ocrx_word' id='word_1_221' title='bbox 1379 2445 1436 2475; x_wconf 74' lang='lat' dir='ltr'><strong>ex</strong></span> 
     </span>
     <span class='ocr_line' id='line_1_32' title="bbox 160 2500 1439 2561; baseline 0 -15"><span class='ocrx_word' id='word_1_222' title='bbox 160 2500 395 2549; x_wconf 88' lang='lat' dir='ltr'><strong>barbaricis</strong></span> <span class='ocrx_word' id='word_1_223' title='bbox 416 2503 650 2561; x_wconf 86' lang='lat' dir='ltr'><strong>meflibus,</strong></span> <span class='ocrx_word' id='word_1_224' title='bbox 678 2519 774 2551; x_wconf 87' lang='lat' dir='ltr'><strong>non</strong></span> <span class='ocrx_word' id='word_1_225' title='bbox 799 2503 887 2551; x_wconf 88' lang='lat' dir='ltr'><strong>fine</strong></span> <span class='ocrx_word' id='word_1_226' title='bbox 908 2502 1174 2552; x_wconf 86' lang='lat' dir='ltr'><strong>discriminis</strong></span> <span class='ocrx_word' id='word_1_227' title='bbox 1198 2516 1318 2550; x_wconf 86' lang='lat' dir='ltr'><strong>metu</strong></span> <span class='ocrx_word' id='word_1_228' title='bbox 1340 2502 1439 2549; x_wconf 87' lang='lat' dir='ltr'><strong>col·</strong></span> 
     </span>
     <span class='ocr_line' id='line_1_33' title="bbox 1070 2578 1184 2637; baseline 0.009 -1"><span class='ocrx_word' id='word_1_229' title='bbox 1070 2578 1113 2623; x_wconf 89' lang='lat' dir='ltr'>G</span> <span class='ocrx_word' id='word_1_230' title='bbox 1154 2594 1184 2637; x_wconf 86' lang='lat'>4</span> 
     </span>
    </p>
   </div>
  </div>
 </body>
</html>
