1626 2917
180 48 269 129 '40
406 74 744 125 AumANt
796 71 1296 120 MARCELmNt

210 181 275 238 ri,
306 198 397 243 quo
434 178 765 241 Epaminondas
802 179 875 224 ille
923 179 1014 224 dux
1054 178 1262 235 inclitus,
1300 176 1491 226 letaliter

209 253 325 316 apud
344 255 618 299 Mantineam
640 253 811 298 saucius
828 287 839 309 ‚
861 254 908 298 ὅ(
927 252 1129 299 Γενεξὶιιε
1150 267 1204 297 ex
1230 250 1349 305 acie,
1370 268 1490 298 con-

143 376 146 377 r
209 328 417 389 quirebat
442 327 629 373 sollicite
658 327 828 374 scutum
852 344 862 370 z
891 327 1017 389 quod
1042 343 1143 373 cum
1176 326 1351 372 vidiffet
1382 342 1492 388 pro-

208 403 335 464 pius,
371 403 518 449 laetior
555 404 600 449 vi
633 403 833 451 vulneris
866 402 1033 449 interiit
1060 419 1069 447 :
1107 403 1156 449 &
1184 401 1262 465 qui
1297 402 1494 450 animam

210 473 459 535 intrepidus
495 475 754 532 amittebat,
786 474 995 537 ja&t1ram
1032 474 1181 538 clypei
1216 473 1497 524 formidavit.

211 548 296 593 Sed
336 566 437 594 cum
478 550 594 596 vires
622 567 775 611 parum
814 550 1067 596 sufficerent
1105 548 1364 603 voluntati,
1397 549 1495 597 san-

211 622 444 684 guinisque
478 623 709 684 profluvio
744 636 1010 679 vexaretur,
1032 622 1186 669 mansit
1219 622 1496 671 immobilis:

209 695 315 742 ideo
336 697 408 759 spe
437 696 646 761 deinceps
677 699 868 746 vivendi
896 697 1125 755 absumta,
1154 698 1281 761 quod
1300 715 1498 760 percon-

212 769 351 815 tando
387 770 631 834 Phrygiam
666 771 879 833 appellari
916 772 1068 818 locum
1089 806 1102 828 ‚
1133 770 1209 817 ubi
1245 770 1501 827 ceciderat,

212 843 445 902 comperit.
480 844 564 889 Hic
588 844 708 889 enim
735 845 966 890 obiturum
996 843 1036 889 se
1069 842 1319 905 praescripta
1346 843 1499 890 audie-

212 925 281 957 rat
304 911 435 960 sorte.
462 915 666 961 Recluc'to
685 916 740 961 ad
759 915 953 961 tentoria
973 914 1182 976 Principe
1201 949 1215 969 ‚
1236 915 1500 962 incredibile

214 983 333 1030 dian
354 985 443 1044 est,
461 1000 632 1048 quanto
667 988 828 1034 ardore
860 988 985 1034 miles
1015 989 1070 1033 ad
1100 987 1344 1033 vindiciam
1365 986 1429 1033 ira
1448 988 1500 1035 &

214 1056 377 1104 dolore
410 1058 661 1106 ferventior
689 1059 958 1115 involabat‚
982 1059 1123 1106 hastas
1153 1060 1209 1105 ad
1240 1059 1360 1105 scuta
1382 1075 1502 1106 con-

214 1145 400 1191 crepans
416 1165 430 1186 ,
451 1132 583 1178 etiam
615 1135 758 1192 mori,
776 1135 805 1179 si
825 1134 988 1180 tulifl'et
1013 1133 1132 1190 fors,
1153 1132 1415 1179 obstinatus.
1445 1133 1503 1180 Et

214 1202 426 1264 quamvis
457 1203 774 1251 offundebatur
805 1206 950 1252 oculis
983 1205 1174 1251 altitudo
1199 1205 1400 1267 pulveris
1417 1240 1429 1262 ‚
1450 1205 1503 1253 δε

216 1274 347 1321 aestus
393 1276 612 1325 calescens
652 1280 854 1327 officeret
897 1279 1114 1327 alacritati
1160 1279 1464 1325 membrorum
1487 1296 1508 1334 ;

218 1359 368 1395 tamen
391 1351 515 1397 velut
540 1355 873 1411 exauewratus,
892 1352 1046 1400 amiffo
1066 1353 1275 1409 duciore‚
1298 1352 1387 1398 fine
1407 1369 1508 1414 par-

217 1421 409 1470 fimonia
432 1426 587 1472 ruebat
614 1427 658 1472 in
681 1426 863 1474 ferrum.
891 1429 1065 1475 Contra
1095 1427 1338 1474 animosius
1366 1425 1507 1475 Persae

221 1492 477 1557 sagittarum
501 1497 754 1545 volantium
775 1501 1010 1547 crebritate
1035 1501 1324 1563 conspefium
1354 1498 1416 1546 sui
1439 1516 1507 1545 ra-

219 1566 405 1628 piebant
432 1572 682 1632 oppositis:
717 1588 834 1635 quos
870 1572 1092 1635 elephanti
1131 1572 1300 1618 tardius
1336 1587 1508 1634 praece-

221 1639 401 1698 dentes,
435 1645 741 1706 magnitudine
775 1662 1020 1708 corporum
1050 1646 1368 1708 cristarumque
1399 1647 1510 1691 hor-

150 1776 153 1779 *
221 1727 327 1760 rore
357 1730 578 1774 pavorem
604 1715 815 1777 jumentis
846 1718 1121 1765 incutiebant
1144 1719 1192 1765 &
1225 1718 1349 1764 viris.
1380 1719 1509 1763 Con-

222 1787 375 1832 cursus
406 1786 559 1851 itaque
593 1802 896 1848 armatorum,
929 1792 978 1838 &
1013 1790 1263 1838 cadentium
1294 1789 1509 1852 gemitus,

222 1875 446 1922 equorum
477 1860 606 1908 flatus
623 1899 637 1920 ,
657 1863 845 1910 tinnitus
864 1863 996 1921 ferri,
1029 1863 1188 1926 procul
1218 1862 1510 1918 audiebatur,

223 1935 438 1997 quamdiu
460 1936 654 1983 satietate
680 1938 921 1984 vulnerum
943 1937 1140 1999 partibus
1169 1935 1303 1993 feffis,
1326 1952 1418 1982 nox
1439 1935 1511 1981 di-

225 2009 359 2054 remit
389 2012 631 2057 certamina
655 2012 742 2074 jam
766 2011 1015 2059 tenebrosa,
1044 2009 1386 2072 Quinquaginta
1414 2022 1511 2056 tum

226 2079 452 2127 Persarum
477 2083 715 2144 optimates
746 2083 795 2130 &
828 2083 1006 2145 iatrapae
1033 2100 1133 2130 cum
1167 2081 1294 2143 plebe
1317 2080 1512 2129 maxima

194 2153 489 2203 fceciderunt
505 2190 518 2212 ,
546 2155 662 2201 inter
689 2156 764 2202 has
784 2157 935 2203 turbas
957 2158 1141 2202 Merena
1159 2156 1208 2201 &
1230 2153 1481 2200 Nohodare
1496 2186 1513 2212 ,

227 2228 461 2290 potiffimis
486 2230 698 2289 ducibus,
728 2231 985 2278 interfeffis.
1021 2228 1316 2291 Obstupescat
1338 2225 1512 2288 magni-

231 2300 464 2364 loquentia
510 2304 740 2351 vetustatis
781 2305 965 2351 diversis
1003 2304 1048 2349 in
1087 2303 1198 2350 locis
1238 2300 1399 2364 proelia
1434 2312 1510 2349 XX

228 2376 464 2425 Marcelli:
512 2376 727 2425 Sicinium
766 2381 1017 2428 Dentatum
1054 2377 1260 2438 adjiciat,
1301 2387 1513 2423 ornatum
