1626 2917
297 185 520 232 RERUM
553 184 893 232 GESTARUM
926 184 1032 232 LlB.
1066 183 1240 231 XXIII.
1323 199 1411 249 335

123 291 366 358 praeversa,
387 291 468 356 (id
481 290 600 338 enim
615 291 809 340 curatius
821 289 1118 355 observarat)
1142 290 1417 353 improvisus

123 366 330 431 Affyrios
351 377 610 429 occuparet.
634 365 847 428 Denique
870 381 971 413 cum
998 365 1199 412 exercitu
1222 366 1272 413 &
1296 365 1417 429 Scy-

126 441 302 489 tharum
327 440 505 488 auxiliis
532 441 762 503 Euphrate
793 440 943 486 navali
967 451 1109 502 ponte
1138 439 1416 500 transmisso,

123 513 255 561 venit
287 514 343 560 ad
366 513 526 560 Batnas
554 511 849 574 municipium
878 511 1158 570 Osdroenae,
1179 512 1334 576 ibique
1359 513 1418 560 il-

126 588 320 635 laetabile
351 598 619 650 portentum
651 584 855 633 offendit.
893 586 1012 632 Cum
1048 585 1169 633 enim
1201 588 1418 636 calonum

127 661 342 725 frequens
375 659 619 707 multitudo
654 659 710 706 ad
735 658 1060 721 suscipiendum
1096 649 1316 708 consuete⁴
1336 679 1420 724 pa-

124 734 279 781 bulum
307 749 453 796 prope
480 749 696 780 acervum
725 733 946 794 palearum
980 731 1156 779 stetiss‘et
1185 734 1418 796 impendio

126 806 320 864 celsum,
356 804 478 870 (hoc
509 805 631 852 enim
663 805 807 851 modo
839 821 918 867 per
950 804 1156 867 regiones
1187 805 1284 853 illas
1309 807 1420 855 tales

125 879 295 942 species
333 879 692 940 construuntur)
726 877 1000 939 rapientibus
1034 877 1186 924 multis
1225 880 1421 941 quassata

128 952 363 1017 congeries
383 951 598 999 inclinata
620 950 706 1009 est,
721 949 910 1013 parique
931 948 1073 995 exitio
1092 949 1421 1015 quinquaginta

124 1026 281 1074 obruit
310 1026 520 1072 homines
542 1024 664 1071 mole
685 1022 877 1069 maxima
898 1022 1140 1070 ruinarum.

191 1102 262 1147 111.
290 1098 478 1145 Moestus
500 1097 665 1143 exinde
685 1095 898 1159 digressus
921 1095 1050 1141 venit
1071 1094 1200 1143 cursu
1217 1113 1419 1160 propero

125 1176 286 1221 Carras
304 1209 318 1229 ‚
343 1172 578 1235 antiquum
598 1168 819 1232 oppidum
836 1204 848 1227 ,
866 1168 1123 1215 Crassorum
1151 1171 1201 1216 &
1220 1172 1419 1220 Romani

127 1246 354 1294 exercitus
373 1245 584 1293 aerumnis
603 1243 771 1307 insigne
792 1243 938 1289 :unde
961 1243 1061 1288 duae
1082 1243 1297 1291 ducentes
1316 1247 1420 1293 Per-

127 1321 263 1367 fidem
299 1320 387 1366 viae
414 1319 546 1382 regia:
576 1317 936 1380 distinguuntur,
963 1317 1079 1362 laeva
1112 1334 1193 1378 per
1222 1319 1421 1366 Adiabe-

72 1446 90 1449 ,
127 1410 233 1439 nam
262 1395 312 1440 &
335 1392 594 1456 Tigridem,
615 1390 796 1436 dextera
817 1405 896 1452 per
918 1387 1123 1452 Ass'yrios
1145 1391 1195 1437 &
1214 1392 1422 1453 Euphra-

128 1477 221 1511 ten.
250 1465 315 1510 lbi
335 1476 536 1510 moratus
561 1461 738 1525 aliquot
764 1461 856 1507 dies
881 1461 987 1506 dum
1007 1461 1246 1509 necessaria
1265 1480 1420 1526 parat,

129 1539 181 1585 &
205 1538 372 1596 Lunae,
387 1554 488 1600 quae
506 1533 712 1598 religiose
736 1550 816 1596 per
840 1550 919 1580 eos
937 1532 1104 1581 colitur
1126 1535 1310 1594 tracius,
1329 1537 1423 1586 ritu

130 1611 345 1658 locorum
374 1609 461 1657 fert
488 1608 606 1657 sacra
625 1641 639 1664 ,
667 1607 834 1655 dicitur
862 1620 965 1654 ante
996 1624 1118 1667 aras,
1138 1608 1271 1656 nullo
1298 1611 1424 1657 arbi-

129 1696 307 1732 trorum
329 1684 540 1742 admiffo,
560 1683 743 1730 occulte
762 1681 1128 1744 paludamentum
1146 1701 1421 1746 purpureum

130 1758 394 1821 propinquo
434 1756 515 1803 suo
556 1756 777 1803 tradidisse
811 1756 1074 1817 Procopio,
1108 1758 1421 1823 mandasseque

130 1831 327 1892 arripere
354 1828 566 1875 fidentius
592 1828 920 1891 principatum,
949 1827 979 1873 fi
1011 1828 1052 1874 se
1080 1828 1273 1877 interiffe
1304 1831 1421 1878 didi-

130 1904 242 1951 cerit
269 1903 388 1965 apud
421 1903 623 1949 Parthos.
645 1901 732 1948 Hic
765 1900 926 1948 Juliani
947 1900 1213 1963 quiescentis
1245 1903 1422 1951 animus

130 1977 320 2040 agitatus
343 1975 578 2023 insomniis
593 2011 606 2033 ‚
626 1987 897 2022 eventurum
927 1973 1048 2021 triste
1073 1975 1242 2038 aliquid
1264 1977 1422 2040 praesa-

131 2050 292 2113 giebat.
330 2048 565 2109 Quocirca
598 2049 649 2096 &
677 2046 799 2110 ipse,
831 2048 881 2094 ὃς
918 2046 1122 2094 visorum
1155 2047 1422 2113 interpretes

131 2121 367 2187 praesentia
383 2123 740 2186 contemplantes
760 2158 773 2180 ‚
792 2121 906 2167 diem
933 2122 1187 2169 secuturum
1200 2158 1213 2182 ‚
1232 2124 1310 2192 qui
1329 2116 1426 2171 erat

134 2209 342 2260 quartum
373 2196 597 2244 decimum
622 2195 826 2244 ⁴Kalend.
862 2195 1065 2259 Apriles,
1084 2196 1317 2245 observari
1346 2199 1423 2245 de-

133 2268 240 2314 bere
264 2270 631 2330 pronuntiabant.
653 2271 820 2314 Verum
842 2281 892 2314 ut
919 2283 1203 2330 compertum
1221 2270 1282 2317 est
1303 2272 1424 2332 post·

136 2359 215 2398 ea,
247 2343 329 2390 hac
354 2345 505 2391 eadem
534 2345 665 2391 nocie
700 2343 885 2391 Palatini
917 2345 1145 2406 Apollinis
1172 2346 1390 2406 templum
1409 2381 1424 2404 ,

137 2413 444 2478 praefeCluram
483 2431 663 2480 regente
698 2416 988 2476 Aproniano,
1030 2417 1074 2462 in
1109 2418 1218 2463 urbe
1252 2417 1425 2464 confla-

129 2487 278 2551 gravit
298 2499 460 2553 aeterna
481 2506 492 2536 :
526 2488 603 2537 ubi
621 2523 634 2545 ,
654 2489 700 2536 ni
718 2488 951 2551 multiplex
967 2485 1150 2550 juvifi'et
1176 2488 1391 2541 auxilium
1405 2522 1424 2551 ,
