1626 2917
289 189 522 266 ‘RERUM
555 188 897 235 GESTARUM
926 190 1031 236 LIB.
1062 190 1227 236 XXIII.
1327 192 1415 252 363

144 311 241 343 rum
263 296 313 344 &
332 296 488 341 luxum
509 331 522 351 ,
545 295 827 358 maximeque
852 294 1039 357 potandi
1063 294 1321 343 aviditatem
1346 294 1422 342 via

145 381 284 415 tantes
303 403 316 424 ‚
339 380 389 414 ut
418 369 550 414 luem.
575 369 673 414 Nec
698 367 817 429 apud
840 384 918 413 eos
942 371 1067 414 extra
1092 367 1256 431 regales
1290 383 1422 413 men-

145 441 211 488 sas
243 441 355 486 hora
379 440 440 486 est
460 440 702 502 praestituta
732 439 1011 502 prandendi,
1032 438 1106 485 sed
1135 451 1295 485 venter
1314 437 1422 485 uni-

145 512 305 574 cuique
336 512 461 559 velut
492 512 701 559 solarium
728 511 820 569 est,
853 528 1000 576 eoque
1032 523 1275 569 monente,
1297 510 1424 574 quod

145 581 384 640 inciderit,
401 582 547 628 editur
567 600 578 628 ε
606 598 686 628 nec
717 581 945 645 quisquam
969 581 1068 644 post
1089 582 1329 629 satietatem
1350 580 1425 627 su-

144 652 344 716 perfluos
372 652 452 698 fibi
472 652 632 715 ingerit
657 652 1012 699 cibos.1mmane
1031 667 1246 715 quantum
1280 651 1426 698 restri-

147 726 205 771 &i
225 726 274 771 δι
294 724 436 780 cauti,
457 736 506 770 ut
522 725 637 771 inter
656 724 835 772 hostiles
855 724 1015 772 hortos
1034 727 1282 788 gradientes
1302 741 1426 772 non-

146 815 375 862 nunquam
399 799 451 846 &
476 798 628 845 vineta
645 834 659 857 ,
681 815 766 845 nec
786 797 967 860 cupiant
994 798 1192 862 aliquid,
1214 815 1295 847 nec
1314 814 1426 846 con-

146 870 352 935 tingant,
387 888 670 918 venenorum
713 875 762 920 &
801 871 1067 919 secretarum
1095 872 1254 920 artium
1287 884 1427 920 metu.

147 946 290 1008 Super
308 944 375 991 his
404 962 486 992 nec
517 945 672 992 stando
697 946 922 1008 mingens,
941 963 1023 993 nec
1042 946 1096 993 ad
1116 946 1321 1009 requisita
1344 962 1428 992 na-

147 1030 258 1063 turae
289 1017 494 1064 secedens
526 1016 655 1064 facile
681 1017 837 1064 visitur
863 1018 1016 1065 Persa:
1038 1019 1098 1066 ita
1116 1018 1427 1065 observantius

147 1090 245 1137 haec
270 1090 437 1152 aliaque
461 1090 666 1152 pudenda
694 1090 934 1137 declinant.
958 1091 1087 1137 Adeo
1116 1101 1260 1137 autem
1291 1090 1429 1137 diffo-

147 1163 229 1209 luti
251 1162 373 1220 sunt,
399 1164 447 1209 &
466 1174 640 1229 artuum
668 1162 848 1210 laxitate
881 1172 1090 1227 vagoque
1111 1162 1275 1209 incessu
1298 1162 1339 1208 se
1358 1161 1428 1223 ja-

148 1236 377 1289 efflantes,
399 1246 449 1281 ut
473 1235 752 1284 effeminatos
781 1235 1003 1284 existimes
1021 1272 1034 1295 ,
1062 1253 1163 1284 cum
1192 1235 1276 1282 fint
1299 1252 1429 1283 acer-

148 1309 250 1356 rimi
283 1307 551 1355 bellatores:
580 1308 651 1355 sed
673 1309 813 1373 magis
847 1308 1064 1367 artificeS,
1093 1325 1225 1371 quam
1263 1307 1428 1366 fortes,

149 1380 407 1443 eminusque
429 1381 674 1428 terribiles:
713 1381 985 1428 abundantes
1010 1381 1214 1428 inanibus
1243 1380 1392 1427 verbis
1410 1415 1428 1437 ‚

150 1454 443 1516 insanumque
462 1454 700 1517 loquentes
721 1456 769 1501 &
789 1453 959 1500 ferum:
978 1452 1238 1516 magnidici,
1257 1454 1306 1500 &
1326 1469 1429 1516 gra-

151 1545 258 1584 ves,
290 1544 342 1574 ac
363 1528 509 1586 taetri,
538 1529 733 1577 minaces
760 1527 887 1590 juxta
910 1528 958 1576 in
992 1528 1183 1576 adverfis
1208 1528 1336 1574 rebus
1377 1528 1431 1574 &

150 1601 372 1665 prosperis
386 1638 401 1659 ‚
422 1601 596 1659 callidi,
616 1601 823 1664 superbi,
847 1600 1065 1658 crudeles,
1092 1600 1200 1647 vitae
1219 1599 1429 1662 necisque

150 1675 412 1738 potestatem
440 1675 487 1722 in
513 1675 664 1723 servos
683 1677 731 1723 ὅ(
754 1673 954 1737 plebejos
982 1673 1230 1721 vidicantes
1265 1672 1431 1718 obscu-

150 1765 240 1796 ros.
274 1749 412 1795 Cutes
443 1748 564 1797 vivis
589 1749 850 1795 hominibus
872 1748 1107 1795 detrahunt
1128 1746 1430 1809 particulatim

152 1821 229 1883 yel
260 1820 451 1868 solidas:
474 1839 558 1869 nec
579 1822 847 1869 ministranti
868 1821 986 1884 apud
1002 1837 1080 1867 eos
1103 1819 1271 1868 famulo
1300 1836 1431 1866 men-

151 1894 296 1957 saeque
325 1895 512 1942 adstanti
542 1895 707 1943 hiscere
728 1896 801 1943 vel
825 1895 952 1960 loqui
975 1894 1113 1953 licet,
1143 1893 1220 1941 vel
1240 1892 1392 1955 spuere
1413 1909 1428 1939 ε

151 1966 215 2013 ita
252 1968 483 2030 prostratis
521 1969 709 2031 pellibus
749 1969 869 2015 labra
906 1968 1111 2014 omnium
1145 1967 1429 2014 vinciuntur.

150 2039 288 2101 Leges
319 2040 435 2102 apud
468 2055 547 2088 eos
578 2040 809 2102 impendio
853 2038 1135 2087 formidatae:
1173 2037 1290 2085 inter
1317 2053 1431 2101 quas

152 2110 322 2157 diritate
354 2111 618 2175 exsuperant
643 2113 741 2159 latae
772 2125 931 2159 contra
960 2112 1185 2176 ingratos,
1204 2112 1253 2158 &
1280 2110 1428 2157 deser-

150 2195 304 2230 tores:
335 2185 385 2232 &
410 2185 724 2232 abominandae
754 2184 851 2231 aliae
873 2220 886 2242 ‚
919 2202 997 2246 per
1029 2201 1136 2248 quas
1162 2184 1224 2230 ob
1256 2201 1426 2230 noxam

150 2255 284 2303 unius
304 2256 452 2303 omnis
470 2256 783 2319 propinquitas
805 2255 934 2317 perit.
959 2257 1028 2302 Ad
1044 2255 1328 2316 judicandum
1350 2272 1426 2300 au-

151 2338 241 2373 tem
265 2325 344 2372 usu
378 2344 524 2374 rerum
554 2328 730 2390 spectati
751 2328 1020 2375 destinantur
1050 2331 1098 2377 ὃ(
1127 2329 1319 2393 integri,
1342 2346 1425 2390 pa-

149 2415 248 2446 rum
269 2399 420 2447 alienis
447 2401 639 2448 consiliis
660 2402 906 2465 indigentes
927 2403 1074 2450 :unde
1095 2402 1288 2449 nostram
1315 2418 1427 2449 con-

151 2469 423 2521 suetudinem
451 2473 624 2536 rident,
647 2491 746 2539 quae
773 2475 994 2524 interdum
1022 2475 1272 2534 facundos,
1295 2472 1426 2536 juris-
