1626 2917
289 114 509 164 RERUM
543 115 884 163 GESTARUM
922 115 1024 162 LIB.
1061 115 1238 163 xxxi.
1319 117 1414 177 267

127 240 241 273 mox
280 225 611 286 profanandum
648 225 867 288 pudorem
909 238 1071 289 optans
1102 239 1273 284 morte,
1310 227 1419 274 licet

125 297 383 355 cruciabili,
416 299 684 360 praevenire.
717 301 836 345 lnter
866 316 965 362 quae
1001 317 1103 347 cum
1135 299 1296 347 belluae
1327 300 1420 347 ritu

125 370 376 417 traheretur
400 371 622 433 ingenuus
642 370 778 431 paulo
806 384 909 417 ante
938 370 1068 418 dives
1087 372 1162 429 [&
1178 370 1342 430 liber],
1363 370 1419 417 de

122 444 324 490 Fortuna
362 457 413 489 ut
452 443 712 489 inclementi
747 443 1018 505 querebatur
1052 446 1101 492 &
1135 460 1278 500 caeca,
1314 459 1420 505 quae

124 532 228 563 eum
258 518 426 578 punclo
445 517 662 578 temporis
683 517 813 564 brevi
833 517 998 580 opibus
1017 530 1203 564 exutum
1217 553 1231 576 ,
1248 518 1298 564 &
1320 515 1420 562 dul-

124 590 284 638 cedine
314 592 548 637 caritatum
571 591 804 652 domoque
824 604 1054 638 extorrem
1069 626 1082 649 ,
1102 607 1236 654 quam
1261 588 1422 637 conci-

120 663 231 709 disse
266 663 382 709 vidit
415 664 461 709 in
495 664 690 709 cinerem
732 665 781 710 &
812 663 984 722 ruinas,
1016 679 1091 711 aut
1131 663 1422 710 lacerandum

124 736 408 782 membratim
425 771 436 792 ,
456 749 530 782 aut
564 735 830 782 serviturum
861 737 940 783 sub
967 737 1232 784 verberibus
1252 738 1303 784 &
1324 749 1423 782 tor-

124 809 288 856 mentis
311 810 426 855 duro
449 809 680 855 devovisti
702 809 882 857 victori.
904 811 1083 857 Barbari
1101 823 1273 867 tamen,
1296 810 1424 858 velut

125 881 336 929 diffractis
364 882 512 928 caveis
536 882 711 939 bestiae,
735 900 813 943 per
835 883 1079 946 spatiorum
1105 883 1424 946 amplitudines

125 953 265 1002 fufius
299 955 504 1012 incitati,
534 956 754 1017 oppidum
795 957 1000 1019 petivere
1040 956 1229 1003 nomine
1261 956 1423 1003 Dibal-

126 1037 252 1086 tum,
284 1027 626 1074 ubi'tribunum
673 1028 970 1075 scutariorum
1008 1027 1307 1076 Barzimerem
1352 1027 1424 1073 in-

127 1110 315 1157 ventum
362 1115 465 1146 cum
509 1099 622 1156 suis,
657 1099 964 1162 Cornutisque
1003 1101 1053 1148 &
1088 1098 1184 1146 aliis
1220 1098 1424 1161 peditum

126 1169 350 1228 numeris,
371 1170 511 1217 castra
543 1184 789 1232 ponentem
823 1172 1048 1230 affiliunt,
1074 1170 1301 1218 eruditum
1322 1171 1424 1233 pul-

127 1259 236 1289 vere
261 1242 444 1290 militari
475 1244 711 1290 rectorem.
742 1244 839 1304 Qui
859 1243 1096 1290 confestim
1119 1243 1200 1308 (ut
1219 1244 1426 1307 adigebat

126 1316 355 1362 necessitas
382 1315 585 1361 instantis
610 1314 774 1379 exitii)
795 1315 904 1376 juffa
935 1331 1095 1362 canere
1116 1314 1327 1362 bellicum
1352 1326 1426 1362 tu·

126 1390 208 1447 ba,
244 1389 454 1436 lateribus
492 1388 705 1447 firmatis,
742 1389 961 1452 praerupit
996 1406 1099 1437 cum
1126 1388 1318 1452 promtis
1351 1406 1427 1438 ac-

128 1461 285 1508 cinctis
308 1463 360 1507 ad
392 1461 634 1523 proelium:
655 1461 924 1526 fortiterque
947 1461 1189 1509 resistendo
1219 1461 1313 1525 pari
1340 1479 1426 1525 pu·-

128 1533 294 1597 gnandi
323 1532 441 1578 sorte
468 1532 743 1588 disceffiffet,
773 1532 819 1578 ni
851 1550 952 1579 eum
985 1532 1187 1595 equitum
1218 1533 1427 1581 accursus

127 1605 434 1667 complurium
458 1605 668 1650 anhelum
701 1604 1070 1656 circumvenisset
1096 1607 1146 1653 &
1169 1604 1335 1652 fessum.
1369 1608 1426 1654 Et

126 1677 186 1724 ita
209 1678 389 1734 cecidit,
408 1677 653 1724 interfectis
672 1678 963 1725 barbarorum
987 1694 1084 1725 non
1105 1677 1286 1741 paucis,
1307 1696 1429 1743 quo-

127 1767 227 1798 rum
248 1751 392 1798 clades
412 1750 648 1813 copiarum
670 1750 939 1814 magnitudo
960 1751 1147 1800 celabat.

141 1827 268 1884 ft1X.
304 1827 371 1872 Re
402 1824 606 1872 inrhunc
645 1825 833 1872 modum
870 1826 1070 1888 peracta,
1099 1825 1274 1885 Gothi,
1313 1826 1425 1890 quid

128 1898 283 1963 postea
303 1898 588 1955 molirentur,
607 1897 793 1955 incerti,
810 1898 1109 1960 quaeritabant
1127 1897 1428 1962 Frigeridum,

126 1984 338 2036 tanquam
355 1971 534 2018 obicem
555 1970 754 2016 validum
771 2007 786 2028 ,
813 1970 893 2017 ubi
911 1970 1184 2034 reperirent,
1201 1971 1423 2023 excisuri:

128 2047 206 2102 &,
248 2044 442 2109 cultiore
472 2045 593 2091 victu
628 2043 881 2107 somnoque
920 2061 1163 2108 parumper
1198 2045 1424 2105 assumto,

129 2134 232 2165 eum
251 2116 566 2180 sequebantur,
585 2130 634 2163 ut
647 2115 750 2163 ferae
763 2133 775 2172 ;
790 2115 933 2175 docti,
952 2117 1077 2179 quod
1094 2118 1301 2166 Gratiani
1319 2135 1426 2166 mo-

130 2191 229 2238 nitu
254 2191 459 2240 reversus
488 2192 533 2238 in
566 2191 784 2239 Thracias
799 2228 813 2250 ‚
834 2194 883 2240 &
905 2208 1048 2256 prope
1069 2195 1277 2240 Beroeam
1298 2192 1425 2241 vallo

128 2277 329 2322 metato,
359 2278 547 2312 eventus
584 2282 732 2311 rerum
766 2265 1074 2328 speculabatur
1105 2266 1336 2329 ancipites.
1367 2267 1426 2313 Et

130 2336 180 2383 hi
215 2336 396 2399 quidem
440 2338 494 2384 ad
529 2339 795 2400 patrandum
827 2337 1110 2401 propositum
1144 2337 1422 2385 discursione

129 2409 285 2474 rapida
310 2411 605 2460 maturabant.
640 2410 718 2459 llle
745 2427 859 2460 vero
887 2411 1071 2477 regendi
1099 2411 1424 2467 conservandi<
