1626 2917
214 131 306 189 246
431 131 767 178 AMMIANI
815 133 1291 184 MARCELLINI

213 235 342 293 dem,
371 234 442 281 sed
473 236 775 296 deformibus,
807 240 856 286 &
889 238 1168 285 muliebriter
1198 239 1350 286 iisdem
1386 246 1508 286 non²

212 325 443 371 nunquam
473 309 738 369 insidentes,
760 311 1007 376 funguntur
1030 312 1289 360 muneribus
1313 312 1507 361 confue-

213 381 285 429 tis.
315 383 382 429 Ex
410 383 511 446 ipfis
536 384 688 448 quivis
720 385 766 432 in
795 386 876 434 hac
905 386 1091 434 natione
1120 403 1298 449 pernox
1325 388 1375 434 &
1402 402 1508 449 per-

214 453 313 501 dius
333 456 440 502 emit
459 458 508 505 &
530 457 712 518 vendit,
735 459 978 522 cibumque
1008 459 1139 506 sumit
1168 460 1218 508 &
1239 473 1398 523 potum
1414 495 1426 514 ‚
1456 460 1509 507 δε

214 525 461 576 inclinatus
483 529 654 578 cervici
683 532 874 595 angustae
897 530 1116 594 jumenti,
1139 530 1186 577 in
1211 532 1348 578 altum
1369 530 1509 594 sopo-

212 617 310 649 rem
334 603 531 669 adusque
559 606 823 654 varietatem
852 606 1098 654 effunditur
1127 605 1425 654 somniorum.
1452 607 1509 653 Et

215 673 540 726 deliberatione
563 680 695 742 super
721 679 854 728 rebus
880 680 1114 743 proposita
1142 679 1265 728 seriis
1281 717 1295 738 ,
1314 680 1405 727 hoc
1426 679 1510 726 ha-

214 747 312 796 bitu
343 768 502 799 omnes
537 752 583 800 in
616 770 860 800 commune
892 753 1163 801 consultant.
1189 756 1397 818 Aguntur
1426 769 1510 799 au-

215 834 306 870 tem
338 827 461 873 nulla
492 826 727 875 severitate
757 827 922 892 regali,
954 827 1028 875 sed
1058 827 1356 876 tumultuario
1383 825 1511 889 opti·-

214 914 385 946 matum
416 901 549 948 duitu
580 901 814 960 contenti,
837 916 1134 967 perrumpunt
1160 899 1378 966 quidquid
1399 898 1514 946 inci-

216 973 343 1021 derit.
368 977 421 1021 Et
444 990 642 1040 pugnant
670 993 1003 1041 nonnunquam
1030 975 1240 1033 laceffiti,
1259 974 1332 1021 sed
1349 973 1513 1020 ineun-

215 1059 282 1095 tes
311 1050 475 1111 proelia
503 1050 727 1098 cuneatim
754 1050 892 1096 variis
916 1049 1112 1096 vocibus
1133 1048 1393 1095 sonantibus
1414 1059 1514 1093 tor-

216 1137 343 1168 vum.
367 1124 517 1187 thue
537 1124 593 1170 ad
612 1122 920 1186 pernicitatem
942 1121 1042 1168 sunt
1062 1122 1185 1168 leves
1200 1123 1248 1169 &
1264 1117 1511 1183 repentini;

213 1193 278 1243 ita
299 1195 446 1243 subito
465 1198 518 1244 de
539 1196 753 1243 industria
776 1195 955 1257 dispersi
977 1195 1237 1259 vigescunt,
1258 1197 1308 1243 &
1329 1194 1512 1241 incom-

215 1269 361 1331 posita
385 1269 483 1316 acie
518 1286 620 1316 cum
650 1269 771 1316 caede
807 1268 928 1314 vasta
954 1267 1241 1316 discurrunt:
1268 1285 1351 1315 nec
1378 1267 1513 1314 inva-

215 1342 372 1389 dentes
402 1343 600 1401 vallum,
628 1360 710 1389 nec
741 1342 875 1390 castra
896 1341 1081 1389 inimica
1109 1342 1297 1405 pilantes
1329 1358 1421 1405 prae
1439 1340 1512 1387 ni·-

215 1414 306 1463 mia
337 1416 574 1479 rapiditate
614 1429 871 1464 cernuntur.
909 1418 1068 1479 quue
1108 1416 1311 1463 omnium
1347 1415 1514 1462 acerri-

216 1507 319 1538 mos
347 1489 480 1537 facile
505 1490 673 1538 dixeris
708 1491 971 1548 bellatores,
996 1491 1124 1555 quod
1156 1491 1318 1553 procul
1344 1489 1515 1536 miffili-

217 1563 300 1610 bus
334 1564 458 1623 telis,
495 1565 636 1612 acutis
671 1565 837 1612 ostibus
870 1580 955 1627 pro
990 1563 1269 1627 spiculorum
1305 1561 1515 1610 acumine

218 1652 313 1687 arte
360 1640 472 1687 mira
516 1639 874 1704 coagmentatis,
910 1638 983 1685 sed
1021 1637 1264 1693 diffluum
1302 1635 1514 1684 cominus

218 1713 345 1761 ferro
366 1714 458 1761 fine
481 1714 546 1762 sui
576 1714 774 1777 respeClu
806 1714 1094 1778 confligunt,
1116 1711 1378 1775 hostesque,
1403 1710 1515 1757 dum

218 1803 494 1834 mucronum
521 1788 683 1835 noxias
711 1787 986 1843 observant,
1018 1786 1241 1833 contortis
1264 1783 1438 1832 laciniis
1461 1784 1516 1829 il-

217 1857 387 1922 ligant,
416 1872 465 1906 ut
488 1859 704 1923 laqueatis
726 1858 1016 1906 resistentium
1044 1857 1255 1905 membris
1283 1856 1516 1921 equitandi

219 1932 298 1979 vel
321 1932 550 1996 gradiendi
582 1933 782 1980 adimant
813 1931 1082 1980 facultatem,
1110 1933 1261 1978 Nemo
1288 1931 1407 1994 apud
1434 1946 1516 1979 eos

221 2019 342 2063 arat,
374 2022 457 2053 nec
479 2006 637 2052 stivam
661 2005 902 2070 aliquando
927 2005 1165 2068 contingit.
1194 2005 1366 2051 Omnes
1391 2003 1514 2050 enim

220 2079 310 2126 fine
337 2079 510 2127 sedibus
537 2078 663 2137 fixis,
690 2079 852 2142 absque
875 2079 964 2126 lare
992 2080 1066 2125 vel
1094 2079 1189 2143 lege
1209 2090 1283 2125 aut
1306 2077 1396 2124 ritu
1427 2078 1515 2125 sta·

220 2151 303 2199 bili
342 2152 644 2214 dispalantur,
675 2152 847 2216 semper
880 2153 1147 2217 fugientium
1182 2152 1371 2210 similes,
1408 2168 1513 2199 cum

223 2226 447 2288 carpentis
478 2225 523 2271 in
557 2226 722 2289 quibus
763 2227 990 2274 habitant:
1025 2226 1102 2273 ubi
1138 2225 1353 2289 conjuges
1389 2236 1515 2273 taetra

222 2299 312 2346 illis
336 2300 599 2346 vestimenta
625 2314 902 2358 contexunt,
931 2302 978 2348 &
1003 2311 1170 2346 coeunt
1192 2315 1293 2344 cum
1317 2296 1514 2355 maritis,

223 2373 274 2420 δέ
302 2371 506 2435 pariunt,
539 2375 588 2420 ὅ(
624 2373 819 2436 adusque
851 2370 1129 2435 pubertatem
1167 2369 1370 2416 nutriunt
1402 2385 1514 2430 pue-

222 2460 313 2493 ros.
349 2443 602 2510 Nullusque
622 2445 740 2510 apud
764 2460 844 2492 eos
877 2444 1203 2508 interrogatus,
1221 2440 1517 2506 respondere,
