1626 2917
248 184 332 245 198
417 184 1325 230 *AMMlANI'MARCELLINI

240 305 417 339 terrore
439 309 450 336 :
469 291 734 355 ruentesque
753 290 966 354 infugam
991 291 1087 338 caesi
1113 290 1235 348 sunt,
1257 289 1418 353 absque
1439 288 1522 347 iis,·

241 365 320 429 qui
337 376 510 427 reperta
528 364 659 427 copia
677 363 954 422 discedendi,
969 363 1308 426 supplici-prece·
1321 362 1519 419 veniam,

241 452 375 498 quam
395 435 489 482 dari
507 447 682 499 tempus
703 434 1005 499 flagitaverat,
1021 435 1326 498 impetrarunt.
1345 435 1523 498 Suggen

242 498 402 555 eorum
427 509 657 557 drnfiiorem
724 513 759 553 ’ἒ
815 514 839 536 '⁶
859 535 863 553 2
906 514 931 536 ἥ
997 511 1218 555 Romano:
1238 507 1523 564 successerat,

241 581 290 628 in
317 581 565 630 Sitifensem
594 583 908 630 Mauritaniam
924 583 990 630 ire
1017 582 1232 645 disposito
1249 583 1301 629 ad
1321 582 1525 646 agitanda

243 655 471 717 praesidia,
493 672 549 702 ne
569 656 806 718 provincia
824 657 1158 719 pervaderetur,
1180 654 1270 718 ipse
1291 654 1528 718 praeteritis

223 727 407 787 'elatior
427 728 596 775 casibus
624 741 800 791 gentem
823 729 931 790 petit
959 728 1231 776 Masonem
1251 745 1382 793 quam
1409 744 1528 776 con-

226 799 427 848 'scientia
447 801 700 863 rapinarum
723 803 773 849 &
796 801 968 848 caedum
990 801 1159 848 aestibus
1175 812 1529 865 congregaverat

180 899 182 903 ·
245 874 400 932 Firmi,
421 886 468 920 ut
486 873 511 919 s
505 875 764 937 perabatur,.
774 873 944 935 majora
961 890 1074 920 mox
1093 873 1313 936 adepturi..
1324 871 1531 937 Progres-

244 945 405 1009 sustine
422 947 698 1010 aliquantum
718 946 840 1007 juxta
862 947 1067 994 Addense
1085 946 1382 1009 municipium
1399 962 1529 993 com-

244 1018 390 1080 per-it,
412 1019 604 1066 diffonas
631 1021 761 1066 cultu
784 1021 1116 1068 &sermonum
1131 1020 1361 1067 varietate,
1375 1019 1528 1065 natio-

246 1107 325 1136 nes
355 1091 566 1153 plurimas
599 1109 737 1138 unum
763 1093 1029 1153 spirantibus
1054 1091 1241 1146 animis,
1264 1091 1528 1139 immanium

246 1165 438 1209 exordia
461 1164 699 1211 concitare·
721 1165 941 1211 bellorum
957 1201 970 1222 ,
999 1166 1202 1227 adigente
1229 1165 1527 1227 hortanteque

246 1237 444 1283 maxima
471 1239 544 1298 spe
569 1238 859 1299 praemiorum
885 1238 1040 1284 sorore
1069 1238 1201 1284 Firmi
1225 1238 1410 1285 nomine
1432 1239 1528 1301 Cy·

247 1308 338 1353 ria:
363 1325 464 1369 quae
487 1309 719 1355 >abundans
741 1308 915 1357 divitiis
938 1312 987 1357 &
1002 1309 1296 1357 destinatione
1314 1309 1528 1367 feminea,

247 1382 416 1427 nisibus
455 1383 623 1445 magnis
662 1381 851 1429 instituit
876 1382 1045 1443 juvare
1078 1381 1354 1446 germanum.
1390 1386 1530 1443 Quo-

250 1456 370 1502 circa
390 1455 672 1502 Theodosins
689 1455 873 1513 veritus,
898 1472 952 1502 ne
975 1456 1110 1502 Marti
1130 1455 1216 1503 sese
1226 1456 1532 1504 committeret

250 1530 434 1592 impari,
472 1529 817 1594 congressusque
859 1529 1138 1576 multitudini
1177 1530 1399 1576 immensae
1429 1546 1531 1577 cum

249 1603 404 1663 paucis
435 1605 455 1662 <
464 1603 547 1649 tria
575 1603 694 1649 enim
715 1616 986 1649 armatorum
1014 1603 1153 1650 millia
1176 1604 1381 1650 duciabat
1400 1616 1532 1666 atque

243 1675 564 1739 quingentos)
599 1676 823 1722 amitteret
855 1674 1274 1733 univers0⁷s‚'‘inter
1311 1677 1532 1738 pudorem

248 1750 437 1797 cedendi
456 1750 770 1814 pugnandique
789 1751 992 1796 ardorem
1013 1750 1216 1812 gradiens
1237 1763 1360 1796 retro
1385 1751 1531 1812 paula-

251 1822 333 1869 tim
352 1858 364 1878 ,
408 1825 614 1870 trudente
642 1823 856 1886 pondere
897 1822 1038 1884 plebis
1084 1822 1294 1870 absceffit.
1340 1824 1532 1885 Hocque

251 1906 420 1940 eventu
446 1894 622 1941 barbari
645 1894 841 1940 nimium
857 1906 1074 1955 quantum
1095 1891 1263 1956 [elati]
1286 1890 1532 1955 sequentes-

246 1985 341 2030 que
367 1968 654 2029 pertinaciter
703 1972 727 1993 ⁴*
782 1971 806 1993 ’ἓ
856 1970 880 1991 *
940 1978 1109 2013 certare
1137 1965 1385 2011 necessitate
1406 1980 1534 2011 com-

251 2041 428 2103 pulsus,
458 2040 735 2103 semetipsum
757 2041 805 2087 &
825 2039 879 2085 ad
906 2038 1259 2085 internecionem
1284 2036 1533 2099 perdiderat

253 2115 469 2172 cunctos,
497 2114 541 2159 ni
570 2114 767 2177 gentium
801 2112 1055 2158 turbulenta
1082 2109 1313 2158 concussio
1330 2144 1344 2164 ‚
1372 2108 1533 2171 procul

253 2187 475 2233 Mazicum
504 2187 606 2234 vifis
627 2186 803 2233 auxiliis
818 2221 830 2243 ‚
848 2179 964 2248 quoa
986 2183 1213 2230 anteibant
1236 2181 1414 2246 quidam
1436 2183 1532 2228 Ro-

253 2259 401 2316 mani,
423 2261 632 2307 arbitrata
652 2259 696 2305 in
717 2258 758 2304 se
781 2258 1000 2320 impetum
1025 2254 1249 2317 agminum
1276 2253 1380 2301 ferri
1402 2270 1531 2300 com-

253 2334 479 2397 plurium,
509 2334 635 2381 versa
671 2333 717 2379 in
754 2333 886 2396 pedes
923 2329 1156 2393 aperuiffet
1191 2328 1352 2376 nostris
1387 2327 1532 2374 exitus

255 2408 440 2454 antehac
459 2406 735 2469 interseptos.
764 2404 936 2451 Exinde
958 2419 1060 2450 cum
1077 2401 1260 2448 militem
1282 2401 1448 2447 ducens
1465 2399 1533 2444 in·

255 2480 479 2526 coiumem
512 2477 796 2524 Theodosius
822 2477 878 2523 ad
906 2474 1093 2522 fundum
1126 2472 1312 2521 venisset
1342 2470 1528 2519 nomine
