1626 2917
234 152 319 198 DE
347 151 653 212 ODQAOEE.
682 148 1096 194 THEODERICO
1122 161 1232 193 ETC.
1297 163 1386 211 307

108 255 359 304 ambulavit
397 256 722 303 Mediolanum.
763 256 896 302 Tunc
926 266 1152 301 venerunt
1187 254 1390 317 Wifigo-

63 362 67 365 -
109 331 201 376 thae
231 329 277 374 in
312 328 583 389 adjutorium
605 328 909 386 Theoderici,
933 330 982 374 &
1010 327 1121 374 fa&a
1151 326 1210 372 est
1240 343 1391 388 pugna

108 400 238 463 super
270 399 460 447 fluvium
494 399 726 454 Adduam‚
759 401 808 446 &
845 400 1104 447 ceciderunt
1144 398 1301 460 populi
1335 399 1391 444 ab

110 485 296 536 utraque
325 485 450 535 parte
475 475 554 520 :&
577 473 754 520 occisus
772 473 832 519 est
861 473 1029 520 Pierius
1051 489 1203 518 comes
1231 473 1393 518 dome-

110 547 324 594 fiicorum
353 561 413 593 111
433 547 535 593 Idus
563 547 799 610 Augusta5‚
819 549 869 595 &
899 546 1013 610 fugit
1035 547 1279 609 Odoachar
1306 548 1393 592 Ra-

109 637 304 666 vennam
326 655 340 677 ,
375 621 427 667 &
469 637 580 666 mox
622 619 874 666 subsecutus
918 621 979 666 est
1027 636 1125 665 eum
1177 618 1393 666 Patricius

111 691 418 738 Theodericus
446 692 635 739 veniens
668 693 713 738 in
746 692 927 748 Pineta,
951 693 999 738 &
1030 690 1128 736 fixit
1159 690 1395 746 fossatum,

112 765 320 811 obsidens
345 765 604 811 Odoacrem
633 765 829 811 clausum
851 781 929 826 per
950 764 1192 811 triennium
1216 765 1396 810 Raven-

111 853 195 895 na,
214 839 265 884 δε
295 837 458 884 factum
482 837 544 883 est
572 837 710 900 usque
739 837 794 883 ad
815 837 887 883 sex
918 836 1086 883 solidos
1107 837 1284 882 modius
1312 837 1395 882 tri-

111 911 208 958 tici.
248 913 304 957 Et
343 910 525 958 mittens
563 910 831 973 legationem
870 910 1181 958 Theodericus
1224 909 1395 956 Festum

111 1001 248 1048 caput
273 985 421 1041 Senati
442 985 496 1031 ad
523 985 756 1032 Zenonem
783 985 1100 1047 imperatorem
1118 1021 1131 1042 ,
1159 987 1207 1032 &
1227 985 1282 1031 ab
1311 1002 1396 1032 eo-

111 1058 211 1103 dem
245 1056 420 1119 sperans
452 1057 618 1104 vestem
646 1056 687 1103 se
719 1057 903 1104 induere
937 1057 1116 1119 regiam.
1154 1059 1393 1106 OLYBmO

111 1133 165 1176 V.
184 1131 236 1176 C.
258 1129 365 1176 Cos.
390 1130 494 1176 Hoc
515 1129 697 1177 consule
717 1129 830 1176 exiit
853 1129 1100 1177 Odoachar
1123 1147 1201 1176 rex
1225 1131 1278 1176 de
1302 1132 1404 1177 Ra·-

111 1219 263 1249 venna
299 1204 434 1251 nocte
465 1221 569 1252 cum
602 1203 778 1250 Herulis
810 1202 1021 1267 ingressus
1057 1204 1102 1249 in
1136 1204 1317 1262 Pineta,
1347 1206 1396 1252 in

113 1274 276 1321 fofi‘ato
296 1275 476 1323 Patricii
505 1275 805 1331 Theoderici,
828 1277 878 1321 ὃ(
907 1275 1167 1321 ceciderunt
1197 1278 1251 1322 ab
1272 1291 1403 1325 utra—¹

111 1366 200 1412 que
225 1361 349 1411 parte
369 1348 610 1405 exercitus,
632 1349 681 1394 &
712 1347 883 1410 fugiens
910 1347 1060 1394 Levila
1081 1349 1283 1412 magister
1311 1343 1404 1397 mi:

114 1423 243 1470 litum
272 1423 520 1481 Odoacris,
551 1422 725 1470 occisus
755 1421 816 1467 est
845 1412 889 1467 in
918 1421 1066 1467 fluvio
1094 1423 1314 1482 Veiente:
1347 1428 1399 1474 &

114 1496 260 1543 victus
284 1497 497 1543 Odoacer
528 1495 642 1559 fugit
668 1497 885 1542 Ravenna
917 1495 1063 1541 Idibus
1092 1496 1230 1543 Juliis.
1262 1499 1407 1560 igiturv

114 1571 294 1617 coafius
315 1569 560 1616 Odoachar
585 1569 706 1614 dedit
731 1568 870 1614 filium
903 1568 1027 1614 snum
1049 1569 1246 1615 Thelane
1275 1572 1409 1618 obsid

116 1640 217 1685 dem
245 1639 561 1697 Theoderico,
582 1652 764 1700 accepta
793 1637 904 1696 fide,
924 1639 1126 1685 securum
1158 1640 1200 1686 se
1229 1642 1313 1687 effe
1344 1643 1398 1690 de

115 1710 343 1774 sanguine.
360 1709 435 1758 'Sic
453 1711 664 1774 ingreffus
681 1709 743 1756 est
765 1710 1075 1757 Theodericus
1094 1729 1105 1757 :
1126 1713 1176 1758 &
1198 1714 1298 1774 post
1318 1715 1400 1760 ali-

116 1794 232 1846 quot
261 1783 352 1829 dies
383 1783 489 1830 dum
517 1784 557 1830 ei
587 1783 832 1830 Odoachar
863 1782 1169 1843 insidiaretur,
1201 1785 1397 1833 detectus

115 1846 244 1903 cau'te
269 1855 324 1902 ab
345 1871 401 1902 eo
430 1871 688 1918 praeventus
713 1856 759 1901 in
781 1854 950 1917 palatio
965 1891 978 1913 ,
997 1873 1127 1902 manu
1149 1857 1223 1903 sua
1240 1858 1399 1905 Theo-

118 1928 293 1976 dericus
311 1945 412 1976 eum
431 1929 477 1975 in
497 1932 734 1976 Lauretum
760 1929 1065 1992 praeveniente
1084 1931 1233 1995 gladio
1258 1934 1400 1981 inter-

119 2000 242 2048 emit.
263 2000 407 2063 Cujus
425 2002 646 2049 exercitus
666 2002 710 2047 in
731 2003 885 2049 eadem
907 2001 978 2048 die
994 2001 1107 2064 juffu
1126 2005 1400 2055 Theoderici

120 2088 280 2119 omnes
299 2073 517 2120 interfecti
539 2074 663 2133 sunt,
683 2074 782 2138 quis
806 2075 884 2121 ubi
913 2075 1063 2138 potuit
1080 2079 1274 2139 reperire
1294 2097 1400 2128 cum

120 2145 248 2190 omni
268 2145 400 2208 stirpe
424 2146 500 2193 sua
519 2165 530 2193 :
550 2149 600 2195 &
623 2148 816 2216 moritur
843 2147 1244 2212 Constantinopoli
1272 2152 1398 2198 Zeno

121 2217 367 2279 imperator
380 2254 394 2276 ‚
413 2221 464 2267 &
490 2219 627 2267 factu-s
649 2217 712 2265 est
732 2219 977 2283 imperator
994 2219 1250 2271 Anastasius.

187 2289 500 2339 Theodericus
522 2292 666 2347 enim,
694 2293 772 2355 qui
803 2293 850 2338 in
882 2293 1149 2355 legationem
1180 2295 1401 2342 direxerat

124 2361 328 2409 Faustum
348 2363 538 2427 Nigrum
557 2364 611 2411 ad
630 2365 876 2411 Zenonem.
895 2367 955 2411 At
980 2365 1056 2411 ubi
1077 2366 1256 2428 cognita
1274 2380 1400 2413 mor-

124 2445 168 2481 te
196 2434 289 2504 ejus
314 2448 548 2501 antequam
575 2438 736 2502 legatio
764 2449 1088 2498 reverteretur,
1112 2453 1162 2488 ut
1189 2440 1400 2504 ingressus

1045 2516 1087 2554 V
1125 2532 1145 2559 π,
