1626 2917
239 179 366 212 Xle
481 167 808 212 STATUS
857 166 1077 212 REIP.
1125 165 1315 211 ROM.

239 271 447 313 Domestici
469 303 480 322 ,
520 275 610 324 quia
651 273 810 311 domum
856 273 1110 323 principalem
1144 286 1221 312 non
1254 271 1520 321 sedabantur,

239 334 307 375 sed
349 336 493 376 bellicis
518 334 829 387 expeditionibus
858 334 1117 375 inhaerebant:
1153 337 1217 386 qui
1255 335 1406 386 paribus
1444 337 1523 386 pri-

240 397 392 449 vilegiis
429 412 473 438 ac
510 398 714 439 Domestici
754 397 944 436 donantur
978 397 1025 437 ab
1062 397 1358 448 Imperatoribus
1390 398 1429 438 L.
1462 398 1524 438 IX

243 461 338 501 Cod.
357 462 510 503 Theod.
541 463 589 500 de
616 461 728 500 Dom.
753 460 914 499 Protedt.
943 460 1066 515 Credo
1093 461 1219 510 enim,
1247 474 1295 500 ex
1324 460 1397 500 illis
1419 460 1522 500 sum-

239 534 300 562 tos
322 524 456 571 fuisse,
483 524 531 562 fic
560 531 600 561 ut
628 521 724 561 miffi
747 523 785 560 in
812 521 1038 572 longinquas
1063 524 1354 573 expeditiones,
1381 523 1524 562 Dome-

239 585 318 624 stici
349 585 421 624 effe
443 585 676 631 desinerent,
705 583 937 622 Protectores
969 596 1049 622 non
1072 584 1177 625 item.
1213 583 1316 624 Talis
1343 584 1416 623 fuit
1435 585 1524 624 Am-

237 646 414 693 mianus,
455 658 542 684 cum
573 645 788 686 Urficinum
813 645 854 683 in
882 644 1043 684 Oriente
1068 647 1104 684 &
1132 647 1173 684 in
1203 645 1333 684 Galliis
1361 647 1523 685 comita-

235 715 360 748 retur:
389 706 484 746 tales
503 706 587 755 alii,
607 708 671 758 qui
691 707 854 747 ducibus
876 706 960 746 aliis
989 707 1167 758 adscripti
1190 718 1308 748 erant.
1333 709 1396 748 Sic
1417 709 1522 749 enim

236 772 457 811 Antoninus
490 771 649 821 quidam
687 770 826 809 dicitur
856 769 1052 809 ProtedIor
1087 769 1377 820 mesopotamiae
1410 770 1522 809 ducis

232 831 303 872 lib.
320 832 468 873 XVIII.
497 833 550 873 Hi
572 846 660 884 ergo
675 832 908 872 Protectores
923 832 1096 872 absolute
1116 832 1318 880 dicuntur,
1336 831 1392 870 illi
1419 843 1525 870 nunc

235 893 444 933 Domestici
468 902 618 933 tantum
634 925 645 943 ‚
673 906 778 933 nunc
797 894 1003 934 Domestici
1033 895 1288 942 Protectores,
1315 906 1421 933 nunc
1444 894 1523 934 Do-

236 955 381 994 mestici
411 955 648 996 Praesentales
672 956 711 997 L.
737 955 786 995 VI
814 956 855 995 C.
879 957 927 994 de
953 955 1094 995 Advoc.
1119 955 1251 995 divers.
1281 956 1363 1004 jud.
1385 954 1526 1006 appel-

235 1016 375 1058 lantur.
403 1019 535 1069 quue
559 1020 618 1067 fit,
645 1027 688 1058 ut
705 1018 801 1069 saepe
822 1020 862 1058 in
887 1020 970 1068 jure
991 1019 1210 1070 separentur
1231 1022 1266 1058 &
1289 1019 1523 1069 distinguan-

236 1088 299 1118 tur
325 1088 406 1119 toto
434 1081 512 1120 Tit.
542 1081 583 1121 C.
607 1080 654 1119 de
684 1080 797 1120 Dom.
825 1082 860 1120 δε
886 1080 988 1119 Prot.
1013 1080 1055 1121 L.
1079 1081 1267 1123 XXXIX
1299 1081 1342 1122 C.
1366 1081 1441 1122 Th.
1473 1082 1526 1121 de

234 1141 375 1182 Decur.
403 1142 537 1190 Justin.
563 1142 698 1183 Edieto
721 1142 813 1183 VIII
838 1144 909 1183 &Q

291 1214 511 1263 Sequuntur
536 1212 712 1253 Palatinae
737 1214 942 1264 dignitates
958 1243 968 1262 ,
997 1213 1037 1252 in
1062 1227 1221 1265 quarum
1242 1227 1443 1254 numerum
1468 1227 1524 1254 re-

238 1275 312 1313 fert
334 1275 557 1315 Ammianus
593 1276 815 1327 Magistrum
843 1276 1070 1316 Officiorum
1106 1279 1141 1317 &
1175 1277 1367 1317 Comitem
1392 1278 1527 1318 Sacra-

237 1350 324 1376 rum
360 1337 648 1388 Largitionum:
688 1337 826 1387 quibus
857 1338 1024 1377 addendi
1061 1339 1256 1395 Quaestor,
1294 1339 1434 1378 Comes
1471 1339 1525 1378 rei

234 1400 389 1439 Privatae
407 1430 417 1447 ‚
436 1400 508 1438 sive
532 1400 753 1450 patrimonii
782 1399 971 1450 Pincipis,
997 1400 1136 1439 Comes
1153 1401 1256 1440 Sacri
1278 1400 1428 1449 Palatii,
1452 1402 1526 1441 Co-

236 1474 320 1501 mes
352 1461 591 1509 consistorii,
623 1461 842 1512 Praepositus
872 1461 1081 1510 Cubiculi,
1108 1474 1202 1512 quos
1231 1475 1366 1501 omnes
1392 1462 1528 1502 Palati-

237 1536 378 1562 norum
404 1522 662 1573 appellatione
689 1522 986 1573 comprehendit
1008 1521 1257 1562 Marcellinus
1291 1521 1358 1562 lib.
1388 1522 1524 1563 XXII.

235 1587 287 1625 At
307 1598 397 1624 vero
421 1586 490 1625 lib.
515 1586 608 1626 XIV
641 1598 774 1624 omnes
801 1586 961 1624 omnino
990 1583 1171 1634 intelligit
1202 1599 1245 1624 ea
1265 1585 1525 1635 nuncupatio-

234 1659 311 1695 ne,
341 1648 405 1698 qui
440 1648 480 1687 in
515 1648 660 1688 Palatio
694 1647 938 1687 versabantur
978 1656 1081 1686 extra
1110 1647 1261 1686 milites.
1303 1646 1526 1687 Ambrolius

236 1709 351 1760 Epist.
379 1710 563 1751 XXXIII
591 1710 856 1761 Apparitores,
884 1710 1053 1759 aliosque
1079 1709 1308 1760 dignitatum
1337 1708 1524 1748 Palatina..

238 1784 323 1810 rum
345 1772 534 1811 ministros
561 1785 605 1810 ea
629 1771 890 1823 appellatione
918 1771 1224 1822 comprehendit.
1247 1772 1443 1818 Palatina,
1465 1771 1524 1809 in-

238 1835 346 1885 quit,
376 1836 493 1874 omnia
523 1835 639 1892 officia
654 1867 666 1884 ‚
697 1837 761 1874 hoc
785 1837 850 1889 est,
883 1835 1133 1883 Memoriales,
1158 1835 1315 1888 Agentes
1339 1835 1375 1874 in
1400 1836 1525 1883 rebus,

236 1898 473 1951 Apparitores
496 1898 704 1949 diverfhrum
742 1899 935 1946 Comitum,
958 1910 1140 1951 temperare
1167 1912 1190 1934 a
1221 1897 1374 1950 prot-effu
1390 1897 1523 1950 juben-

235 1971 303 2000 tur.
334 1958 516 2009 Magister
549 1958 793 2006 officiorum,
821 1958 883 1997 cui
909 1970 1042 1997 omnes
1070 1956 1203 1998 Palatii
1235 1957 1387 1995 ordines
1412 1955 1523 1995 sube-

235 2031 347 2070 rant,
382 2024 417 2061 &
438 2021 504 2061 sub
531 2023 613 2071 ejus
639 2031 748 2061 erant
785 2016 1034 2072 dispofitione
1050 2052 1061 2069 ,
1087 2029 1132 2059 ut
1154 2020 1326 2073 Zosimus
1350 2021 1391 2058 in
1421 2018 1523 2058 mul-

236 2083 285 2122 tis
314 2082 411 2123 locis
430 2084 506 2132 ait,
532 2083 668 2123 habuit
689 2082 942 2123 nihilominus
972 2085 1008 2124 ἀ
1034 2081 1213 2123 Scholam
1236 2080 1427 2132 propriam
1445 2110 1457 2128 ,
1480 2081 1524 2119 in

237 2158 311 2195 qua
331 2145 396 2196 qui
413 2145 654 2194 militabant,
673 2147 838 2197 Agentes
856 2146 896 2184 in
917 2145 1030 2185 rebus
1051 2145 1229 2184 dicuntur
1249 2142 1401 2193 passim:
1430 2154 1523 2192 quo-

237 2221 323 2246 rum
343 2207 405 2247 alii
431 2208 628 2256 Comites,
655 2208 695 2248 id
717 2209 793 2258 est,
822 2207 972 2249 Scholae
992 2206 1185 2254 Praefeffi3
1209 2205 1271 2245 alii
1304 2203 1525 2254 Principes,

238 2269 280 2307 id
307 2270 383 2317 est,
409 2270 523 2321 primi
550 2273 650 2310 inter
672 2272 862 2321 Agentes,
893 2271 934 2311 L.
957 2271 974 2310 Ι
1002 2271 1042 2310 C.
1077 2270 1125 2308 de
1148 2268 1248 2308 offic.
1272 2266 1375 2316 Mag.
1408 2265 1525 2306 offic.

237 2343 458 2381 nunquam,
490 2333 596 2382 quod
626 2332 766 2380 sciam,
793 2333 1012 2373 Primicerii.
1047 2332 1163 2372 Erant
1191 2332 1226 2370 ὅ(
1250 2328 1311 2368 alii
1339 2329 1436 2366 inter
1457 2339 1527 2365 eos

239 2392 400 2442 gradus,
427 2393 474 2432 de
490 2393 628 2443 quibus
651 2406 729 2432 non
752 2393 804 2431 est
822 2404 926 2431 nunc
949 2391 1104 2432 dicendi
1125 2389 1247 2429 locus.
1278 2389 1525 2438 Quamquam

239 2462 369 2494 autem
392 2454 471 2506 ipse
498 2455 677 2507 Magister
703 2455 930 2497 Officiorum
945 2484 957 2507 ‚
974 2453 1212 2508 quinimmo
1235 2450 1376 2492 Comes
1398 2451 1527 2493 Sacra-
