1626 2917
192 112 254 169 46
407 108 740 156 AMMIANI
790 109 1260 157 MARCELLINI

195 233 354 263 canum
369 251 381 273 ‚
401 215 572 277 pruinis
597 214 808 261 affuetum
830 217 878 263 &
896 215 1084 271 Rheno,
1108 215 1348 280 peragratis
1370 215 1468 279 spa·-

193 293 267 338 tiis
296 290 530 353 regionum
559 289 775 346 extenti5‚
796 307 875 351 per
893 303 1116 351 tepentem
1145 291 1364 355 Assyriam
1390 290 1468 336 ad-

191 365 329 424 usque
358 360 553 408 confinia
579 361 754 406 traxisse
783 363 1034 408 Medorum.
1054 363 1266 410 ‘Felicitas
1282 365 1340 410 ita
1361 363 1470 409 emi-

192 435 290 481 nuit
305 470 318 492 ,
343 447 390 480 ut
411 434 511 496 ipsis
536 434 877 495 quodammodo
904 435 1159 482 cervicibus
1178 434 1369 482 fortunae
1390 435 1469 482 ali-

191 507 406 570 quamdiu
443 507 575 551 bonae
611 506 929 567 gubernatricis
967 507 1176 564 eveEius,
1213 508 1468 555 viiioriosis

190 580 389 626 cursibus
409 578 686 626 difficultates
707 578 967 640 superstaret
989 579 1237 627 immensas.
1263 582 1316 625 Et
1349 580 1468 641 post-

191 671 324 716 quam
346 670 402 698 ex
433 652 623 699 occidua
654 652 779 714 plaga
801 651 1011 714 digreffus
1031 652 1117 698 est:
1143 653 1294 715 quoad
1314 651 1398 699 fuit
1419 653 1468 699 in

192 728 319 775 terris
337 764 350 785 ‚
379 727 592 791 quievere
623 726 827 773 nationes
857 743 1016 773 omnes
1044 727 1325 785 immobiles,
1356 745 1408 774 ac
1437 727 1471 773 fi

192 802 391 865 quodam
432 801 625 847 caduceo
668 799 861 846 leniente
901 801 1137 848 mundana.
1180 800 1472 848 Liberalitatis

189 874 286 937 ejus
325 873 579 921 testimonia
618 873 807 935 plurima
846 872 945 920 sunt
981 875 1031 920 &
1073 873 1322 920 veriffima:
1355 874 1472 921 inter

190 966 320 1010 quae,
350 947 508 994 indi&a
537 946 636 992 sunt
655 945 924 992 tributorum
953 947 1190 992 admodum
1223 947 1364 1003 levia,
1392 963 1473 994 co-

191 1020 421 1068 ronarium
450 1019 673 1066 indultum
689 1055 701 1077 ,
720 1019 889 1065 remifl‘a
921 1019 1066 1064 debita
1087 1019 1226 1066 multa
1246 1019 1471 1065 diuturni·

192 1103 284 1138 tate
302 1089 536 1153 congesta,
558 1103 727 1152 aequata
747 1088 837 1137 fisci
862 1088 1003 1152 jurgia
1031 1106 1131 1136 cum
1153 1091 1340 1152 privatis
1360 1127 1371 1148 ‚
1387 1108 1471 1137 ve-

190 1163 366 1226 &igalia
387 1161 646 1208 civitatibus
665 1161 858 1208 restituta
879 1179 978 1208 cum
1002 1160 1176 1220 fundis,
1197 1161 1358 1224 absque
1379 1163 1469 1220 his,

195 1252 312 1298 quos
347 1234 475 1280 velut
516 1232 612 1294 jure
645 1234 888 1279 vendidere
926 1233 1161 1293 praeteritae
1200 1234 1471 1294 potestates:

192 1308 410 1371 quodque
431 1322 658 1367 nunquam
689 1307 900 1368 augendae
922 1305 1127 1367 pecuniae
1153 1307 1337 1367 cupidus
1358 1307 1472 1365 fuit,

192 1398 328 1444 quam
349 1380 520 1427 cautius
551 1379 669 1441 apud
694 1379 903 1425 dominos
922 1378 1084 1425 servari
1107 1379 1408 1437 existimabat,
1426 1381 1474 1426 id

195 1453 437 1517 aliquoties
478 1452 752 1515 praedicans,
789 1456 1085 1497 Alexandrum
1129 1454 1366 1515 NIagnum,
1401 1457 1474 1500 ubi

193 1530 356 1574 haberet
380 1528 587 1587 tlzefizuros
615 1529 906 1587 interrogatum
920 1563 934 1582 ,
956 1529 1072 1586 apud
1087 1530 1260 1582 amicos,
1289 1530 1475 1573 benevole

196 1599 452 1663 respondiffis.
471 1599 666 1663 Digestis
685 1600 833 1655 bonis,
848 1616 949 1662 quae
967 1599 1072 1646 scire
1087 1599 1332 1661 potuimus,
1353 1618 1474 1648 nunc

193 1673 252 1719 ad
281 1673 545 1735 explicanda
569 1671 662 1734 ejus
689 1669 798 1719 vitia
825 1674 1057 1719 veniamus
1076 1709 1089 1730 ‚
1121 1673 1224 1719 licet
1251 1673 1365 1720 dieta
1391 1674 1475 1722 sint

197 1745 401 1806 carptim.
434 1745 640 1792 Levioris
664 1744 859 1808 ingenii:
881 1762 1037 1791 verum
1063 1746 1151 1792 hoc
1183 1745 1385 1792 instituto
1404 1764 1476 1793 re—

199 1818 387 1864 &iffimo
424 1819 696 1880 temperabat
717 1854 729 1873 ‚
763 1818 988 1864 emendari
1021 1817 1092 1876 se,
1136 1835 1238 1864 cum
1277 1819 1477 1866 deviaret

198 1909 223 1938 a
256 1890 379 1953 fruge
411 1892 563 1946 bona,
596 1890 868 1952 permittens.
902 1891 1085 1953 Linguae
1112 1890 1285 1937 fufioris
1319 1894 1367 1938 &
1398 1893 1476 1939 ad·-

199 1967 384 2013 modum
406 1983 508 2012 raro
535 1966 729 2012 silentis:
759 1966 1070 2028 praesagiorum
1099 1964 1382 2011 sciscitationi
1409 1967 1476 2012 ni-

200 2040 300 2085 miae
333 2034 529 2097 deditus,
550 2054 598 2084 ut
627 2037 899 2100 aequiparare
921 2036 1147 2082 videretur
1179 2036 1224 2082 in
1255 2038 1337 2084 hac
1372 2055 1476 2100 par-

199 2126 245 2159 te
278 2110 536 2174 'principem
583 2111 857 2157 Hadrianum
890 2128 901 2157 τ
940 2109 1260 2172 superstitiosus
1307 2112 1474 2174 magis,

202 2202 335 2247 quam
375 2183 597 2230 sacrorum
635 2184 855 2247 legitimus
895 2182 1192 2239 observator,
1223 2183 1477 2232 innumeras

203 2259 294 2305 fine
331 2257 597 2319 parsimonia
643 2258 834 2319 pecudes
881 2258 1071 2303 maEtans
1101 2275 1112 2302 τ
1148 2270 1196 2303 ut
1237 2258 1475 2304 aestimare·

202 2344 304 2389 tur,
335 2331 365 2376 si
398 2330 644 2376 revertisset
681 2331 733 2376 de
768 2330 971 2385 Parthis,
996 2331 1142 2376 boves
1175 2330 1261 2390 jam
1297 2331 1475 2377 defutu—

204 2419 308 2451 ros:
337 2402 475 2451 Marci
507 2402 625 2450 illius
655 2403 804 2452 similis
838 2403 1052 2464 (laetaris,
1083 2405 1128 2451 in
1158 2422 1290 2469 quem
1319 2405 1365 2452 id
1397 2422 1474 2452 ac·
