1626 2917
189 227 280 270 ΜΟ
399 212 735 258 minimest
783 213 1253 261 MARCELMNI

187 317 362 375 hostile,
384 318 661 381 nimiumque
680 317 875 376 securos,
897 320 1038 381 quod,
1061 320 1266 382 scruposa
1285 318 1460 366 viarum

187 391 446 438 difficultate
468 405 646 437 arcente
664 428 676 449 ,
707 392 878 438 nullum
900 393 954 439 ad
976 394 1074 440 suos
1101 412 1237 456 pagos
1264 394 1461 440 introisse

186 464 478 510 meminerant
496 463 743 527 principem
759 499 771 520 ,
804 463 1028 526 superavit
1053 466 1236 530 negotio
1254 466 1370 519 levi,
1393 482 1463 510 ca·

185 537 358 600 ptisque
373 537 575 599 plurimis
590 539 636 585 &
656 537 829 594 occifis‚
847 537 1075 584 orantibus
1091 539 1202 590 aliis,
1221 539 1295 593 qui
1312 539 1463 600 super-

187 610 311 656 fuere
326 644 340 668 ‚
361 627 515 672 pacem
537 627 590 656 ex
611 611 798 657 arbitrio
817 611 959 667 (ledit,
981 611 1068 657 hoc
1086 611 1284 672 prodesse
1303 608 1466 672 posses-

186 683 360 730 foribus
383 682 588 729 finitimis
608 683 860 730 arbitratus.
889 684 1022 730 Unde
1051 683 1250 728 reversus
1272 683 1363 744 pari
1392 697 1465 726 ce-

187 757 360 803 leritate
389 773 466 820 per
495 756 690 815 flumen,
726 756 1010 820 praesidiaque
1041 757 1191 803 limitis
1223 756 1493 818 explorans-

190 830 427 892 diligenter
459 830 508 876 &
531 829 759 892 corrigens
782 865 796 888 ,
832 829 1022 892 adusque
1055 831 1280 875 Rauracos
1311 827 1464 872 venit:

190 903 390 965 locisque
404 903 695 965 recuperatis,
712 920 811 966 quae
824 902 933 948 olim
949 903 1116 948 barbari
1138 903 1379 961 intercepta
1399 917 1466 944 re-

190 975 395 1022 tinebant
417 988 464 1022 ut
485 975 693 1038 propria,
715 975 958 1038 iisdemque
977 974 1179 1037 pleniore
1196 991 1297 1020 cura
1321 971 1468 1016 firma·

191 1050 266 1103 tis,
286 1066 364 1110 per
390 1048 703 1095 Besantionem
723 1049 947 1095 Viennam
967 1049 1237 1096 hiematurus
1258 1046 1467 1094 abscessit.

258 1125 336 1169 XI.
374 1122 459 1169 Hic
493 1139 571 1184 per
603 1123 772 1169 Gallias
800 1136 893 1169 erat
925 1124 1040 1169 ordo
1072 1123 1312 1186 gestorum.
1351 1122 1468 1179 Quae

192 1198 298 1242 duni
323 1196 379 1242 ita
406 1195 616 1258 prospere
643 1195 887 1242 succedunt
915 1198 963 1243 &
989 1211 1117 1241 caute
1135 1231 1146 1251 ‚
1180 1191 1468 1239 Constantius

192 1270 383 1316 accitum
410 1269 598 1315 Arsacen
619 1269 843 1315 Armeniae
862 1286 1006 1332 regem
1024 1304 1037 1326 ,
1072 1268 1327 1328 summaque
1357 1266 1470 1310 libe-

193 1345 364 1389 ralitate
395 1342 668 1404 susceptum,
702 1343 1008 1403 praemonebat
1030 1345 1076 1390 &
1109 1341 1390 1393 hortabatur,
1418 1349 1469 1382 ut

194 1414 328 1461 nobis
352 1413 517 1460 amicus
551 1413 633 1459 efl'e
670 1413 974 1476 perseveraret
1005 1416 1054 1460 ὃς
1086 1412 1211 1460 fidus.
1249 1409 1470 1458 Audiebat

195 1487 314 1532 enim
334 1485 489 1548 saepius
506 1503 606 1532 eum
623 1498 840 1531 tentatum
858 1503 879 1531 a
896 1501 996 1548 rege
1019 1485 1244 1531 Persarum
1261 1480 1447 1528 fallaciis
1460 1513 1473 1537 ,

191 1561 246 1605 &
269 1558 424 1616 minis,
443 1559 490 1606 &
511 1558 648 1613 dolis,
671 1570 718 1604 ut
737 1559 1051 1603 Romanorum
1073 1555 1280 1603 societate
1299 1552 1474 1616 postha-

195 1632 314 1685 bita,
339 1629 422 1676 suis
446 1629 696 1675 rationibus
727 1628 1028 1691 stringeretur.
1051 1629 1144 1688 Qui
1169 1628 1327 1674 crebro
1347 1625 1475 1686 adju-

196 1718 316 1759 rans,
332 1701 521 1748 animam
540 1701 662 1763 prius
679 1701 798 1764 posse
817 1702 1033 1759 amittere,
1048 1719 1179 1764 quam
1198 1700 1473 1754 sententiam,

197 1788 451 1822 muneratus
480 1792 579 1820 cum
601 1775 866 1831 comitibus,
886 1791 1002 1836 quos
1029 1775 1234 1830 duxerat,
1258 1774 1390 1820 rediit
1418 1774 1474 1817 ad

199 1864 381 1910 regnum
405 1883 417 1902 ‚
445 1846 557 1892 nibil
577 1848 702 1893 ausus
723 1859 938 1893 ‘temerare
964 1847 1115 1909 postea
1136 1847 1447 1909 promiss'orum
1463 1879 1476 1903 ,

200 1921 421 1983 obligatus
441 1921 678 1983 gratiatum
702 1921 1070 1983 multiplicinexu
1088 1920 1379 1967 Constantio:
1405 1919 1475 1963 in-

199 2007 267 2039 ter
301 2009 406 2053 quas
436 1990 548 2038 illud
583 1994 733 2055 potius
755 1993 1030 2049 excellebat,
1054 1993 1178 2054 quod
1200 1990 1477 2054 Olympiada

202 2066 380 2112 Ablabii
406 2065 540 2112 filiam
573 2066 766 2128 praefeffl
795 2067 1023 2128 quondam
1053 2065 1268 2127 practorio
1290 2099 1304 2120 ‚
1336 2064 1476 2109 eico-

203 2141 436 2204 pulaverat
457 2138 694 2202 conjugem
711 2175 723 2197 ,
742 2139 942 2202 sponsam
964 2139 1105 2185 fratris
1129 2138 1189 2183 sui
1208 2135 1477 2184 Constantis.

205 2216 316 2272 Quo
349 2213 522 2258 ‹limiffo
551 2230 575 2258 a
609 2212 899 2275 Cappadocia
921 2247 933 2268 ,
969 2211 1060 2272 ipse
1103 2227 1180 2271 per
1228 2209 1477 2255 Melitinam

204 2285 393 2331 minoris
413 2287 635 2332 Armeniae
656 2287 897 2349 oppidum,
917 2288 964 2332 &
986 2288 1206 2332 Lacotena
1222 2319 1235 2341 ,
1258 2287 1303 2331 ὅ(
1324 2285 1479 2329 Samo-

205 2358 290 2406 sata
305 2395 315 2414 ,
335 2359 516 2404 transito
539 2360 778 2422 Euphrate,
795 2358 990 2404 Edessam
1013 2358 1162 2404 venit:
1182 2355 1351 2419 ibique,
1373 2356 1479 2401 dum

205 2433 380 2496 agmina
402 2434 598 2495 undique
624 2432 991 2480 convenientium
1011 2430 1200 2476 militum
1219 2466 1231 2488 ,
1252 2433 1298 2478 &
1321 2429 1383 2476 rei
1413 2429 1480 2473 ci-

209 2505 343 2552 bariae
367 2505 638 2563 abundant-es
670 2505 821 2569 copias
854 2503 1117 2568 opperitur,
1146 2503 1222 2550 diu
1254 2512 1482 2558 moratus,
