1626 2917
139 177 195 223 2‘3
332 175 1216 223 AMMIANIMARCELLINI

135 281 292 328 bulum
325 281 519 328 reserens
543 298 552 326 :
588 281 636 326 &
657 279 924 342 Mopsuestia
945 317 958 340 ,
988 282 1101 328 vatis
1121 281 1237 329 illius
1259 281 1408 328 domi-

136 354 288 401 cilium
312 354 460 416 Mopfi
481 389 494 409 ‚
514 370 646 414 quem
666 369 688 398 a
709 354 979 401 commilitio
1015 357 1376 418 Argonautarum
1397 388 1412 410 ,

135 444 235 474 cum
257 442 394 473 aureo
431 425 595 471 vellere
615 424 792 487 direpto
821 426 1016 473 redirent
1032 462 1045 484 ,
1073 428 1225 474 erro’re
1245 426 1408 474 abstra-

133 502 250 546 &um
266 535 279 555 ‚
312 498 598 560 delatumque
621 497 676 544 ad
696 496 858 546 Africae
881 500 1011 556 litus,
1037 517 1158 547 mors
1181 500 1413 564 repentina

138 570 379 618 consumsit
406 589 416 616 :
454 571 502 616 &
533 585 587 615 ex
617 585 702 629 e0,
734 570 897 634 cespite
931 573 1100 635 punico
1133 573 1234 620 teffi
1260 588 1415 619 manes

136 645 231 708 ejus
249 643 459 700 heroici,
478 643 691 690 dolorum
719 643 925 691 varietati
954 645 1186 692 medentur
1215 645 1413 708 plerum-

137 735 224 781 que
246 716 486 780 sospitales.
508 718 589 764 Hae
610 718 708 765 duae
739 717 992 781 provinciae
1028 718 1147 765 bello
1183 719 1415 782 quondam

133 791 325 855 piratico
346 790 538 838 catervis
560 791 711 838 mixtae
733 792 996 854 praedonum
1009 829 1024 850 ,
1042 810 1066 839 a
1083 793 1282 840 Servilio
1305 809 1415 857 pro-

90 877 93 880 ’
134 865 317 914 consule
344 866 480 914 miffae
505 865 581 913 sub
600 865 755 930 jugum
773 902 786 925 ,
807 866 930 914 fafflae
949 867 1047 913 sunt
1068 867 1325 931 vectigales.
1358 870 1415 914 Et

133 941 205 988 hae
223 939 404 1005 quidem
425 941 656 1005 regiones,
687 941 810 987 velut
831 941 877 988 in
895 941 1173 1005 prominenti
1191 955 1416 988 terrarum

134 1014 286 1078 lingua
317 1014 472 1076 positae
494 1050 507 1071 ,
536 1014 591 1063 ab
612 1015 722 1062 orbe
753 1016 854 1061 Eoo
889 1027 1043 1061 monte
1063 1017 1241 1062 Amano
1277 1014 1419 1077 dispa-

136 1100 311 1134 rantur.
335 1086 539 1135 Orientis
559 1104 671 1133 vero
691 1087 816 1133 limes
838 1087 882 1133 in
905 1088 1089 1151 longum
1113 1100 1348 1150 protentus
1370 1090 1420 1136 &

138 1161 332 1220 reflum,
351 1161 407 1207 ab
425 1161 666 1224 Euphratis
697 1160 895 1208 fluminis
920 1161 1028 1225 ripis
1056 1162 1247 1223 adusque
1268 1159 1421 1223 super-

141 1233 243 1280 cilia
279 1234 530 1298 porrigitur
551 1234 645 1281 Nili
663 1271 677 1293 ‚
706 1235 819 1281 laeva
838 1234 1065 1282 Saracenis
1086 1233 1420 1281 conterminans

138 1308 346 1370 gentibus
371 1344 384 1366 ‚
415 1308 573 1355 dextra
600 1309 743 1372 pelagi
776 1307 1027 1371 fragoribus
1055 1321 1210 1370 patens
1239 1325 1250 1354 ε
1285 1323 1419 1369 quam

134 1378 310 1442 plagam
335 1379 522 1426 Nicator
549 1380 755 1426 Seleucus
786 1391 1051 1440 occupatam
1072 1378 1195 1424 auxit
1214 1395 1422 1441 magnum

134 1451 181 1498 in
210 1453 400 1499 modum
425 1488 438 1511 ‚
474 1470 577 1499 cum
609 1452 710 1515 post
734 1451 977 1498 Alexandri
1013 1444 1279 1497 Macedonis
1315 1449 1420 1495 obi-

135 1535 230 1570 tum
261 1523 528 1573 successorio
554 1523 652 1587 jure
682 1533 854 1571 teneret
879 1541 1014 1587 regna
1035 1523 1245 1581 Persidis,
1265 1522 1418 1569 effica-

134 1596 214 1643 ciae
231 1596 520 1660 impetrabilis
535 1613 614 1643 rex
629 1633 642 1655 ,
655 1609 704 1643 ut
723 1597 890 1643 indicat
911 1607 1283 1659 cognomentum.
1301 1594 1421 1640 Abu-

135 1668 204 1714 sus
224 1668 344 1715 enim
362 1669 650 1716 multitudine
668 1669 934 1727 hominum,
956 1686 1085 1732 quam
1107 1667 1355 1730 tranquillis
1373 1666 1420 1712 in

135 1743 268 1789 rebus
289 1742 455 1789 diutius
483 1742 628 1800 rexit,
658 1759 711 1789 ex
743 1741 980 1805 agrestibus
1010 1740 1269 1788 habitaculis
1290 1740 1421 1786 urbes

137 1814 413 1873 construxit,
433 1815 582 1861 multis
600 1816 761 1877 opibus
781 1814 928 1862 firmas
948 1816 995 1862 &
1012 1814 1211 1860 viribus:
1232 1830 1420 1877 quarum

136 1888 193 1933 ad
213 1887 403 1949 praesens
428 1887 651 1952 pleraeque
672 1888 778 1935 licet
796 1888 968 1934 Graecis
990 1886 1247 1933 nominibus
1268 1885 1422 1947 appel-

137 1958 285 2005 lentur
299 1994 312 2017 ,
331 1975 433 2022 quae
462 1957 613 2005 iisdem
633 1961 687 2005 ad
710 1958 940 2006 arbitrium
968 1957 1172 2020 imposita
1191 1956 1290 2002 sunt
1310 1972 1422 2002 con-

137 2031 325 2089 ditoris,
345 2031 626 2095 primogenia
656 2044 806 2078 tamen
840 2031 1026 2079 nomina
1058 2046 1152 2075 non
1181 2029 1420 2086 amittunt,

138 2121 243 2168 quae
275 2105 338 2151 eis
364 2105 542 2169 Assyria
570 2104 721 2169 lingua
750 2105 1024 2153 institutores
1047 2116 1220 2151 veteres
1248 2102 1423 2149 indide-

138 2192 258 2225 runt.
286 2180 342 2224 Et
370 2179 511 2240 prima
544 2178 644 2241 post
675 2179 957 2226 Osdroenam
975 2214 988 2236 ‚
1011 2194 1142 2241 quam
1157 2212 1171 2233 ,
1189 2187 1238 2222 ut
1258 2175 1422 2221 dietum

138 2251 228 2310 est,
249 2252 304 2298 ab
321 2252 404 2299 hac
424 2251 724 2314 descriptione
754 2252 1066 2315 discrevimus,
1090 2251 1422 2313 Commagena,

139 2343 262 2374 nunc
291 2327 634 2389 Euphratensis,
663 2326 908 2373 clementer
931 2325 1132 2388 affurgin
1159 2323 1423 2386 Hierapoli,

139 2411 293 2445 vetere
324 2398 482 2454 Nino,
507 2399 555 2445 &
585 2399 810 2445 Samosata
841 2397 1099 2446 civitatibus
1131 2397 1286 2458 amplis
1317 2396 1423 2442 illu-

142 2467 255 2516 stris.
293 2467 418 2517 Dein
450 2468 580 2533 Syria
606 2485 686 2532 per
721 2468 968 2533 speciosam
995 2467 1234 2531 interpatet
1268 2465 1423 2514 diffusa
