1626 2917
271 117 487 164 RERUM
521 117 861 164 GESTARUM
899 117 1004 163 ΠΒ.
1041 117 1196 163 XXX.
1299 134 1389 179 εις

107 225 218 286 Quo
253 223 381 282 viso,
409 225 585 288 regulus
616 224 735 271 forte
770 224 1037 288 prominens.
1059 223 1175 270 ultra
1210 235 1359 269 torum
1378 258 1395 281 ,

105 297 322 359 expedito
347 297 517 345 dolone
544 298 794 362 affurgenS,
822 310 873 344 ut
897 298 1033 345 vitam
1063 295 1190 343 omni
1218 296 1393 343 ratione

103 369 387 428 defenderet,
421 370 654 433 perforato
690 372 869 433 pefflore
901 369 1116 416 deformis
1146 369 1395 431 procubuit

101 441 312 497 victima,
331 442 491 489 iffibus
509 442 819 504 multiplicatis
842 441 962 489 foede
981 442 1173 489 concisa.
1196 443 1394 505 Hocque

101 513 320 579 figmento
345 515 518 563 nefarie
545 518 728 579 decepta
756 517 1018 564 credulitate
1035 552 1048 575 ,
1078 516 1194 562 inter
1214 516 1398 577 epulas,

100 606 202 653 quae
233 591 490 637 reverendae
525 589 627 637 sunt
650 590 726 637 vel
753 589 798 635 in
833 590 1014 636 Euxino
1046 603 1219 652 ponto,
1241 588 1395 650 hospi-

99 662 180 709 tali
213 663 396 709 numine
422 676 695 721 contuente,
719 664 979 726 peregrinus
1011 680 1146 709 cruor
1176 663 1220 707 in
1252 661 1396 708 ambi·

99 735 215 786 tiosa
246 735 383 782 lintea
410 735 672 798 conspersus
700 736 931 798 spumante
964 735 1077 780 sanie
1104 735 1287 780 satietati
1321 734 1392 779 su-

97 805 265 868 perfuit
286 806 614 865 convivarum,
638 808 831 854 horrore
849 808 1051 853 maximo
1074 807 1392 868 dispersorum.

97 878 388 941 Ingemiscat‚
420 879 451 924 fi
484 879 584 942 quis
613 880 706 926 vita
740 880 935 942 digreflis
970 879 1028 924 est
1065 880 1228 935 dolor,
1262 878 1394 937 hujus

99 950 519 1013 arrogantiam'facti
539 951 766 997 Fabricius
786 952 859 996 ille
876 951 1089 998 Luscinus
1105 950 1286 1007 :sciens‚
1305 966 1395 1011 qua

96 1022 234 1068 animi
262 1022 572 1085 magnitudine
599 1023 962 1080 Democharem,
995 1023 1093 1079 vel,
1126 1036 1173 1069 ut
1206 1023 1391 1086 quidam

96 1095 322 1151 scribunt,
354 1095 529 1140 Niciam
554 1095 804 1141 ministrum
825 1096 1039 1157 repulerit
1070 1095 1241 1157 regium
1258 1130 1270 1152 ‚
1290 1096 1393 1141 col-

92 1168 253 1231 loquio
279 1167 534 1214 occultiore
560 1169 819 1230 pollicitum
838 1205 850 1227 ‚
877 1170 1004 1231 quod
1035 1170 1262 1232 Pyrrhum
1299 1171 1390 1215 Ita-

93 1241 198 1289 liam
225 1257 333 1288 tunc
354 1241 480 1287 bellis
502 1242 747 1289 saevissimis
779 1255 1042 1288 exurentem
1060 1278 1072 1299 ,
1098 1259 1281 1289 veneno
1300 1260 1389 1306 po·-

93 1316 206 1362 culis
238 1315 416 1362 necabit
453 1314 654 1363 infectis:
689 1316 999 1378 scripseritque
1037 1316 1093 1361 ad
1128 1333 1307 1379 regem,
1336 1328 1387 1363 ut

92 1387 148 1432 ab
181 1386 395 1433 interiore
424 1400 607 1434 caveret
630 1389 864 1451 obsequio.
899 1389 1099 1434 Tantum
1118 1388 1384 1435 reverentiae

91 1460 246 1507 locum
287 1461 405 1523 apud
440 1461 624 1522 priscam
663 1461 784 1508 illam
829 1461 1068 1521 justitiam,
1105 1461 1178 1508 vel
1214 1462 1386 1508 hostilis

92 1533 255 1580 mensae
277 1534 510 1598 genialitas
532 1534 782 1582 obtinebat.
813 1538 982 1581 Verum
1008 1534 1298 1581 excusabatur
1316 1551 1385 1580 re-

93 1624 198 1655 cens
227 1607 482 1654 inusitatum
513 1607 686 1655 facinus
715 1611 763 1656 ὅ(
793 1608 1053 1670 pudendum
1087 1607 1208 1654 necis
1229 1625 1382 1655 exem-

92 1680 174 1743 plo
197 1681 488 1728 Sertorianae:
510 1681 819 1728 adulatoribus
839 1681 1019 1727 forsitan
1042 1681 1383 1744 ignorantibus,

91 1755 242 1817 quod,
275 1768 325 1802 ut
356 1755 687 1802 Demosthenes
727 1768 990 1818 perpetuum
1025 1755 1218 1802 Graeciae
1245 1756 1381 1819 decus

91 1828 282 1875 affirmat
296 1864 310 1887 ,
329 1846 555 1889 nunquam
579 1829 870 1876 similitudine
889 1841 964 1876 aut
983 1828 1247 1890 impunitate
1268 1829 1382 1875 alte-

90 1902 181 1949 rius
201 1902 402 1950 criminis
418 1902 603 1950 diluitur
622 1902 667 1949 id
681 1939 695 1962 ‚
711 1904 837 1967 quod
856 1915 1013 1950 contra
1027 1936 1041 1958 ,
1061 1918 1112 1949 ac
1139 1901 1292 1961 liceat,
1312 1919 1381 1949 ar-

91 1976 241 2040 guitur
272 1976 453 2024 facium.

156 2051 209 2095 ΙΙ.
244 2050 354 2097 Haec
390 2066 470 2113 per
504 2048 762 2095 Armeniam
803 2047 1065 2094 notabiliter
1106 2049 1221 2111 gesta
1260 2046 1382 2096 sunt,

91 2123 233 2184 Sapor
270 2138 386 2169 vero
415 2121 515 2184 post
547 2120 731 2167 suorum
768 2120 995 2183 pristinam
1031 2120 1200 2168 cladem
1242 2138 1376 2168 com-

90 2205 222 2256 perto
255 2193 437 2242 interitu
468 2195 590 2240 Parae
611 2229 626 2252 ,
659 2210 791 2257 quem
823 2193 990 2240 sociare
1025 2193 1104 2240 fibi
1137 2194 1376 2256 impendio

93 2267 342 2314 conabatur
363 2302 376 2323 ‚
409 2283 609 2313 moerore
647 2267 770 2329 gravi
809 2265 1062 2328 perculsus,
1095 2280 1375 2329 augenteque

90 2338 228 2384 nostri
253 2338 473 2385 exercitus
501 2338 729 2385 alacritate
761 2337 1049 2385 formidinem
1066 2373 1079 2395 ‚
1101 2337 1271 2399 majora
1292 2336 1374 2384 fibi

92 2412 402 2476 praeseminans
420 2448 435 2473 ,
463 2416 629 2461 Arrace
657 2412 804 2477 legato
838 2413 894 2460 ad
920 2412 1173 2474 Principem
1207 2412 1336 2459 misso
1355 2443 1376 2467 ,

932 2493 936 2494 ⁷
994 2487 1039 2531 O
1076 2503 1106 2545 4
