1626 2917
165 173 258 222 342
375 161 710 207 AMMtANt
763 161 1240 207 MARCELLINI

166 263 261 326 pit,
293 281 346 309 ne
379 264 450 310 cui
482 263 673 308 militum
706 263 762 308 ab
794 263 1044 326 agminibus
1071 265 1265 327 propriis
1298 281 1453 311 rever·

115 375 149 385 ,,
165 335 290 380 tendi
312 335 469 380 fiducia
489 348 749 382 remaneret.
767 335 864 381 Pari
886 337 1003 383 sorte
1026 337 1098 383 hic
1117 354 1299 400 quoque
1317 354 1454 384 omen

167 406 394 453 illaetabile
423 407 566 453 visum
590 407 679 466 est,
707 410 977 470 apparitoris
1008 409 1231 470 cujusdam
1266 412 1455 458 cadaver

169 494 400 527 extentum
437 482 659 530 carnificis
689 501 821 530 manu
855 484 1019 530 deleti:
1053 501 1186 547 quem
1218 485 1456 548 praefectus

169 554 400 601 Sallustius
430 555 622 617 praesens
653 573 702 603 ea
732 574 778 603 re
808 556 1030 619 supplicio
1060 559 1237 620 capitali
1271 561 1457 606 damna-

169 640 237 673 rat
250 664 262 684 ,
283 629 407 692 quod
428 629 543 675 intra
560 631 859 692 praestitutum
877 631 993 677 diem
1015 632 1332 681 alimentorum
1351 650 1459 697 aug-

167 714 367 748 mentum
385 702 600 748 exbibere
615 703 862 765 pollicitus,
880 705 979 751 casu
996 705 1267 767 impediente
1286 706 1460 754 frustra-

170 786 240 820 tus
261 774 336 822 est.
363 777 448 822 Sed
477 776 728 824 miserando
750 777 935 824 homine
967 778 1193 825 trucidato
1211 815 1224 835 ‚
1245 778 1462 842 postridie

172 848 376 906 advenit,
390 862 439 895 ut
459 849 533 895 ille
552 850 830 911 promiserat,
846 850 929 897 alia
946 851 1085 898 claffis
1099 852 1273 898 abunde
1289 853 1462 899 vehens

173 939 415 970 annonam.
437 922 627 970 Profeffi
647 924 809 970 exinde
831 924 1030 971 Zaitham
1054 925 1259 971 venimus
1280 925 1463 980 locum,

175 996 254 1059 qui
280 997 378 1043 olea
404 997 539 1043 arbor
559 997 890 1061 interpretatur.
916 998 1001 1045 Hic
1023 999 1249 1046 Gordiani
1267 1001 1464 1063 Impera-

175 1069 290 1116 toris
327 1069 464 1133 longe
497 1072 790 1133 conspicuum
831 1072 1027 1120 vidimus
1057 1074 1307 1130 tumulum,
1338 1072 1464 1135 cujus

176 1143 296 1189 ailus
323 1160 346 1188 a
375 1144 567 1204 pueritia
597 1144 762 1206 prima,
788 1144 1160 1206 exercituumque
1190 1144 1464 1191 feliciffimos

177 1217 335 1264 duilus
351 1251 364 1274 ,
385 1217 436 1264 δι’
457 1217 714 1263 insidiosum
734 1217 963 1263 interitum
987 1217 1239 1280 digeffimus
1260 1230 1465 1280 tempore

179 1290 472 1351 competenti.
505 1291 597 1336 Ubi
632 1308 732 1337 cum
768 1308 853 1351 pro
886 1290 1080 1352 ingenita
1112 1291 1274 1352 pietate
1304 1291 1466 1338 conse-

176 1378 304 1413 crato
340 1363 537 1425 Principi
568 1364 856 1427 parentaffet‚
889 1377 1179 1426 pergeretque
1211 1366 1265 1411 ad
1290 1365 1467 1411 Duram

180 1436 399 1484 desertum
420 1437 638 1500 oppidum
658 1474 671 1494 ,
690 1438 848 1499 procul
876 1438 1113 1483 militarem
1141 1454 1332 1484 cuneum
1355 1455 1470 1484 con·

179 1509 372 1573 spicatus
394 1508 510 1555 stetit
528 1510 772 1557 immobilis
800 1529 809 1556 :
833 1510 962 1571 eique
989 1510 1236 1566 dubitanti,
1253 1510 1359 1573 quid
1378 1509 1469 1556 fer-

179 1597 308 1642 rent,
330 1583 520 1631 offertur
543 1586 597 1632 ab
617 1584 679 1630 eis
700 1583 994 1630 immaniffimi
1015 1584 1222 1645 corporis
1241 1583 1313 1630 leo
1330 1619 1342 1639 ‚
1365 1600 1470 1631 cum

181 1659 325 1706 aciem
361 1669 531 1721 peteret
566 1657 804 1720 multiplici
841 1656 1036 1703 telorum
1071 1655 1188 1718 jaCtu
1226 1655 1471 1703 confossus.

183 1733 299 1792 Quo
318 1730 471 1779 omine
490 1731 615 1778 velut
636 1731 826 1778 certiore
849 1729 935 1790 jam
958 1729 1195 1790 spestaculi
1216 1727 1472 1790 prosperio-

184 1806 247 1852 ris
274 1805 435 1861 elatus,
457 1803 751 1850 exsultantius
782 1802 1012 1849 incedebat
1036 1819 1047 1846 :
1074 1799 1145 1846 sed
1170 1799 1347 1846 incerto
1378 1799 1472 1844 fatu

186 1878 386 1927 fortunae
420 1876 629 1924 aliorsum
666 1876 874 1938 prorupit
907 1885 1111 1921 eventus.
1149 1871 1317 1919 Obitus
1352 1871 1474 1918 enim

187 1950 304 2014 regis
325 1950 701 2012 portendebatur,
725 1948 796 1994 sed
823 1945 946 2009 cujus
960 1981 972 2004 ,
992 1957 1084 1992 erat
1102 1944 1338 1990 incertum.
1358 1945 1474 1991 Nam

188 2027 240 2072 &
259 2024 440 2072 oracula
457 2021 591 2069 dubia
611 2021 796 2085 legimus
810 2057 822 2077 ‚
844 2038 942 2085 quae
962 2036 1054 2066 non
1074 2018 1152 2064 nisi
1175 2017 1297 2064 casus
1316 2016 1475 2064 discre-

189 2114 301 2144 vere
339 2095 549 2158 postremi
577 2113 587 2142 :
615 2107 666 2141 ut
699 2093 831 2140 fidem
866 2091 1067 2140 vaticinii
1102 2089 1343 2152 Delphici,
1375 2106 1476 2152 quae

189 2173 293 2238 post
314 2173 470 2234 Halyn
492 2170 659 2217 flumen
681 2168 1001 2224 transmissum,
1022 2165 1266 2212 maximum
1289 2180 1476 2227 regnum

193 2245 465 2307 dejeflurum
484 2243 748 2305 praedixerat
764 2240 995 2288 Croesum:
1009 2241 1057 2285 &
1072 2238 1217 2293 aliam,
1232 2254 1331 2299 quae
1344 2238 1478 2283 Athe-

194 2319 421 2366 niensibus
450 2319 504 2364 ad
533 2316 791 2364 certandum
816 2327 974 2361 contra
1001 2312 1159 2357 Medos
1181 2310 1367 2373 oblique
1398 2311 1478 2354 de-

197 2392 441 2440 stinaverat
467 2405 611 2436 mare:
643 2389 896 2449 sortemque
917 2386 984 2431 his
1011 2383 1302 2447 posteriorem
1326 2397 1479 2427 veram

196 2465 401 2531 quidem,
419 2463 490 2512 sed
509 2480 604 2512 non
622 2463 770 2511 minus
785 2460 1034 2525 ambiguam
1047 2494 1060 2518 ‚
1082 2458 1174 2517 Ajo
1193 2459 1480 2520 testanda,
