1626 2917
0 2028 7 2241 >2xnn<⁷w·-0-
0 1771 6 2007 w--·2--„....⁴.-<.-
0 1635 4 1764 -fflw

248 155 468 202 RERUM
501 153 840 201 GESTARUM
876 152 976 198 ΠΒ.
1006 151 1133 197 Xtv.
1280 169 1332 197 21

56 258 238 308 extrusis
254 296 268 316 ,
285 270 546 305 tenerentur
573 258 806 304 mimarum
837 257 1005 304 affeclae
1028 255 1152 312 veri,
1171 255 1339 319 quique

58 334 103 380 id
125 333 383 378 fimularunt
401 330 458 377 ad
487 344 661 392 tempus
686 348 696 376 :
719 332 767 376 &
795 330 876 375 tria
903 328 1039 377 millia
1067 328 1340 374 saltatricum

56 423 113 452 ne
135 404 414 467 interpellata
431 403 613 465 quidem
629 439 643 462 ‚
664 420 765 451 cum
791 401 943 451 choris
967 400 1248 468 totidemque
1266 415 1340 446 re-

56 490 289 526 manerent
314 476 543 542 magistris.
562 479 617 523 Et
636 476 739 524 licet
752 512 765 534 ,
783 489 1056 539 quocunque
1075 472 1238 520 oculos
1255 471 1339 518 sse-

56 551 176 598 xeris
191 587 205 609 ‚
228 549 415 598 feminas
431 549 594 596 affatim
617 548 777 595 multas
797 547 989 611 speRare
1012 546 1190 593 cirratas
1206 580 1219 601 ‚
1240 544 1341 608 qui-

55 624 163 683 bus,
187 623 218 670 fi
244 622 507 686 nupsissent,
529 637 607 684 per
636 632 808 667 aetatem
834 632 900 666 ter
919 619 1004 679 jam
1027 617 1144 664 nisus
1161 628 1341 680 poterat

55 698 288 762 suppetere
319 696 589 753 liberorum,
612 693 803 757 adusque
831 693 1012 739 taedium
1039 691 1228 755 pedibus
1258 708 1341 754 pa-

56 773 256 821 vimenta
284 781 503 834 tergentes
520 804 533 826 ‚
556 767 705 830 jaCtari
735 765 1015 813 volubilibus
1048 764 1202 829 gyris,
1232 766 1339 812 dum

57 845 319 908 exprimunt
343 842 575 889 innumera
587 840 848 898 fimulacra,
869 855 968 901 quae
988 835 1158 884 finxere
1178 836 1341 884 fabulae

58 915 308 964 theatrales.
344 914 456 962 Illud
491 924 636 960 autem
666 929 769 959 non
793 911 1046 965 dubitatur,
1076 911 1205 973 quod
1237 927 1340 958 cum

57 989 162 1036 esset
184 988 426 1051 aliquando
452 987 670 1034 virtutum
698 986 904 1033 omnium
930 984 1208 1031 domicilium
1239 986 1340 1029 Ro-

52 1081 125 1110 ma
141 1099 154 1121 ,
176 1062 395 1126 ingenuos
416 1062 614 1108 advenas
636 1060 838 1124 plerique
869 1059 1092 1107 nobilium
1126 1057 1212 1122 (ut
1236 1059 1339 1105 Ho-

53 1136 210 1184 merici
245 1136 453 1184 bacarum
479 1136 695 1185 suavitate
725 1132 1019 1198 Lotophagi)
1049 1133 1339 1180 humanitatis

53 1209 407 1257 multiformibus
434 1209 596 1256 officiis
616 1209 909 1256 retentabant.
937 1208 1074 1254 Nunc
1101 1223 1215 1253 vero
1238 1206 1338 1252 ina-

54 1299 132 1330 nes
169 1282 301 1330 flatus
337 1282 648 1345 quorundam,
689 1281 783 1328 vile
819 1280 928 1338 effe,
967 1281 1186 1344 quidquid
1212 1292 1339 1326 extra

52 1356 173 1403 urbis
201 1355 476 1418 pomoerium
499 1354 717 1407 nascitur,
737 1353 952 1400 aestimant
968 1389 981 1410 ,
1008 1365 1166 1415 praeter
1196 1353 1337 1399 orbos

54 1431 105 1477 &
134 1428 308 1475 caelibes
327 1445 338 1474 ε
358 1444 442 1474 nec
469 1427 588 1474 credi
615 1425 789 1489 potest,
815 1443 902 1489 qua
923 1425 1246 1489 obsequiorum
1268 1426 1338 1471 di-

55 1499 260 1547 versitate
286 1499 498 1547 coluntur
528 1499 734 1546 homines
766 1499 857 1545 fine
889 1498 1039 1545 liberis
1069 1500 1243 1546 Romae.
1282 1501 1338 1545 Et

54 1573 270 1638 quoniam
296 1574 414 1636 apud
434 1590 510 1621 eos
524 1586 610 1628 ,ut
631 1574 678 1620 in
704 1574 847 1637 capite
867 1574 1048 1631 mundi,
1068 1574 1337 1621 morborum

53 1645 313 1693 acerbitates
339 1644 493 1692 celsius
522 1645 833 1705 dominantur,
855 1646 910 1692 ad
935 1662 1050 1709 quos
1075 1647 1152 1693 vel
1178 1646 1338 1692 sedan-

55 1720 139 1766 dos
169 1718 317 1766 omnis
345 1717 562 1780 profeflio
593 1718 802 1766 medendi
835 1718 1071 1781 torpescit;
1104 1718 1338 1781 excogita-

53 1803 149 1839 tum
169 1791 230 1839 est
249 1790 565 1839 adminiculum
587 1791 815 1854 sospitale‚
830 1808 886 1838 ne
903 1791 1001 1855 quis
1021 1791 1213 1838 amicum
1234 1807 1338 1852 per-

53 1864 272 1912 ferentem
291 1865 448 1912 similia
467 1865 641 1913 videat:
661 1866 950 1929 additumque
970 1866 1030 1912 est
1050 1865 1337 1913 cautionibus

55 1938 211 2001 paucis
237 1939 486 1985 remedium
517 1939 637 1985 aliud
673 1938 772 1986 satis
802 1940 1027 1998 validum,
1058 1952 1108 1986 ut
1141 1939 1336 1986 famulos

28 2024 370 2075 percontatum
399 2012 578 2071 miffos,
608 2013 988 2076 quemadmodum
1023 2014 1203 2060 valeant
1235 2012 1337 2059 noti

54 2086 137 2133 hac
175 2085 434 2149 aegritudine
468 2085 690 2149 colligati,
726 2103 820 2134 non
859 2100 961 2134 ante
999 2088 1220 2150 recipiant
1249 2088 1335 2133 do-

55 2175 176 2204 mum
192 2194 209 2217 ,
226 2175 357 2222 quarn
381 2159 565 2207 lavacro
592 2162 881 2224 purgaverint
907 2178 1086 2225 corpus.
1113 2165 1175 2208 Ita
1202 2161 1336 2207 etiam

56 2230 210 2278 alienis
243 2231 386 2279 oculis
416 2232 508 2280 visa
539 2233 754 2280 metuitur
784 2235 917 2282 labes.
946 2235 1030 2282 Sed
1063 2248 1210 2281 tamen
1240 2235 1337 2280 haec

59 2319 160 2349 cum
185 2303 244 2350 ita
265 2305 404 2351 tutius
429 2305 724 2353 observentur
742 2344 755 2365 ‚
772 2309 952 2372 quidam
980 2309 1142 2372 vigore
1163 2319 1336 2353 artuum

0 2375 7 2419 l
58 2374 328 2436 imminuto,
352 2378 501 2442 rogati
527 2380 581 2425 ad
612 2381 816 2443 nuptias,
849 2382 925 2429 ubi
953 2400 1108 2429 aurum
1142 2380 1335 2427 dexteris

0 2459 9 2490 l:

59 2447 261 2496 manibus
288 2451 455 2499 cavatis
481 2451 697 2510 offertur,
716 2452 902 2519 impigre
926 2455 1001 2503 vel
1021 2453 1156 2517 usque
1174 2452 1335 2516 Spole-

996 2529 1028 2572 B
1060 2542 1082 2588 3
