1626 2917
300 228 519 275 RERUM
556 228 893 278 GESTARUM
931 230 1033 278 LIB.
1066 232 1210 280 XVII.
1317 248 1406 294 147

131 334 434 402 plurimosque
455 335 692 397 optimates
707 372 719 392 ‚
740 353 841 384 cum
875 337 1139 396 impetrandi
1157 339 1228 401 spe
1250 339 1407 387 similia

133 410 364 475 petituros.
381 409 491 468 Qui,
508 410 611 456 licet
630 410 728 456 elati
743 411 906 474 gaudio
926 412 1069 458 salutis
1086 413 1284 467 indultae,
1296 432 1409 461 con·

133 484 355 532 ditionum
380 483 548 530 sarcina
565 485 853 543 compensare
878 485 1058 533 inimice
1081 485 1189 533 fa&a
1214 488 1408 543 pollice-

131 558 293 605 bantur
312 593 328 616 ,
350 556 479 618 seque
506 574 608 603 cum
639 556 924 604 facultatibus
954 561 1002 606 &
1035 559 1182 606 liberis
1213 562 1262 609 ὅ(
1291 579 1410 609 con-

129 629 305 694 jugibus
325 641 630 691 terrarumque
660 630 835 677 suarum
857 632 1052 687 ambitu,
1086 634 1300 681 Romanae
1323 653 1411 698 po.

131 705 285 751 tentiae
304 704 494 749 libenter
525 704 764 749 offerrent:
790 705 1026 764 praevaluit
1045 720 1191 753 tamen
1211 710 1410 763 aequitati

130 775 278 841 junfiia
305 775 579 837 benignitas:
600 774 782 837 jussique
801 777 1005 822 obtinere
1028 778 1144 823 sedes
1166 780 1410 842 impavidi,

133 850 313 897 nostros
353 847 582 893 reddidere
617 847 832 908 captivos.
867 849 1202 912 Duxeruntque
1236 854 1413 901 obfides

131 922 406 986 postulatos,
431 921 480 966 &
515 920 699 965 obedire
724 921 956 982 praeceptis
987 921 1144 967 deinde
1170 927 1412 985 promtiffi-

133 1012 206 1043 me
235 993 585 1057 spoponderunt,
615 992 841 1038 Hortante
870 994 958 1039 hoc
980 996 1189 1056 exemplo
1212 997 1412 1044 clemen-

133 1069 229 1124 tiae‚
251 1066 522 1114 advolarunt
541 1064 704 1127 regales
718 1082 816 1110 cum
840 1065 923 1111 suis
943 1067 1152 1113 omnibus
1173 1071 1413 1120 Araharius

134 1144 185 1189 δε
206 1138 362 1188 Usafer
383 1173 395 1194 ,
429 1137 545 1183 inter
581 1137 819 1199 optimates
853 1140 1153 1196 excellentes,
1185 1144 1412 1204 agminum

134 1211 366 1276 gentilium
388 1209 521 1257 duces
546 1245 559 1267 ‚
598 1227 793 1272 quorum
822 1211 931 1257 alter
960 1212 1414 1276 Transiugitanorum

133 1286 493 1347 Quadorumque
512 1283 625 1346 parti
646 1319 658 1338 ,
677 1285 786 1330 alter
803 1285 1061 1346 quibusdam
1075 1287 1280 1335 Sarmatis
1299 1308 1415 1352 pree-

134 1370 252 1415 erat,
271 1358 479 1403 locorum
498 1355 703 1404 confiniis
724 1360 771 1403 &
791 1356 962 1403 feritate
981 1355 1252 1418 junffiffimis
1268 1381 1277 1408 ε
1292 1380 1416 1425 quo-

136 1447 236 1477 rum
271 1428 444 1490 plebem
477 1429 645 1475 veritus
673 1431 919 1490 Imperator
935 1464 948 1485 ,
985 1447 1039 1475 ne
1080 1429 1211 1477 ferire
1242 1433 1416 1484 foedera

138 1501 362 1556 simulans,
378 1501 422 1546 in
437 1517 555 1547 arma
575 1515 755 1561 repente
767 1500 1281 1565 consurget-et‚discreto
1303 1525 1416 1556 con-

139 1572 281 1620 sortio
301 1608 316 1628 ,
353 1588 437 1634 pro
471 1572 674 1618 Sarmatis
713 1572 995 1619 obsecrantes
1041 1573 1159 1634 juffit
1192 1579 1416 1641 paulisper

138 1645 367 1694 abscedere
388 1681 401 1702 ,
426 1644 529 1690 dum
558 1644 762 1690 Araharii
795 1645 842 1690 &
878 1645 1143 1703 Quadorum
1181 1650 1416 1710 negotium

139 1720 419 1782 speEtaretur.
439 1719 649 1778 Quicum
669 1734 824 1763 eorum
846 1719 935 1764 ritu
954 1719 1118 1776 oblati,
1139 1720 1298 1769 stantes
1312 1713 1417 1772 cur-

139 1791 258 1838 vatis
276 1792 568 1852 corporibus,
592 1789 794 1836 facinora
817 1790 969 1852 gravia
991 1808 1175 1854 purgare
1197 1810 1292 1840 non
1315 1796 1416 1857 pos-

141 1864 260 1921 sent,
297 1865 464 1912 ultimae
490 1863 619 1911 sortis
638 1863 885 1910 infortunia
903 1877 1146 1911 metuentes
1165 1901 1179 1923 ‚
1198 1866 1418 1918 dederunt

141 1939 316 1986 obsides
334 1939 603 2001 imperatos,
637 1954 865 2000 nunquam
886 1952 1010 1983 antea
1029 1937 1218 2000 pignora
1234 1938 1420 1989 foederis

140 2011 354 2058 exhibere
373 2009 604 2073 compulsi.
626 2009 705 2055 His
725 2026 779 2054 ex
799 2025 928 2070 aequo
947 2008 1166 2072 bonoque
1186 2014 1420 2074 composi-

142 2085 225 2140 tis,
245 2083 400 2131 Usafer
419 2085 466 2130 in
501 2100 653 2146 preces
674 2081 876 2128 admissus
906 2082 996 2129 est:
1031 2081 1251 2129 Arahario
1279 2086 1419 2146 perti-

143 2155 312 2203 naciter
327 2156 631 2219 obstrepente,
650 2153 960 2216 firmanteque,
982 2171 1153 2215 pacem,
1174 2171 1306 2217 quam
1327 2157 1419 2219 ipse

145 2230 332 2288 meruit,
360 2231 401 2276 ei
432 2247 613 2294 quoque
639 2231 798 2276 debere
820 2227 1063 2292 proficere,
1095 2241 1146 2274 ut
1180 2231 1420 2293 participi,

146 2304 253 2350 licet
286 2303 525 2363 inferiori,
566 2307 615 2352 &
648 2305 954 2366 obtemperare
976 2302 1057 2348 suis
1078 2303 1274 2365 imperiis
1304 2323 1422 2352 con-

148 2376 290 2424 sueto.
327 2380 490 2424 Verum
517 2377 762 2440 quaestione
794 2376 1010 2433 discussa,
1043 2375 1183 2421 aliena
1204 2378 1421 2438 potestate

149 2448 260 2509 eripi
273 2449 583 2512 Sarmataejuffi
600 2484 614 2508 ‚
628 2462 675 2495 ut
694 2449 861 2511 semper
881 2450 1190 2495 Romanorum
1209 2449 1391 2495 clientes
1406 2485 1421 2507 ,

149 2520 312 2569 offerre
344 2523 514 2571 obfides
529 2559 544 2584 ,
561 2522 722 2587 quietis
746 2522 932 2576 vincula
952 2521 1274 2571 conservandae
1292 2556 1306 2583 ,
1322 2539 1422 2586 graf

1058 2596 1170 2645 Ka
