1626 2917
226 170 361 205 xxxv
450 156 825 211 AMMJANJ
872 156 1374 203 MARCELLINI

220 266 340 311 libro
367 265 415 312 &
437 264 561 321 aliis,
591 263 827 310 Gallorum
848 263 894 308 &
914 262 1125 309 Afrorum
1148 260 1419 309 disceffionis
1443 274 1501 311 ac

220 328 487 378 defeffionis
517 330 570 374 ad
599 328 779 374 Gothos
810 329 858 376 &
888 327 1117 373 Vandalos
1151 327 1297 374 causas
1322 326 1494 372 easdem

221 394 453 456 consignat
472 428 486 451 ‚
506 409 615 451 quas
649 394 916 438 Marcellinus
939 393 1086 439 noster
1117 392 1269 438 tribuit
1289 390 1460 437 Silvani
1479 424 1497 449 ‚

223 457 481 512 Antonini,
527 456 692 510 Firmi,
726 455 1000 518 aliorumque
1042 455 1295 518 transfugiis
1318 490 1332 512 ‚
1373 455 1501 501 defe-

223 522 474 577 (tionibus,
495 520 760 578 imperiique
784 520 1143 582 usurpationibus
1163 537 1175 566 ε
1197 520 1250 564 ad
1271 535 1370 580 quae
1390 519 1501 565 mala

222 584 304 643 ipsi
334 601 389 635 ex
421 583 511 628 sola
543 579 850 640 desperatione
879 582 1063 638 legitimi
1097 581 1203 639 juris
1236 581 1503 639 obtinendi,

223 651 272 696 &
293 650 392 708 quia
413 645 583 690 nullum
602 645 648 690 in
673 643 907 692 clementia
926 643 1143 704 Principis
1168 646 1379 691 haberent
1399 662 1504 707 per-

225 709 394 771 fugium
416 743 429 762 ,
461 708 678 770 compulsi
721 707 949 769 adaffique
979 709 1091 755 sunt.
1118 710 1204 756 Has
1235 710 1368 772 igitur
1394 724 1503 755 cor·-

224 773 411 827 ruptelae
440 770 591 818 causas
624 788 903 834 quaecunque
937 771 1179 832 respublica
1217 773 1384 818 nutriet
1426 785 1503 822 aut

227 836 434 882 sustinere
461 850 648 897 cogetur
668 873 681 891 ‚
712 838 901 881 vicinam
927 836 1106 880 illorum
1135 849 1389 895 temporum
1425 853 1504 884 ca-

225 901 470 951 lamitatem
501 903 548 949 &
579 901 724 948 casum
746 900 980 960 exspectet.
1011 901 1115 945 Non
1138 900 1296 946 deeffet
1327 901 1502 960 oratio,

226 966 257 1012 :fi
280 966 485 1013 utilitates
507 982 664 1012 omnes
687 965 957 1011 Ammianeae
976 964 1170 1010 historiae
1195 966 1356 1010 vellem
1379 982 1502 1013 com·

226 1031 540 1092 prehendere,
571 1048 670 1093 quae
710 1031 1050 1092 corrumpendae
1095 1032 1143 1077 δέ
1184 1030 1505 1080 conservanda

226 1095 488 1155 xeipublicae
520 1095 692 1151 causas,
717 1094 980 1156 imper-iique
1010 1095 1236 1142 moderate
1268 1095 1507 1142 exercendi

227 1161 397 1222 regula*
415 1160 616 1206 continet
632 1158 846 1204 infinitas:
869 1159 939 1204 sed
956 1175 1025 1204 eas
1045 1159 1160 1204 malo
1177 1176 1231 1204 ex
1247 1159 1340 1216 ejus
1355 1159 1512 1206 leffiu-

229 1241 285 1276 ne
306 1224 532 1286 cognosci.
552 1225 666 1270 Nam
683 1224 808 1278 quod
826 1224 917 1270 haec
939 1223 1214 1272 clarissimam
1235 1223 1371 1270 facem
1393 1241 1511 1286 prae-
1533 1219 1535 1221 ’

228 1288 341 1336 ferat
377 1289 570 1335 historiae
594 1290 705 1336 luris
732 1288 919 1343 Civilis,
939 1290 985 1334 &
1008 1288 1395 1337 Constitutionum
1419 1290 1510 1336 Im-

228 1353 463 1416 perialium
494 1353 757 1406 volumina,
782 1370 884 1414 quae
915 1352 1108 1409 restant,
1143 1354 1272 1399 valde
1291 1353 1508 1411 illustret,

228 1435 366 1465 nemo
397 1418 492 1481 jure
527 1418 814 1465 dubitaverit.
844 1418 956 1467 Sane
988 1418 1033 1462 in
1071 1420 1302 1470 Ammiano
1334 1433 1511 1463 memo-

230 1483 296 1529 ria
329 1482 590 1529 conservata
619 1483 678 1528 est
709 1483 984 1537 multorum,
1007 1481 1242 1545 moresque
1276 1498 1327 1528 ac
1358 1483 1510 1546 digni-

231 1560 343 1594 tates
364 1547 594 1603 indicatae‚
618 1547 673 1592 ad
692 1562 807 1609 quos
834 1546 1192 1595 constitutiones
1213 1549 1261 1594 &
1284 1547 1515 1608 Rescripta

231 1613 332 1660 data
364 1612 491 1658 sunt:
522 1611 648 1672 cujus
676 1628 763 1673 ope
799 1610 970 1656 vitiosae
1001 1609 1314 1671 inscriptiones
1337 1613 1387 1661 δε
1406 1611 1511 1657 sub-

232 1676 498 1738 scriptiones
514 1712 527 1733 ,
560 1694 661 1738 quae
687 1676 820 1722 toties
848 1692 1092 1723 occurrunt
1112 1675 1157 1721 in
1180 1676 1353 1722 Codice
1370 1711 1383 1731 ,
1407 1692 1512 1738 per-

233 1741 383 1787 sanare
412 1759 507 1788 non
547 1741 606 1786 est
646 1741 839 1787 difficile.
875 1740 969 1800 Qui
1008 1756 1120 1786 vero
1150 1739 1507 1801 Jurisprudentiae

230 1806 319 1868 jam
347 1806 391 1851 in
424 1806 588 1854 senium
614 1819 721 1853 tunc
757 1807 978 1868 vergentis
1007 1803 1163 1850 faciem
1198 1806 1400 1868 rugosam
1435 1806 1511 1851 vi-

233 1871 338 1917 dere
363 1872 514 1927 volet,
536 1871 571 1916 is
598 1870 743 1915 sumto
762 1871 805 1915 in
834 1886 989 1915 manus
1009 1873 1238 1916 Ammiano
1265 1869 1512 1931 conseque·-

234 1946 309 1981 tur
346 1937 530 1997 optime.
559 1935 685 1991 Alius
716 1950 862 1981 autem
897 1936 1011 1996 apud
1045 1951 1142 1979 eum
1175 1934 1511 1997 deprehendet,

234 2000 398 2062 quibus
446 2003 715 2050 Francorum
739 2036 752 2054 ‚
792 1999 1162 2061 Burgundionum
1187 2033 1202 2056 ,
1247 2001 1474 2046 Saxonum
1495 2034 1513 2058 ,

234 2065 477 2112 Scotorum
497 2101 511 2122 ‚
542 2066 823 2126 aliorumque
850 2065 1127 2125 populorum
1161 2063 1358 2126 origines
1394 2080 1513 2110 non÷

235 2129 343 2179 dum
375 2129 475 2176 satis
507 2143 757 2191 compertas
787 2130 1009 2177 declaret:
1043 2145 1175 2189 quam
1208 2129 1324 2174 viam
1361 2127 1511 2190 perse-

236 2194 314 2258 qui
346 2195 482 2243 nostri
511 2211 604 2245 non
632 2194 692 2240 est
721 2193 922 2240 instituti.
956 2195 1063 2239 Haec
1085 2228 1100 2254 ‚
1129 2205 1176 2237 ut
1213 2192 1390 2239 lectoris
1421 2208 1512 2239 no.-

238 2258 346 2305 velli
380 2259 550 2322 gustum
585 2260 858 2315 excitarem,
891 2274 1083 2320 eumque
1118 2256 1281 2302 leviter
1318 2256 1511 2310 instrue-

236 2340 327 2371 rem
353 2359 364 2375 ‚
395 2324 505 2370 dicta
532 2323 676 2369 sunto.
701 2324 965 2386 Prorogabo
987 2322 1104 2368 enim
1125 2321 1389 2381 ampliorem
1421 2322 1509 2371 hu·

234 2387 303 2450 jus
333 2388 538 2434 Historiae
570 2388 856 2435 collationem
892 2389 939 2434 in
972 2399 1144 2449 tempus
1174 2385 1329 2432 suum:
1358 2387 1386 2432 si
1418 2386 1511 2438 hoc

235 2468 374 2509 unum
395 2452 772 2517 repraesentavero
790 2488 804 2513 ‚
829 2452 961 2500 nohis
991 2453 1112 2506 bona
1146 2449 1231 2501 fide
1260 2450 1508 2501 dolendum

1572 2462 1575 2465 .
1590 2431 1608 2476 ι

1620 2331 1626 2400 l

1619 2403 1626 2515 1'
