1626 2917
210 224 299 288 258
403 223 759 272 AMMIANI
795 222 1300 270 MARCELLlNl

210 330 407 395 proximi
429 329 561 376 fidem
586 328 715 376 simili
734 327 952 392 religione
971 327 1221 377 firmarunt.
1238 327 1369 377 Solus
1391 344 1496 376 om-

209 406 333 451 nium
346 440 359 462 ‚
382 404 486 450 licet
505 402 742 466 proposito
764 401 905 448 stabili
918 437 932 460 ‚
951 402 1156 449 audacter
1172 397 1319 450 'tamen
1335 401 1498 465 praefe-

209 480 302 525 &us
330 478 601 541 repugnavit
630 476 896 534 Nebridius,
932 474 1220 539 jurisjurandi
1241 493 1360 523 nexu
1381 493 1498 524 con-

209 562 277 598 tra
318 549 636 597 Constantium
678 566 963 614 nequaquam
1002 550 1044 598 se
1091 550 1338 615 constringi
1373 550 1497 614 poffe

210 640 603 681 commemorans,
627 622 754 683 cujus
779 621 1008 671 beneficiis
1033 624 1257 688 obligatus
1283 636 1377 671 erat
1400 641 1499 671 cre-

209 697 298 745 bris
322 700 371 745 &
391 697 555 744 multis.
584 696 762 757 Quibus
786 696 948 744 auditis
964 731 978 755 ,
998 714 1100 745 cum
1124 697 1283 746 stantes
1310 697 1499 761 propius

211 770 374 817 milites
400 769 562 817 acriter
581 768 845 816 inflammati
865 786 966 816 eum
989 782 1248 833 appeterent
1266 770 1500 817 trucidan-

211 843 351 899 dum;
381 844 436 890 ad
472 860 618 908 genua
652 842 725 890 sua
755 841 1012 906 prolapsum
1048 846 1297 906 Imperator
1315 843 1498 906 paluda-

212 929 370 964 mento
403 916 634 980 protexit:
674 918 869 980 indeque
899 916 1103 965 reversus
1132 918 1179 964 in
1207 917 1374 980 regiam
1397 933 1501 963 cum

214 989 507 1052 antegreffum
536 1006 638 1036 eum
666 988 876 1046 vidiffet,
909 988 1244 1053 supplicemque
1280 987 1501 1049 jacentem

213 1077 343 1108 orare
360 1096 374 1118 ‚
395 1074 444 1107 ut
464 1060 644 1108 levandi
662 1059 788 1108 causa
809 1061 984 1107 timoris
1003 1059 1042 1107 ei
1072 1061 1324 1124 porrigeret
1341 1060 1502 1107 dexte-

215 1153 308 1183 ram
328 1153 338 1181 t
359 1137 532 1197 Ecquid
549 1171 561 1192 ‚
580 1134 670 1193 ait,
683 1137 932 1197 praecipuum
957 1138 1105 1181 amicis
1115 1134 1354 1195 servabitur
1370 1169 1383 1189 ‚
1394 1133 1444 1197 st
1456 1149 1502 1179 tte

217 1227 388 1256 manum
406 1207 577 1271 tetigeris
597 1210 763 1254 meam?
778 1213 812 1253 S
814 1212 864 1254 ed
882 1210 994 1264 hinc,
1012 1211 1218 1270 quolibet,
1233 1209 1304 1252 abi
1317 1208 1503 1267 securus.

217 1283 414 1344 Hocque
432 1280 587 1327 audito
611 1316 625 1337 ‚
653 1280 727 1327 ille
747 1280 961 1327 innoxius
980 1280 1034 1326 ad
1052 1279 1188 1326 larem
1208 1277 1332 1325 suum
1357 1276 1502 1324 reces-

218 1355 273 1402 sit
313 1355 362 1400 in
396 1352 623 1401 Tusciam.
649 1352 730 1399 His
759 1353 955 1400 Julianus
976 1364 1053 1411 ,ut
1078 1352 1290 1415 poscebat
1330 1349 1502 1414 negotii

220 1426 484 1490 magnitudo
500 1461 513 1484 ‚
532 1425 823 1487 praestrufiliffi
842 1439 1074 1487 expertus,
1092 1425 1200 1488 quid
1216 1423 1262 1470 in
1282 1423 1412 1475 rebus
1429 1436 1504 1470 tu-

219 1499 454 1556 rnultuofis
472 1498 722 1546 anteversio
742 1498 888 1545 valeat
906 1498 956 1544 &
976 1497 1234 1561 praegressus
1248 1532 1262 1553 ,
1284 1512 1363 1559 per
1379 1497 1508 1543 tefl'e-

217 1590 310 1621 ram
336 1571 482 1619 edicio
519 1571 678 1618 itinere
703 1570 752 1617 in
785 1570 1040 1617 Pannonias
1061 1606 1075 1627 ‚
1102 1570 1250 1618 castris
1279 1570 1506 1634 promotis

219 1647 271 1694 &
305 1645 436 1709 srgnis
457 1681 472 1703 ,
502 1658 668 1692 temere
699 1643 740 1690 se
778 1643 974 1691 fortunae
1004 1644 1228 1692 commifit
1268 1645 1506 1709 ambiguae.

284 1720 359 1765 VI.
381 1717 613 1781 Replicare
632 1733 755 1764 nunc
776 1716 994 1765 convenit
1011 1731 1217 1780 tempore
1231 1752 1243 1776 ,
1258 1719 1308 1765 δι
1326 1733 1507 1763 narrare

221 1792 472 1839 summatim
486 1827 499 1848 ,
523 1809 624 1855 quae
645 1790 779 1854 (dum
800 1804 992 1855 aguntur
1009 1791 1055 1837 in
1071 1791 1232 1837 Galliis
1252 1789 1504 1854 antedichx)

221 1864 512 1912 Constantius
546 1864 750 1912 hiemans
776 1864 1061 1922 Antiochiae,
1089 1864 1214 1911 domi
1241 1863 1506 1928 militiaeque

221 1937 422 2001 perfecit.
445 1940 563 1984 Inter
584 1937 840 2001 complures
859 1937 972 1984 alios
992 1937 1170 1983 honore
1204 1935 1475 1999 conspicuos
1489 1972 1506 1993 ‚

221 2011 451 2058 adoraturi
469 2013 789 2073 Imperatorem
811 2026 994 2074 peregre
1013 2008 1272 2057 venientem
1297 2007 1506 2055 ordinan-

220 2096 293 2130 tur
314 2082 445 2129 etiam
467 2099 521 2129 ex
547 2083 738 2130 tribunis
762 2082 1020 2146 insignibus.
1052 2082 1169 2128 Cum
1198 2081 1332 2143 igitur
1360 2097 1385 2127 a
1406 2081 1506 2126 Me-

221 2156 474 2220 sopotamia
491 2157 696 2204 reversus
709 2156 994 2203 Constantius
1006 2156 1093 2203 hoc
1107 2154 1387 2217 exciperetur
1402 2155 1508 2201 offi-

220 2230 299 2278 cio
318 2266 332 2289 ‚
361 2230 706 2294 Amphilochius
728 2230 908 2293 quidam
931 2246 988 2276 ex
1020 2229 1205 2276 tribuno
1238 2228 1467 2292 Paphlago
1487 2264 1505 2286 ‚

218 2319 356 2366 quem
388 2303 555 2350 <ludum
588 2303 666 2350 sub
700 2303 946 2351 Constante
972 2301 1238 2348 militantem
1260 2300 1507 2347 discordia-

223 2393 322 2422 rum
344 2375 496 2422 seviffe
516 2376 661 2423 causas
689 2376 804 2422 inter
825 2375 998 2438 priores
1025 2372 1177 2420 fratres
1196 2410 1209 2431 ‚
1235 2372 1506 2435 suspiciones

223 2446 449 2510 contiguae
469 2447 649 2493 veritati
684 2446 946 2510 pulsabant,
977 2445 1105 2492 ausus
1130 2446 1267 2509 paulo
1295 2444 1504 2508 petulan-

222 2521 309 2570 tius
332 2521 467 2582 stare,
501 2533 552 2570 ut
575 2520 668 2586 ipse
687 2537 872 2586 quoque
899 2520 954 2569 ad
979 2520 1118 2586 parile
1143 2519 1406 2584 obsequium
1426 2518 1504 2565 ad·
