1626 2917
346 194 537 245 ERUM
574 192 913 240 GESTARUM
948 193 1052 239 ΗΒ.
1089 194 1196 240 XV.
1349 211 1396 254 51

124 299 333 364 portendi
351 299 630 363 incogitabili
645 300 866 356 dementia
883 300 1220 363 promittebant.
1238 303 1272 347 E
1289 319 1406 364 quo-

123 390 225 421 rum
258 390 446 437 nurnero
483 373 790 430 Gaudentius,
820 390 954 437 agens
988 374 1035 420 in
1068 376 1224 432 rebus,
1256 389 1405 422 mente

124 447 344 511 praecipiti
369 447 557 495 stolidus
573 483 587 506 ‚
614 465 708 495 rem
733 461 781 495 ut
808 448 961 495 seriam
988 450 1203 498 detulerat
1231 452 1286 497 ad
1308 454 1406 498 Ru-

124 519 294 580 finum,
330 521 626 585 apparitionis
664 522 935 584 praefecturae
972 523 1256 584 praetorianae
1295 539 1406 571 tunc

124 592 405 656 principem,
436 594 698 641 ultimorum
731 595 900 657 semper
930 595 1111 643 avidum
1144 596 1372 643 hominem
1391 633 1408 655 ‚

126 668 178 713 &
207 667 372 714 coalita
392 668 611 731 pravitate
636 667 871 715 famosum.
900 669 977 732 qui
1005 668 1263 728 confestim,
1286 671 1409 734 quast

128 740 279 802 pinnis
305 742 470 799 elatus,
503 742 558 789 ad
586 742 849 789 comitatum
884 742 1101 804 principis
1140 743 1408 792 advolavit:

128 828 344 875 eumque,
361 813 415 859 ad
428 813 700 876 suspiciones
720 812 975 873 hujusmodi
995 814 1178 861 mollem
1200 817 1250 863 ὃ(
1270 833 1410 878 pene-

128 885 359 941 trabilem,
385 886 444 931 ita
466 886 628 932 acriter
646 884 968 942 inflammavit,
991 897 1040 931 ut
1073 885 1160 932 fine
1189 887 1410 934 delibera-

128 960 255 1006 tione
289 960 379 1005 ulla
406 958 666 1016 Africanus,
692 960 742 1006 &
769 974 927 1005 omnes
957 958 1099 1005 letalis
1121 959 1281 1005 mensae
1308 978 1411 1023 par-

130 1032 286 1095 ticipes
307 1031 564 1093 juberentur
580 1030 677 1093 rapi
703 1029 926 1079 sublimes.
950 1032 1060 1091 Quo
1084 1030 1202 1078 facio
1232 1032 1409 1080 delator

130 1105 326 1152 funestus
343 1141 357 1160 ‚
380 1105 520 1151 vetita
538 1121 594 1151 ex
617 1119 745 1151 more
765 1104 961 1151 humano
985 1105 1176 1152 validius
1197 1106 1411 1168 cupiens,

132 1178 318 1226 biennio
343 1177 411 1236 id,
435 1178 566 1241 quod
581 1177 763 1241 agebat,
786 1190 834 1223 ut
855 1177 1120 1239 postularat,
1141 1179 1410 1227 continuare

130 1266 380 1314 praeceptus
419 1250 494 1297 est.
527 1250 682 1299 Miffus
717 1251 854 1316 igitur
890 1252 944 1297 ad
978 1268 1057 1299 eos
1096 1252 1413 1313 corripiendos

131 1326 430 1372 Teutomeres
467 1327 695 1388 protestor
740 1326 1010 1374 domesticus
1055 1343 1157 1374 cum
1205 1327 1376 1392 coiiega
1397 1366 1413 1388 ‚

132 1398 322 1444 onustos
341 1414 499 1445 omnes
520 1398 709 1455 catenis,
729 1411 777 1444 ut
798 1398 1054 1445 mandatum
1082 1398 1143 1445 est
1158 1433 1171 1455 ,
1192 1400 1414 1462 perduce-

135 1472 223 1517 bat.
246 1472 329 1516 Sed
355 1471 432 1516 ubi
455 1484 640 1518 ventum
663 1471 724 1516 est
746 1470 1026 1533 Aquiiejam,
1052 1472 1251 1518 Marinus
1272 1473 1414 1520 tribu-

136 1561 218 1590 nus
250 1560 307 1589 ex
343 1542 678 1605 campidofiore
713 1561 768 1590 eo
802 1555 1005 1605 tempore
1036 1561 1225 1603 vacans,
1258 1548 1417 1595 austor

137 1615 374 1678 perniciosi
394 1615 635 1672 sermonis,
668 1617 716 1663 &
738 1615 941 1679 alioquin
963 1628 1133 1662 naturae
1161 1617 1381 1665 ferventis
1401 1657 1416 1679 ‚

137 1689 184 1734 in
203 1687 383 1734 taberna
413 1688 738 1745 relietus‚.dum
761 1700 965 1750 parantur
984 1688 1130 1735 itineri
1152 1692 1417 1752 neceffaria,

136 1762 263 1808 lateri
294 1761 372 1808 suo
405 1763 597 1810 cultrum
626 1763 727 1810 casu
752 1775 974 1825 repertum
1006 1763 1219 1828 impegit,
1248 1766 1420 1814 statim-

137 1841 224 1900 q'ue
252 1837 459 1884 extractis
492 1837 702 1884 vitalibus
731 1837 913 1885 interiit.
947 1837 1130 1886 Residui
1164 1839 1283 1887 ducii
1314 1843 1419 1889 Μέ-

138 1909 369 1957 diolanum
385 1947 400 1969 ,
421 1910 757 1972 excruciatique
785 1911 1051 1971 tormentis,
1076 1913 1126 1960 &
1154 1912 1340 1961 confeffi
1368 1915 1418 1963 vi

138 1983 420 2048 quaestionis,
439 1985 556 2032 inter
575 1986 724 2048 epuias
743 1985 993 2048 petulanter
1010 1984 1051 2031 se
1067 1987 1269 2049 quaedam
1289 1988 1420 2036 locu-

139 2069 237 2112 tos,
258 2055 357 2118 juffi
384 2056 483 2104 sunt
507 2058 686 2105 attineri
711 2057 1188 2122 poenalibus‘claustris
1204 2094 1217 2116 ,
1239 2059 1320 2107 sub
1339 2061 1420 2107 ab·

139 2131 378 2179 solutionis
395 2132 542 2197 aliqua
564 2132 635 2197 spe
652 2169 665 2191 ,
686 2134 789 2181 licet
806 2133 988 2180 incerta.
1007 2133 1289 2181 Proteffines
1307 2152 1431 2190 vero?

141 2205 419 2266 pronuntiati
454 2218 631 2255 vertere
665 2207 808 2253 solum
838 2206 1020 2265 exsilio,
1044 2219 1093 2253 ut
1126 2207 1307 2253 Marino
1341 2204 1420 2254 iis-

141 2277 241 2323 dem
289 2277 479 2326 consciis
520 2279 638 2326 mori
679 2278 887 2342 permiffo
901 2313 916 2338 ‚
954 2279 1131 2326 veniam
1172 2281 1422 2328 Arbetione

141 2365 341 2395 meruere
370 2363 592 2413 precante.

206 2424 282 2467 1V.
314 2423 379 2468 Re
409 2424 497 2471 hoc
519 2425 660 2473 modo
679 2423 828 2482 finita,
849 2426 985 2488 paulo
1014 2424 1114 2489 post
1135 2428 1185 2474 &
1210 2428 1421 2474 Lentien-

142 2494 258 2542 sibus
279 2496 578 2546 Alamannicis
602 2498 724 2563 pagis
747 2497 959 2545 indictum
988 2500 1048 2546 est
1067 2499 1230 2571 bellum
1251 2537 1265 2560 ,
1287 2501 1424 2551 ςῡὲἒίέ

163 2566 167 2568 ’
1057 2572 1103 2617 D
1136 2591 1159 2616 ι
