1626 2917
245 142 336 173 222
455 123 793 172 AhtffistANl
840 125 1315 174 MARCELLINI

245 232 323 277 vel
355 231 531 286 affines,
555 231 585 276 si
618 231 886 277 simultatum
906 231 1022 278 levia
1044 231 1250 279 senserint
1269 243 1527 295 receptacu-

245 304 319 361 la,
347 305 451 349 odia
485 303 698 348 struentes
732 301 887 349 infesta
915 319 926 348 ε
959 303 1006 348 in
1041 305 1202 366 quibus
1242 305 1382 351 aetatis
1415 320 1528 367 pro-

246 378 390 441 greffu
420 394 513 424 non
544 390 591 422 ut
613 377 803 422 aliorum
826 376 936 423 vitia
969 376 1273 439 intepescunt,
1296 377 1366 426 sed
1387 379 1528 442 magis

245 450 473 513 magisque
518 451 794 497 roborantur
828 468 839 497 ε
879 450 996 504 inter
1039 451 1215 514 rapinas
1261 452 1528 516 insatiabiles

245 524 408 586 inopes
425 560 437 581 ,
462 525 516 570 ad
538 524 794 586 capiendam
817 523 1006 571 versutis
1028 525 1311 573 orationibus
1330 525 1528 587 judicum

245 596 405 654 fidem,
428 614 622 660 quorum
652 613 820 643 nomen
852 615 905 643 ex
930 598 1097 645 lustitia
1119 611 1269 645 natum
1288 600 1375 658 est,
1395 600 1527 647 sicam

245 669 417 733 ingenii
444 668 774 732 destringentes.
803 670 980 716 Horum
1019 670 1321 718 obstinatione
1350 672 1529 718 liberta-

245 755 336 788 tem
367 743 615 800 temeritas,
648 743 943 789 constantiam
978 744 1158 790 audacia
1191 761 1409 807 praeceps,
1432 745 1531 791 elo·

247 815 475 877 quentiam
511 815 653 861 inanis
679 817 881 879 quaedam
915 816 1112 863 imitatur
1131 816 1311 863 fluentia
1341 818 1530 880 loquen-

249 886 292 931 di
316 904 326 932 :
359 903 545 948 quarum
572 886 728 932 artium
755 887 1001 944 scaevitate,
1025 902 1071 934 ut
1090 890 1270 935 Tullius
1289 889 1530 945 asseverat,

247 959 374 1005 nefas
403 959 464 1005 est
499 959 765 1023 religionem
802 960 948 1023 decipi
981 959 1228 1021 judicantis.
1266 962 1341 1008 Ait
1377 962 1529 1008 enim:

249 1036 426 1093 Cumque
445 1036 559 1078 nihil
581 1050 668 1078 tam
687 1036 963 1094 incorruptum
985 1034 1057 1096 effe
1078 1038 1217 1080 debeat
1236 1039 1280 1079 in
1303 1039 1529 1096 republica,

249 1124 372 1166 quam
390 1103 642 1168 firffiagium
658 1140 670 1161 ,
689 1124 811 1165 quam
830 1106 1040 1166 sententia
1058 1125 1074 1150 .·
1095 1126 1181 1152 non
1206 1111 1412 1169 intelligo,
1432 1126 1528 1161 cur,

250 1181 320 1239 qui
347 1198 391 1223 ea
415 1180 592 1238 pecunia
622 1180 839 1236 corruperit
856 1213 869 1232 ‚
888 1195 1016 1238 poena
1048 1181 1199 1240 dignus
1219 1180 1283 1242 stt
1300 1199 1319 1235 ;
1350 1183 1420 1240 qui
1450 1185 1532 1225 elo-

250 1255 448 1312 quentia,
477 1253 638 1295 laudem
671 1253 793 1295 eciam
819 1250 946 1308 ferat.
984 1254 1099 1296 Milzi
1135 1255 1297 1312 quidem
1332 1255 1406 1299 lzoc
1429 1257 1530 1314 plus

250 1328 355 1369 mali
379 1324 516 1382 facere
535 1325 718 1380 videtur,
739 1326 807 1383 qui
835 1326 1016 1369 oracione
1031 1359 1043 1381 ,
1064 1343 1185 1385 quam
1212 1329 1283 1386 qui
1299 1330 1428 1387 pretio
1458 1326 1531 1381 ju·

251 1402 380 1443 dicem
409 1399 589 1457 corrupit
605 1415 625 1452 ,·
655 1400 768 1457 quod
802 1400 979 1458 pecnnia
1018 1418 1261 1460 corrumpere
1292 1404 1531 1461 prudentem

253 1489 369 1515 nemo
403 1470 563 1532 potest,
601 1471 772 1515 dicendo
814 1471 953 1534 potest.
999 1470 1252 1518 Secundum
1295 1472 1356 1518 est
1395 1489 1534 1536 genus

252 1559 413 1595 eorum
436 1578 449 1598 ‚
477 1541 553 1604 qui
593 1540 700 1602 juris
737 1542 915 1604 profeffi
948 1543 1172 1591 scientiam
1192 1580 1205 1600 ,
1228 1563 1360 1610 quam
1396 1563 1534 1608 repu-

254 1617 487 1681 gnantium
518 1615 597 1661 fibi
627 1615 772 1679 legum
791 1615 1033 1663 abolevere
1054 1616 1258 1670 discidia,
1278 1617 1403 1664 velut
1427 1617 1534 1665 vin-

255 1687 364 1734 culis
387 1688 458 1733 ori
490 1687 709 1750 impositis
736 1688 971 1735 reticentes
991 1725 1005 1746 ,
1026 1688 1116 1752 jugi
1146 1689 1318 1736 silentio
1353 1690 1532 1736 umbra·

254 1777 352 1806 rum
377 1759 473 1805 sunt
500 1760 660 1808 similes
691 1761 990 1824 propriarum.
1017 1763 1075 1808 Hi
1108 1763 1233 1809 velut
1259 1762 1346 1808 fata
1373 1762 1532 1808 natali·-

256 1833 317 1880 tia
351 1835 771 1896 praemonstrantes,
798 1849 871 1882 aut
910 1837 1094 1900 Sibyllae
1136 1837 1423 1885 oraculorum
1461 1837 1533 1883 in·-

256 1920 468 1969 terpretes
489 1945 502 1966 ,
531 1910 683 1955 vultus
720 1909 939 1973 gravitate
971 1911 1025 1957 ad
1060 1903 1258 1957 habitum
1284 1910 1534 1975 composita

255 1980 495 2027 tristiorem
513 2018 529 2039 ,
550 1982 691 2044 ipsum
712 1999 895 2046 quoque
915 1984 1169 2041 venditant,
1188 1984 1310 2047 quod
1337 1983 1533 2030 oscitan-

257 2064 339 2098 tur.
362 2053 447 2111 Hi,
469 2067 516 2100 ut
541 2054 670 2100 altius
691 2055 927 2101 videantur
946 2054 1040 2115 jura
1064 2056 1248 2114 callere,
1269 2055 1532 2102 Trebatium

255 2124 509 2188 loquuntur
524 2163 535 2182 ‚
555 2128 603 2174 &
622 2127 887 2174 Cascellium
907 2163 919 2184 ‚
948 2129 997 2175 &
1019 2127 1227 2174 Alfenum
1242 2164 1254 2185 ,
1277 2130 1326 2174 &
1351 2131 1533 2174 Aurun-

258 2215 418 2246 corum
452 2200 807 2264 Sicanorumque
843 2201 1006 2263 jamdiu
1039 2203 1155 2265 leges
1192 2203 1391 2265 ignotas,
1428 2219 1532 2248 cum

226 2310 228 2313 .
256 2271 454 2317 Evandri
488 2286 628 2319 matre
662 2274 828 2321 abhinc
870 2273 1022 2320 seculis
1060 2275 1242 2320 obrutas
1277 2275 1440 2321 multis.
1478 2276 1533 2320 Et

255 2342 288 2388 si
309 2342 545 2389 voluntate
576 2357 760 2390 matrem
786 2357 904 2390 tuam
926 2344 1104 2391 finxeris
1125 2345 1355 2402 occiclifi‘e,
1375 2345 1533 2391 multas

251 2415 336 2464 ribi
379 2414 599 2480 suffragari
640 2417 966 2466 absolutionem
1013 2418 1224 2466 leffiones
1272 2418 1524 2466 reconditas
