<?xml version="1.0" encoding="UTF-8"?>
<!DOCTYPE html PUBLIC "-//W3C//DTD XHTML 1.0 Transitional//EN"
    "http://www.w3.org/TR/xhtml1/DTD/xhtml1-transitional.dtd">
<html xmlns="http://www.w3.org/1999/xhtml" xml:lang="en" lang="en">
 <head>
  <title>
</title>
<meta http-equiv="Content-Type" content="text/html;charset=utf-8" />
  <meta name='ocr-system' content='tesseract 3.04.00' />
  <meta name='ocr-capabilities' content='ocr_page ocr_carea ocr_par ocr_line ocrx_word'/>
</head>
<body>
  <div class='ocr_page' id='page_1' title='image "./rerumgestarumqui00ammiuoft_0363.png"; bbox 0 0 1626 2917; ppageno 0'>
   <div class='ocr_carea' id='block_1_1' title="bbox 270 190 1366 279">
    <p class='ocr_par' dir='ltr' id='par_1_1' title="bbox 270 190 1366 279">
     <span class='ocr_line' id='line_1_1' title="bbox 270 190 1366 279; baseline 0.003 -20"><span class='ocrx_word' id='word_1_1' title='bbox 270 212 489 259; x_wconf 79' lang='lat' dir='ltr'><strong>RERUM</strong></span> <span class='ocrx_word' id='word_1_2' title='bbox 518 211 859 259; x_wconf 69' lang='lat' dir='ltr'>oesTARUM</span> <span class='ocrx_word' id='word_1_3' title='bbox 892 215 996 260; x_wconf 67' lang='grc' dir='ltr'>ΜΒ.</span> <span class='ocrx_word' id='word_1_4' title='bbox 1026 215 1172 262; x_wconf 74' lang='lat' dir='ltr'>xxti.</span> <span class='ocrx_word' id='word_1_5' title='bbox 1235 190 1237 192; x_wconf 61' lang='grc'><strong>’</strong></span> <span class='ocrx_word' id='word_1_6' title='bbox 1272 232 1366 279; x_wconf 72' lang='lat'>299</span> 
     </span>
    </p>
   </div>
   <div class='ocr_carea' id='block_1_2' title="bbox 81 315 1399 2499">
    <p class='ocr_par' dir='ltr' id='par_1_2' title="bbox 81 315 1399 2499">
     <span class='ocr_line' id='line_1_2' title="bbox 82 315 1372 380; baseline 0.001 -17"><span class='ocrx_word' id='word_1_7' title='bbox 82 315 189 364; x_wconf 88' lang='lat' dir='ltr'>bine</span> <span class='ocrx_word' id='word_1_8' title='bbox 217 315 529 364; x_wconf 62' lang='lat' dir='ltr'>circumfraeto</span> <span class='ocrx_word' id='word_1_9' title='bbox 551 317 708 364; x_wconf 73' lang='lat' dir='ltr'>&#39;stetere</span> <span class='ocrx_word' id='word_1_10' title='bbox 736 317 1088 380; x_wconf 82' lang='lat' dir='ltr'>concorporati,</span> <span class='ocrx_word' id='word_1_11' title='bbox 1115 328 1263 364; x_wconf 85' lang='lat' dir='ltr'>ut‘eos</span> <span class='ocrx_word' id='word_1_12' title='bbox 1290 318 1372 364; x_wconf 88' lang='lat' dir='ltr'>ali·</span> 
     </span>
     <span class='ocr_line' id='line_1_3' title="bbox 81 389 1374 453; baseline 0.002 -16"><span class='ocrx_word' id='word_1_13' title='bbox 81 390 266 453; x_wconf 77' lang='lat' dir='ltr'>quando</span> <span class='ocrx_word' id='word_1_14' title='bbox 301 389 429 450; x_wconf 71' lang='lat' dir='ltr'>fuisse</span> <span class='ocrx_word' id='word_1_15' title='bbox 459 391 677 438; x_wconf 83' lang='lat' dir='ltr'>diremtos</span> <span class='ocrx_word' id='word_1_16' title='bbox 710 390 822 437; x_wconf 86' lang='lat' dir='ltr'>nulli</span> <span class='ocrx_word' id='word_1_17' title='bbox 856 408 979 438; x_wconf 86' lang='lat' dir='ltr'>nunc</span> <span class='ocrx_word' id='word_1_18' title='bbox 1011 391 1374 453; x_wconf 77' lang='lat' dir='ltr'>conspicantium</span> 
     </span>
     <span class='ocr_line' id='line_1_4' title="bbox 83 463 1377 528; baseline 0.003 -19"><span class='ocrx_word' id='word_1_19' title='bbox 83 464 292 522; x_wconf 80' lang='lat' dir='ltr'>credant,</span> <span class='ocrx_word' id='word_1_20' title='bbox 315 463 396 510; x_wconf 85' lang='lat' dir='ltr'>nisi</span> <span class='ocrx_word' id='word_1_21' title='bbox 429 463 557 527; x_wconf 90' lang='lat' dir='ltr'>super</span> <span class='ocrx_word' id='word_1_22' title='bbox 580 466 671 512; x_wconf 93' lang='lat' dir='ltr'>hoc</span> <span class='ocrx_word' id='word_1_23' title='bbox 695 480 998 526; x_wconf 75' lang='lat' dir='ltr'>congruerent</span> <span class='ocrx_word' id='word_1_24' title='bbox 1022 481 1180 511; x_wconf 90' lang='lat' dir='ltr'>omnes</span> <span class='ocrx_word' id='word_1_25' title='bbox 1200 465 1377 528; x_wconf 88' lang='lat' dir='ltr'>prisco-</span> 
     </span>
     <span class='ocr_line' id='line_1_5' title="bbox 82 537 1377 603; baseline 0.002 -21"><span class='ocrx_word' id='word_1_26' title='bbox 82 553 182 582; x_wconf 89' lang='lat' dir='ltr'>rum</span> <span class='ocrx_word' id='word_1_27' title='bbox 207 537 458 584; x_wconf 82' lang='lat' dir='ltr'>carminum</span> <span class='ocrx_word' id='word_1_28' title='bbox 480 551 647 584; x_wconf 85' lang='lat' dir='ltr'>cantus.</span> <span class='ocrx_word' id='word_1_29' title='bbox 678 537 780 583; x_wconf 87' lang='lat' dir='ltr'>Post</span> <span class='ocrx_word' id='word_1_30' title='bbox 800 537 1024 603; x_wconf 78' lang='lat' dir='ltr'>Bithyniae</span> <span class='ocrx_word' id='word_1_31' title='bbox 1043 540 1246 601; x_wconf 54' lang='lat' dir='ltr'>partem}</span> <span class='ocrx_word' id='word_1_32' title='bbox 1268 554 1377 601; x_wconf 86' lang='lat' dir='ltr'>pro-</span> 
     </span>
     <span class='ocr_line' id='line_1_6' title="bbox 83 610 1378 674; baseline 0.003 -19"><span class='ocrx_word' id='word_1_33' title='bbox 83 610 248 658; x_wconf 82' lang='lat' dir='ltr'>vinciae</span> <span class='ocrx_word' id='word_1_34' title='bbox 287 612 460 658; x_wconf 85' lang='lat' dir='ltr'>Pontus</span> <span class='ocrx_word' id='word_1_35' title='bbox 498 613 549 659; x_wconf 74' lang='grc' dir='ltr'>δε</span> <span class='ocrx_word' id='word_1_36' title='bbox 585 611 886 674; x_wconf 82' lang='lat' dir='ltr'>Paphlagonia</span> <span class='ocrx_word' id='word_1_37' title='bbox 924 611 1256 673; x_wconf 87' lang='lat' dir='ltr'>protenduntur</span> <span class='ocrx_word' id='word_1_38' title='bbox 1274 648 1289 670; x_wconf 96' lang='lat'>,</span> <span class='ocrx_word' id='word_1_39' title='bbox 1327 612 1378 659; x_wconf 90' lang='lat' dir='ltr'>in</span> 
     </span>
     <span class='ocr_line' id='line_1_7' title="bbox 85 682 1380 746; baseline 0.004 -18"><span class='ocrx_word' id='word_1_40' title='bbox 85 682 250 745; x_wconf 79' lang='lat' dir='ltr'>quibus</span> <span class='ocrx_word' id='word_1_41' title='bbox 278 684 496 732; x_wconf 87' lang='lat' dir='ltr'>Heraclea</span> <span class='ocrx_word' id='word_1_42' title='bbox 515 720 530 743; x_wconf 93' lang='lat'>,</span> <span class='ocrx_word' id='word_1_43' title='bbox 561 686 611 733; x_wconf 85' lang='lat'>&amp;</span> <span class='ocrx_word' id='word_1_44' title='bbox 636 684 803 746; x_wconf 87' lang='lat' dir='ltr'>Sinope</span> <span class='ocrx_word' id='word_1_45' title='bbox 822 719 836 742; x_wconf 92' lang='lat'>,</span> <span class='ocrx_word' id='word_1_46' title='bbox 873 686 923 732; x_wconf 71' lang='grc' dir='ltr'>ὅ(</span> <span class='ocrx_word' id='word_1_47' title='bbox 946 685 1250 731; x_wconf 84' lang='lat' dir='ltr'>Polemonion</span> <span class='ocrx_word' id='word_1_48' title='bbox 1272 720 1287 744; x_wconf 91' lang='lat'>,</span> <span class='ocrx_word' id='word_1_49' title='bbox 1326 686 1380 733; x_wconf 77' lang='grc' dir='ltr'>δε</span> 
     </span>
     <span class='ocr_line' id='line_1_8' title="bbox 91 755 1381 821; baseline -0.002 -17"><span class='ocrx_word' id='word_1_50' title='bbox 91 755 270 806; x_wconf 81' lang='lat' dir='ltr'>Amisos</span> <span class='ocrx_word' id='word_1_51' title='bbox 301 758 474 821; x_wconf 81' lang='lat' dir='ltr'>amplae</span> <span class='ocrx_word' id='word_1_52' title='bbox 506 758 605 804; x_wconf 89' lang='lat' dir='ltr'>sunt</span> <span class='ocrx_word' id='word_1_53' title='bbox 641 756 882 814; x_wconf 86' lang='lat' dir='ltr'>civitates,</span> <span class='ocrx_word' id='word_1_54' title='bbox 915 758 964 804; x_wconf 62' lang='grc' dir='ltr'>δέ</span> <span class='ocrx_word' id='word_1_55' title='bbox 993 757 1135 819; x_wconf 83' lang='lat' dir='ltr'>Tios,</span> <span class='ocrx_word' id='word_1_56' title='bbox 1159 758 1209 804; x_wconf 84' lang='lat'>&amp;</span> <span class='ocrx_word' id='word_1_57' title='bbox 1242 759 1381 803; x_wconf 88' lang='lat' dir='ltr'>Ama-</span> 
     </span>
     <span class='ocr_line' id='line_1_9' title="bbox 86 829 1381 894; baseline -0.001 -18"><span class='ocrx_word' id='word_1_58' title='bbox 86 829 210 889; x_wconf 85' lang='lat' dir='ltr'>stris,</span> <span class='ocrx_word' id='word_1_59' title='bbox 229 847 388 878; x_wconf 86' lang='lat' dir='ltr'>omnes</span> <span class='ocrx_word' id='word_1_60' title='bbox 411 832 465 878; x_wconf 90' lang='lat' dir='ltr'>ab</span> <span class='ocrx_word' id='word_1_61' title='bbox 483 831 686 894; x_wconf 88' lang='lat' dir='ltr'>auspicio</span> <span class='ocrx_word' id='word_1_62' title='bbox 717 830 948 893; x_wconf 79' lang='lat' dir='ltr'>diligentia</span> <span class='ocrx_word' id='word_1_63' title='bbox 968 829 1164 876; x_wconf 78' lang='lat' dir='ltr'>fundatae</span> <span class='ocrx_word' id='word_1_64' title='bbox 1188 832 1381 877; x_wconf 69' lang='lat' dir='ltr'>Graeco-</span> 
     </span>
     <span class='ocr_line' id='line_1_10' title="bbox 87 894 1382 964; baseline 0 -16"><span class='ocrx_word' id='word_1_65' title='bbox 87 919 218 949; x_wconf 86' lang='lat' dir='ltr'>rum:</span> <span class='ocrx_word' id='word_1_66' title='bbox 248 894 300 951; x_wconf 83' lang='lat'>&amp;</span> <span class='ocrx_word' id='word_1_67' title='bbox 324 903 514 951; x_wconf 80' lang='lat' dir='ltr'>Cerasus</span> <span class='ocrx_word' id='word_1_68' title='bbox 536 940 550 962; x_wconf 94' lang='lat'>,</span> <span class='ocrx_word' id='word_1_69' title='bbox 582 904 700 951; x_wconf 87' lang='lat' dir='ltr'>unde</span> <span class='ocrx_word' id='word_1_70' title='bbox 733 902 919 950; x_wconf 83' lang='lat' dir='ltr'>advexit</span> <span class='ocrx_word' id='word_1_71' title='bbox 950 901 1205 964; x_wconf 78' lang='lat' dir='ltr'>hujusmodi</span> <span class='ocrx_word' id='word_1_72' title='bbox 1243 919 1382 964; x_wconf 88' lang='lat' dir='ltr'>poma</span> 
     </span>
     <span class='ocr_line' id='line_1_11' title="bbox 91 974 1383 1039; baseline 0 -19"><span class='ocrx_word' id='word_1_73' title='bbox 91 975 305 1022; x_wconf 83' lang='lat' dir='ltr'>Lucullus</span> <span class='ocrx_word' id='word_1_74' title='bbox 320 1011 333 1033; x_wconf 93' lang='lat'>,</span> <span class='ocrx_word' id='word_1_75' title='bbox 355 974 598 1038; x_wconf 79' lang='lat' dir='ltr'>insulaeque</span> <span class='ocrx_word' id='word_1_76' title='bbox 618 976 768 1022; x_wconf 82' lang='lat' dir='ltr'>arduae</span> <span class='ocrx_word' id='word_1_77' title='bbox 783 1011 796 1031; x_wconf 93' lang='lat'>,</span> <span class='ocrx_word' id='word_1_78' title='bbox 814 975 1100 1036; x_wconf 79' lang='lat' dir='ltr'>Trapezunta</span> <span class='ocrx_word' id='word_1_79' title='bbox 1121 977 1169 1022; x_wconf 88' lang='lat'>&amp;</span> <span class='ocrx_word' id='word_1_80' title='bbox 1189 974 1383 1039; x_wconf 81' lang='lat' dir='ltr'>Pityun-</span> 
     </span>
     <span class='ocr_line' id='line_1_12' title="bbox 90 1045 1385 1109; baseline 0.002 -16"><span class='ocrx_word' id='word_1_81' title='bbox 90 1060 133 1093; x_wconf 85' lang='lat' dir='ltr'>ta</span> <span class='ocrx_word' id='word_1_82' title='bbox 149 1047 468 1104; x_wconf 73' lang='lat' dir='ltr'>continentes,</span> <span class='ocrx_word' id='word_1_83' title='bbox 484 1047 652 1109; x_wconf 84' lang='lat' dir='ltr'>oppida</span> <span class='ocrx_word' id='word_1_84' title='bbox 673 1063 766 1092; x_wconf 90' lang='lat' dir='ltr'>non</span> <span class='ocrx_word' id='word_1_85' title='bbox 787 1045 991 1093; x_wconf 82' lang='lat' dir='ltr'>obscura.</span> <span class='ocrx_word' id='word_1_86' title='bbox 1014 1048 1144 1094; x_wconf 91' lang='lat' dir='ltr'>Ultra</span> <span class='ocrx_word' id='word_1_87' title='bbox 1163 1047 1258 1093; x_wconf 86' lang='lat' dir='ltr'>haec</span> <span class='ocrx_word' id='word_1_88' title='bbox 1280 1047 1385 1094; x_wconf 89' lang='lat' dir='ltr'>loca</span> 
     </span>
     <span class='ocr_line' id='line_1_13' title="bbox 93 1119 1384 1184; baseline 0.001 -18"><span class='ocrx_word' id='word_1_89' title='bbox 93 1120 382 1167; x_wconf 79' lang='lat' dir='ltr'>Acherusium</span> <span class='ocrx_word' id='word_1_90' title='bbox 400 1119 552 1181; x_wconf 86' lang='lat' dir='ltr'>specus</span> <span class='ocrx_word' id='word_1_91' title='bbox 571 1120 654 1175; x_wconf 87' lang='lat' dir='ltr'>est,</span> <span class='ocrx_word' id='word_1_92' title='bbox 676 1120 801 1182; x_wconf 87' lang='lat' dir='ltr'>quod</span> <span class='ocrx_word' id='word_1_93' title='bbox 817 1120 986 1166; x_wconf 82' lang='lat' dir='ltr'>accolae</span> <span class='ocrx_word' id='word_1_94' title='bbox 1012 1129 1286 1183; x_wconf 71' lang='grc' dir='ltr'><em>μυχοπόντιον</em></span> <span class='ocrx_word' id='word_1_95' title='bbox 1307 1137 1384 1184; x_wconf 89' lang='lat' dir='ltr'>ap-</span> 
     </span>
     <span class='ocr_line' id='line_1_14' title="bbox 92 1191 1386 1254; baseline 0.001 -17"><span class='ocrx_word' id='word_1_96' title='bbox 92 1192 291 1254; x_wconf 87' lang='lat' dir='ltr'>pellant,</span> <span class='ocrx_word' id='word_1_97' title='bbox 323 1193 372 1239; x_wconf 86' lang='lat'>&amp;</span> <span class='ocrx_word' id='word_1_98' title='bbox 411 1203 569 1254; x_wconf 86' lang='lat' dir='ltr'>portus</span> <span class='ocrx_word' id='word_1_99' title='bbox 606 1194 798 1238; x_wconf 89' lang='lat' dir='ltr'>Acone:</span> <span class='ocrx_word' id='word_1_100' title='bbox 830 1191 962 1237; x_wconf 87' lang='lat' dir='ltr'>fluvii</span> <span class='ocrx_word' id='word_1_101' title='bbox 996 1191 1159 1237; x_wconf 88' lang='lat' dir='ltr'>diversi</span> <span class='ocrx_word' id='word_1_102' title='bbox 1186 1227 1198 1248; x_wconf 91' lang='lat'>,</span> <span class='ocrx_word' id='word_1_103' title='bbox 1231 1192 1386 1238; x_wconf 74' lang='lat' dir='ltr'>Ach&#39;e-</span> 
     </span>
     <span class='ocr_line' id='line_1_15' title="bbox 92 1267 1386 1331; baseline 0.002 -17"><span class='ocrx_word' id='word_1_104' title='bbox 92 1284 180 1314; x_wconf 88' lang='lat' dir='ltr'>ron</span> <span class='ocrx_word' id='word_1_105' title='bbox 197 1304 210 1326; x_wconf 93' lang='lat'>,</span> <span class='ocrx_word' id='word_1_106' title='bbox 235 1267 482 1331; x_wconf 85' lang='lat' dir='ltr'>itidemque</span> <span class='ocrx_word' id='word_1_107' title='bbox 523 1267 739 1314; x_wconf 85' lang='lat' dir='ltr'>Arcadius</span> <span class='ocrx_word' id='word_1_108' title='bbox 758 1303 772 1326; x_wconf 93' lang='lat'><strong><em>‚</em></strong></span> <span class='ocrx_word' id='word_1_109' title='bbox 798 1269 846 1315; x_wconf 86' lang='lat'>&amp;</span> <span class='ocrx_word' id='word_1_110' title='bbox 883 1267 962 1314; x_wconf 87' lang='lat' dir='ltr'>Iris</span> <span class='ocrx_word' id='word_1_111' title='bbox 983 1303 997 1326; x_wconf 91' lang='lat'>,</span> <span class='ocrx_word' id='word_1_112' title='bbox 1025 1269 1073 1316; x_wconf 86' lang='lat'>&amp;</span> <span class='ocrx_word' id='word_1_113' title='bbox 1105 1267 1257 1315; x_wconf 83' lang='lat' dir='ltr'>Tibris</span> <span class='ocrx_word' id='word_1_114' title='bbox 1278 1303 1291 1325; x_wconf 92' lang='lat'>‚</span> <span class='ocrx_word' id='word_1_115' title='bbox 1333 1269 1386 1317; x_wconf 72' lang='grc' dir='ltr'>δε</span> 
     </span>
     <span class='ocr_line' id='line_1_16' title="bbox 92 1339 1388 1403; baseline 0.002 -17"><span class='ocrx_word' id='word_1_116' title='bbox 92 1339 218 1401; x_wconf 78' lang='lat' dir='ltr'>juxta</span> <span class='ocrx_word' id='word_1_117' title='bbox 253 1340 515 1388; x_wconf 87' lang='lat' dir='ltr'>Parthenius</span> <span class='ocrx_word' id='word_1_118' title='bbox 533 1377 547 1399; x_wconf 90' lang='lat'>,</span> <span class='ocrx_word' id='word_1_119' title='bbox 572 1357 731 1389; x_wconf 87' lang='lat' dir='ltr'>omnes</span> <span class='ocrx_word' id='word_1_120' title='bbox 762 1341 809 1387; x_wconf 90' lang='lat' dir='ltr'>in</span> <span class='ocrx_word' id='word_1_121' title='bbox 838 1358 958 1387; x_wconf 89' lang='lat' dir='ltr'>mare</span> <span class='ocrx_word' id='word_1_122' title='bbox 994 1341 1083 1388; x_wconf 67' lang='lat' dir='ltr'>iau</span> <span class='ocrx_word' id='word_1_123' title='bbox 1112 1341 1270 1403; x_wconf 87' lang='lat' dir='ltr'>rapido</span> <span class='ocrx_word' id='word_1_124' title='bbox 1296 1342 1388 1389; x_wconf 72' lang='lat' dir='ltr'>‘de-</span> 
     </span>
     <span class='ocr_line' id='line_1_17' title="bbox 95 1413 1389 1475; baseline 0.002 -16"><span class='ocrx_word' id='word_1_125' title='bbox 95 1426 340 1461; x_wconf 87' lang='lat' dir='ltr'>currentes.</span> <span class='ocrx_word' id='word_1_126' title='bbox 374 1414 671 1460; x_wconf 87' lang='lat' dir='ltr'>Thermodon</span> <span class='ocrx_word' id='word_1_127' title='bbox 694 1413 761 1460; x_wconf 85' lang='lat' dir='ltr'>his</span> <span class='ocrx_word' id='word_1_128' title='bbox 783 1414 842 1460; x_wconf 89' lang='lat' dir='ltr'>est</span> <span class='ocrx_word' id='word_1_129' title='bbox 868 1414 1103 1475; x_wconf 86' lang='lat' dir='ltr'>proximus</span> <span class='ocrx_word' id='word_1_130' title='bbox 1119 1449 1132 1471; x_wconf 82' lang='lat'>,</span> <span class='ocrx_word' id='word_1_131' title='bbox 1148 1414 1201 1460; x_wconf 89' lang='lat' dir='ltr'>ab</span> <span class='ocrx_word' id='word_1_132' title='bbox 1220 1416 1389 1461; x_wconf 88' lang='lat' dir='ltr'>Armo-</span> 
     </span>
     <span class='ocr_line' id='line_1_18' title="bbox 97 1485 1389 1550; baseline 0.002 -17"><span class='ocrx_word' id='word_1_133' title='bbox 97 1487 177 1533; x_wconf 86' lang='lat' dir='ltr'>nio</span> <span class='ocrx_word' id='word_1_134' title='bbox 208 1485 409 1532; x_wconf 87' lang='lat' dir='ltr'>defluens</span> <span class='ocrx_word' id='word_1_135' title='bbox 431 1500 586 1534; x_wconf 90' lang='lat' dir='ltr'>monte</span> <span class='ocrx_word' id='word_1_136' title='bbox 601 1523 614 1544; x_wconf 86' lang='lat'>,</span> <span class='ocrx_word' id='word_1_137' title='bbox 635 1489 683 1534; x_wconf 86' lang='lat'>&amp;</span> <span class='ocrx_word' id='word_1_138' title='bbox 708 1486 1078 1550; x_wconf 83' lang='lat' dir='ltr'>Themiscyraeos</span> <span class='ocrx_word' id='word_1_139' title='bbox 1113 1487 1389 1535; x_wconf 84' lang='lat' dir='ltr'>interlabens</span> 
     </span>
     <span class='ocr_line' id='line_1_19' title="bbox 97 1558 1391 1623; baseline 0.001 -17"><span class='ocrx_word' id='word_1_140' title='bbox 97 1560 251 1606; x_wconf 83' lang='lat' dir='ltr'>lucos:</span> <span class='ocrx_word' id='word_1_141' title='bbox 275 1558 329 1605; x_wconf 88' lang='lat' dir='ltr'>ad</span> <span class='ocrx_word' id='word_1_142' title='bbox 347 1575 464 1621; x_wconf 87' lang='lat' dir='ltr'>quos</span> <span class='ocrx_word' id='word_1_143' title='bbox 489 1562 740 1605; x_wconf 76' lang='lat' dir='ltr'>Amazonas</span> <span class='ocrx_word' id='word_1_144' title='bbox 765 1560 994 1622; x_wconf 82' lang='lat' dir='ltr'>quondam</span> <span class='ocrx_word' id='word_1_145' title='bbox 1015 1559 1205 1623; x_wconf 84' lang='lat' dir='ltr'>migrare</span> <span class='ocrx_word' id='word_1_146' title='bbox 1236 1559 1391 1607; x_wconf 89' lang='lat' dir='ltr'>neces-</span> 
     </span>
     <span class='ocr_line' id='line_1_20' title="bbox 99 1632 1390 1696; baseline 0.002 -17"><span class='ocrx_word' id='word_1_147' title='bbox 99 1634 195 1679; x_wconf 67' lang='lat' dir='ltr'>sitas</span> <span class='ocrx_word' id='word_1_148' title='bbox 223 1632 452 1696; x_wconf 84' lang='lat' dir='ltr'>subegerat</span> <span class='ocrx_word' id='word_1_149' title='bbox 485 1633 600 1679; x_wconf 85' lang='lat' dir='ltr'>talis.</span> <span class='ocrx_word' id='word_1_150' title='bbox 634 1632 813 1679; x_wconf 84' lang='lat' dir='ltr'>Attritis</span> <span class='ocrx_word' id='word_1_151' title='bbox 843 1634 1109 1680; x_wconf 81' lang='lat' dir='ltr'>damnorum</span> <span class='ocrx_word' id='word_1_152' title='bbox 1145 1633 1390 1681; x_wconf 72' lang='lat' dir='ltr'>assiduitate</span> 
     </span>
     <span class='ocr_line' id='line_1_21' title="bbox 100 1705 1392 1769; baseline 0 -17"><span class='ocrx_word' id='word_1_153' title='bbox 100 1705 302 1752; x_wconf 81' lang='lat' dir='ltr'>finitimis</span> <span class='ocrx_word' id='word_1_154' title='bbox 319 1743 334 1763; x_wconf 89' lang='lat'>‚</span> <span class='ocrx_word' id='word_1_155' title='bbox 363 1708 617 1753; x_wconf 85' lang='lat' dir='ltr'>Amazones</span> <span class='ocrx_word' id='word_1_156' title='bbox 637 1719 809 1754; x_wconf 85' lang='lat' dir='ltr'>veteres</span> <span class='ocrx_word' id='word_1_157' title='bbox 827 1741 840 1763; x_wconf 93' lang='lat'>,</span> <span class='ocrx_word' id='word_1_158' title='bbox 863 1724 964 1769; x_wconf 85' lang='lat' dir='ltr'>quae</span> <span class='ocrx_word' id='word_1_159' title='bbox 988 1721 1065 1751; x_wconf 92' lang='lat' dir='ltr'>eos</span> <span class='ocrx_word' id='word_1_160' title='bbox 1087 1706 1283 1753; x_wconf 84' lang='lat' dir='ltr'>cruentis</span> <span class='ocrx_word' id='word_1_161' title='bbox 1304 1722 1392 1768; x_wconf 89' lang='lat' dir='ltr'>po-</span> 
     </span>
     <span class='ocr_line' id='line_1_22' title="bbox 99 1778 1391 1842; baseline 0.002 -18"><span class='ocrx_word' id='word_1_162' title='bbox 99 1778 369 1840; x_wconf 77' lang='lat' dir='ltr'>pulabantur</span> <span class='ocrx_word' id='word_1_163' title='bbox 391 1779 665 1836; x_wconf 85' lang='lat' dir='ltr'>incursibus,</span> <span class='ocrx_word' id='word_1_164' title='bbox 698 1779 858 1826; x_wconf 85' lang='lat' dir='ltr'>altiora</span> <span class='ocrx_word' id='word_1_165' title='bbox 889 1778 1142 1841; x_wconf 86' lang='lat' dir='ltr'>spirabant:</span> <span class='ocrx_word' id='word_1_166' title='bbox 1180 1779 1391 1842; x_wconf 78' lang='lat' dir='ltr'>viresque</span> 
     </span>
     <span class='ocr_line' id='line_1_23' title="bbox 102 1844 1393 1915; baseline 0.002 -18"><span class='ocrx_word' id='word_1_167' title='bbox 102 1844 222 1898; x_wconf 68' lang='lat' dir='ltr'>suas&#39;</span> <span class='ocrx_word' id='word_1_168' title='bbox 239 1851 660 1915; x_wconf 59' lang='lat' dir='ltr'>circumspeffiantes</span> <span class='ocrx_word' id='word_1_169' title='bbox 693 1851 762 1898; x_wconf 86' lang='lat' dir='ltr'>his</span> <span class='ocrx_word' id='word_1_170' title='bbox 783 1887 795 1909; x_wconf 97' lang='lat'>,</span> <span class='ocrx_word' id='word_1_171' title='bbox 818 1869 917 1914; x_wconf 78' lang='lat' dir='ltr'>quae</span> <span class='ocrx_word' id='word_1_172' title='bbox 948 1852 1205 1914; x_wconf 79' lang='lat' dir='ltr'>propinqua</span> <span class='ocrx_word' id='word_1_173' title='bbox 1235 1852 1393 1915; x_wconf 79' lang='lat' dir='ltr'>saepius</span> 
     </span>
     <span class='ocr_line' id='line_1_24' title="bbox 103 1925 1394 1989; baseline 0.001 -17"><span class='ocrx_word' id='word_1_174' title='bbox 103 1925 369 1988; x_wconf 88' lang='lat' dir='ltr'>appetebant</span> <span class='ocrx_word' id='word_1_175' title='bbox 387 1961 400 1984; x_wconf 94' lang='lat'>,</span> <span class='ocrx_word' id='word_1_176' title='bbox 423 1926 669 1973; x_wconf 87' lang='lat' dir='ltr'>validiores</span> <span class='ocrx_word' id='word_1_177' title='bbox 693 1961 707 1984; x_wconf 91' lang='lat'>,</span> <span class='ocrx_word' id='word_1_178' title='bbox 741 1937 879 1988; x_wconf 82' lang='lat' dir='ltr'>raptae</span> <span class='ocrx_word' id='word_1_179' title='bbox 908 1925 1130 1988; x_wconf 81' lang='lat' dir='ltr'>praecipiti</span> <span class='ocrx_word' id='word_1_180' title='bbox 1171 1926 1394 1989; x_wconf 85' lang='lat' dir='ltr'>cupidita-</span> 
     </span>
     <span class='ocr_line' id='line_1_25' title="bbox 103 1997 1396 2061; baseline 0.002 -18"><span class='ocrx_word' id='word_1_181' title='bbox 103 1997 159 2043; x_wconf 84' lang='lat' dir='ltr'>tis</span> <span class='ocrx_word' id='word_1_182' title='bbox 191 1997 380 2057; x_wconf 88' lang='lat' dir='ltr'>ardore,</span> <span class='ocrx_word' id='word_1_183' title='bbox 411 1997 637 2061; x_wconf 86' lang='lat' dir='ltr'>perruptis</span> <span class='ocrx_word' id='word_1_184' title='bbox 667 1998 929 2045; x_wconf 83' lang='lat' dir='ltr'>nationibus</span> <span class='ocrx_word' id='word_1_185' title='bbox 970 1998 1204 2061; x_wconf 83' lang='lat' dir='ltr'>plurimis,</span> <span class='ocrx_word' id='word_1_186' title='bbox 1235 2014 1396 2046; x_wconf 85' lang='lat' dir='ltr'>manus</span> 
     </span>
     <span class='ocr_line' id='line_1_26' title="bbox 106 2069 1396 2134; baseline 0.002 -19"><span class='ocrx_word' id='word_1_187' title='bbox 106 2069 450 2118; x_wconf 79' lang='lat' dir='ltr'>Atheniensibus</span> <span class='ocrx_word' id='word_1_188' title='bbox 464 2070 712 2117; x_wconf 87' lang='lat' dir='ltr'>intulerunt</span> <span class='ocrx_word' id='word_1_189' title='bbox 732 2089 742 2118; x_wconf 94' lang='lat'>:</span> <span class='ocrx_word' id='word_1_190' title='bbox 763 2070 946 2134; x_wconf 83' lang='lat' dir='ltr'>acrique</span> <span class='ocrx_word' id='word_1_191' title='bbox 966 2072 1306 2118; x_wconf 83' lang='lat' dir='ltr'>concertatione</span> <span class='ocrx_word' id='word_1_192' title='bbox 1327 2070 1396 2118; x_wconf 89' lang='lat' dir='ltr'>ef-</span> 
     </span>
     <span class='ocr_line' id='line_1_27' title="bbox 107 2141 1397 2208; baseline 0.005 -21"><span class='ocrx_word' id='word_1_193' title='bbox 107 2142 199 2188; x_wconf 88' lang='lat' dir='ltr'>fuse</span> <span class='ocrx_word' id='word_1_194' title='bbox 221 2141 444 2205; x_wconf 73' lang='lat' dir='ltr'>disje&amp;ae-‚</span> <span class='ocrx_word' id='word_1_195' title='bbox 464 2160 621 2192; x_wconf 82' lang='lat' dir='ltr'>omnes</span> <span class='ocrx_word' id='word_1_196' title='bbox 641 2145 816 2192; x_wconf 85' lang='lat' dir='ltr'>nudatis</span> <span class='ocrx_word' id='word_1_197' title='bbox 843 2144 1064 2208; x_wconf 83' lang='lat' dir='ltr'>equitatus</span> <span class='ocrx_word' id='word_1_198' title='bbox 1090 2144 1152 2191; x_wconf 91' lang='lat' dir='ltr'>sui</span> <span class='ocrx_word' id='word_1_199' title='bbox 1183 2145 1397 2193; x_wconf 82' lang='lat' dir='ltr'>lateribus</span> 
     </span>
     <span class='ocr_line' id='line_1_28' title="bbox 111 2212 1397 2282; baseline 0 -18"><span class='ocrx_word' id='word_1_200' title='bbox 111 2233 334 2267; x_wconf 87' lang='lat' dir='ltr'>corruere.</span> <span class='ocrx_word' id='word_1_201' title='bbox 364 2221 531 2265; x_wconf 87' lang='lat' dir='ltr'>Harum</span> <span class='ocrx_word' id='word_1_202' title='bbox 560 2212 744 2266; x_wconf 79' lang='lat' dir='ltr'>interitu</span> <span class='ocrx_word' id='word_1_203' title='bbox 778 2218 995 2282; x_wconf 84' lang='lat' dir='ltr'>cognito,</span> <span class='ocrx_word' id='word_1_204' title='bbox 1021 2217 1200 2263; x_wconf 77' lang='lat' dir='ltr'>refiduae</span> <span class='ocrx_word' id='word_1_205' title='bbox 1233 2232 1280 2263; x_wconf 89' lang='lat' dir='ltr'>ut</span> <span class='ocrx_word' id='word_1_206' title='bbox 1308 2217 1397 2264; x_wconf 84' lang='lat' dir='ltr'>irn-</span> 
     </span>
     <span class='ocr_line' id='line_1_29' title="bbox 109 2290 1398 2355; baseline -0.002 -17"><span class='ocrx_word' id='word_1_207' title='bbox 109 2290 246 2338; x_wconf 88' lang='lat' dir='ltr'>belles</span> <span class='ocrx_word' id='word_1_208' title='bbox 278 2291 402 2338; x_wconf 81' lang='lat' dir='ltr'>domi</span> <span class='ocrx_word' id='word_1_209' title='bbox 435 2292 599 2339; x_wconf 61' lang='lat' dir='ltr'>relictae</span> <span class='ocrx_word' id='word_1_210' title='bbox 619 2330 631 2349; x_wconf 89' lang='lat'><strong>‚</strong></span> <span class='ocrx_word' id='word_1_211' title='bbox 654 2305 852 2339; x_wconf 73' lang='lat' dir='ltr'>extrema</span> <span class='ocrx_word' id='word_1_212' title='bbox 885 2290 1123 2355; x_wconf 78' lang='lat' dir='ltr'>perpessae,</span> <span class='ocrx_word' id='word_1_213' title='bbox 1151 2290 1398 2338; x_wconf 83' lang='lat' dir='ltr'>vicinitatis</span> 
     </span>
     <span class='ocr_line' id='line_1_30' title="bbox 112 2363 1398 2426; baseline 0 -18"><span class='ocrx_word' id='word_1_214' title='bbox 112 2363 173 2409; x_wconf 86' lang='lat' dir='ltr'>eis</span> <span class='ocrx_word' id='word_1_215' title='bbox 207 2363 479 2426; x_wconf 86' lang='lat' dir='ltr'>repensantis</span> <span class='ocrx_word' id='word_1_216' title='bbox 508 2364 663 2412; x_wconf 73' lang='lat' dir='ltr'>similia</span> <span class='ocrx_word' id='word_1_217' title='bbox 702 2365 900 2412; x_wconf 79' lang='lat' dir='ltr'>funestos</span> <span class='ocrx_word' id='word_1_218' title='bbox 933 2364 1127 2426; x_wconf 86' lang='lat' dir='ltr'>impetus</span> <span class='ocrx_word' id='word_1_219' title='bbox 1164 2363 1398 2411; x_wconf 84' lang='lat' dir='ltr'>declinan-</span> 
     </span>
     <span class='ocr_line' id='line_1_31' title="bbox 113 2435 1399 2499; baseline 0 -19"><span class='ocrx_word' id='word_1_220' title='bbox 113 2448 178 2481; x_wconf 83' lang='lat' dir='ltr'>tes</span> <span class='ocrx_word' id='word_1_221' title='bbox 196 2471 210 2494; x_wconf 93' lang='lat'>,</span> <span class='ocrx_word' id='word_1_222' title='bbox 231 2436 285 2481; x_wconf 90' lang='lat' dir='ltr'>ad</span> <span class='ocrx_word' id='word_1_223' title='bbox 310 2438 582 2499; x_wconf 78' lang='lat' dir='ltr'>pacatiorem</span> <span class='ocrx_word' id='word_1_224' title='bbox 604 2438 746 2484; x_wconf 73' lang='lat' dir='ltr'>sedem</span> <span class='ocrx_word' id='word_1_225' title='bbox 775 2438 983 2484; x_wconf 80' lang='lat' dir='ltr'>transiere</span> <span class='ocrx_word' id='word_1_226' title='bbox 1012 2435 1368 2484; x_wconf 70' lang='lat' dir='ltr'>Thermodontis</span> <span class='ocrx_word' id='word_1_227' title='bbox 1384 2452 1399 2480; x_wconf 77' lang='grc' dir='ltr'><em>τ</em></span> 
     </span>
    </p>
   </div>
   <div class='ocr_carea' id='block_1_3' title="bbox 114 2512 1399 2577">
    <p class='ocr_par' dir='ltr' id='par_1_3' title="bbox 114 2512 1399 2577">
     <span class='ocr_line' id='line_1_32' title="bbox 114 2512 1399 2577; baseline -0.001 -22"><span class='ocrx_word' id='word_1_228' title='bbox 114 2525 301 2573; x_wconf 71' lang='lat' dir='ltr'>quarum</span> <span class='ocrx_word' id='word_1_229' title='bbox 332 2512 571 2577; x_wconf 43' lang='lat' dir='ltr'>progenies</span> <span class='ocrx_word' id='word_1_230' title='bbox 591 2513 726 2577; x_wconf 81' lang='lat' dir='ltr'>longe</span> <span class='ocrx_word' id='word_1_231' title='bbox 743 2512 905 2560; x_wconf 81' lang='lat' dir='ltr'>deinde</span> <span class='ocrx_word' id='word_1_232' title='bbox 936 2524 1183 2576; x_wconf 81' lang='lat' dir='ltr'>propagata</span> <span class='ocrx_word' id='word_1_233' title='bbox 1212 2526 1292 2575; x_wconf 87' lang='lat' dir='ltr'>per</span> <span class='ocrx_word' id='word_1_234' title='bbox 1311 2525 1399 2556; x_wconf 57' lang='lat' dir='ltr'>nuo</span> 
     </span>
    </p>
   </div>
  </div>
 </body>
</html>
