1626 2917
238 131 323 178 DE
357 131 664 207 onoACRE
694 130 1102 180 THEODEmco
1127 147 1236 181 mc.
1291 102 1374 199 313

110 251 199 286 tate
217 239 418 287 lanceola
448 257 541 286 non
566 239 717 287 mittis.
746 242 857 286 Non
879 239 975 302 post
996 240 1182 287 multum
1201 253 1381 304 tempo-

109 312 170 359 ris
189 312 232 358 in
252 311 366 358 leem
385 311 464 359 suo
483 313 596 359 intra
621 313 774 359 urbem
795 313 1241 377 Constantinopolim
1259 331 1387 365 mor-⁸

109 383 172 430 bo
201 397 348 431 tentus
380 398 619 432 extremam
651 385 802 432 clausit
829 384 960 432 diem.

191 457 326 519 Igitur
363 476 442 505 rex
476 459 784 506 Theodericus
821 459 1055 506 illiteratus
1087 475 1207 517 erat,
1242 461 1292 508 &
1324 459 1390 507 fic·

110 530 278 576 obruto
303 530 450 589 sensu,
467 544 515 578 ut
542 532 587 578 in
609 533 757 579 decem
785 549 930 578 annos
951 533 1077 596 regni
1104 532 1165 578 sui
1192 545 1392 595 quatuor

110 600 258 648 literas
295 601 630 665 subscriptionis
666 604 795 651 ed'zffi
835 604 897 650 sui
935 604 1100 652 discere
1137 604 1390 655 nullatenus

110 673 333 734 potuisset.
362 676 435 721 De
456 691 545 737 qua
565 692 611 721 re
631 675 837 722 laminam
862 692 1036 721 auream
1061 674 1179 736 juffit
1197 675 1397 731 interra-⁴,¹

111 747 230 793 filem
256 747 349 794 fieri
366 784 379 805 ‚
403 761 596 812 quatuor
617 749 762 797 literas
784 751 896 813 regis
922 749 1156 796 habentem
1173 785 1186 806 ‚
1208 750 1395 797 Theod.'

110 832 192 874 ut,
227 819 258 865 si
291 820 560 868 subscribere
603 823 840 880 voluisset,
885 823 1024 884 posita
1060 822 1222 869 lamina
1263 822 1389 884 super

110 893 309 940 chartam
332 930 345 952 ,
375 911 455 957 per
487 912 583 942 eam
619 912 762 957 penna
795 897 1000 953 duceret,
1036 897 1085 943 &
1123 895 1389 957 subscriptio

114 963 209 1025 ejus
230 978 400 1013 tantum
421 967 661 1013 videretur.
682 971 802 1028 Ergo
824 967 1131 1014 Theodericus
1151 967 1255 1012 dato
1276 983 1391 1012 con-

110 1035 249 1084 sulatu
279 1033 521 1086 Eutharico
549 1041 707 1085 Romae
733 1040 781 1085 &
810 1040 1043 1086 Ravennae
1069 1038 1394 1101 triumphavit,

114 1111 190 1172 qui
212 1111 472 1158 Eutharicus
490 1112 620 1158 nimis
640 1111 762 1171 asper
783 1111 883 1167 fuit,
904 1114 952 1158 &
975 1124 1130 1168 contra
1150 1110 1280 1157 fidem
1300 1113 1390 1158 Ca-

110 1182 326 1229 tholicam
358 1183 579 1232 inimicus.
613 1184 714 1230 Post
746 1184 841 1230 haec
869 1183 1160 1230 Theoderico
1191 1186 1392 1229 Veronae

111 1254 376 1302 consistente
397 1269 580 1317 propter
601 1268 764 1302 metum
786 1256 980 1318 gentium
997 1291 1010 1313 ,
1035 1255 1146 1302 faE‘ta
1165 1256 1224 1302 est
1242 1256 1294 1303 lis
1316 1256 1391 1301 in-

108 1339 177 1372 ter
206 1327 480 1374 Christianos
516 1328 565 1375 &
600 1328 775 1374 Iudaeos
806 1328 1221 1390 Ravennae2quare
1251 1327 1394 1376 Judaei'

111 1396 359 1459 baptizatos
385 1399 588 1445 nolentes
610 1399 714 1444 dum
741 1397 933 1444 livident
947 1434 960 1455 ‚
981 1397 1240 1462 frequenter
1258 1399 1395 1449 obla-³2

111 1481 200 1516 tam
224 1469 267 1516 in
289 1487 401 1532 aqua
430 1469 626 1516 fluminis
646 1469 935 1531 jailaverunt.
966 1470 1150 1518 Dehinc
1184 1470 1391 1519 accensus

112 1541 173 1587 est
199 1543 394 1603 populus
416 1558 509 1587 non
534 1542 807 1589 reservantes
832 1558 975 1605 neque
999 1542 1116 1606 regi,
1137 1559 1281 1606 neque
1298 1545 1391 1590 Eu-

113 1615 312 1671 tharico,
333 1628 406 1661 aut
426 1616 575 1673 Petro,
594 1615 669 1678 qui
688 1629 795 1663 tunc
815 1616 1049 1678 episcopus
1065 1629 1184 1673 erat,
1206 1616 1390 1663 consur-

112 1697 265 1749 gentes
291 1685 346 1731 ad
374 1687 658 1750 Synagogas‚
683 1703 792 1732 mox
810 1702 889 1733 'eas
919 1687 1242 1734 incenderunt:
1264 1687 1392 1749 quod

114 1756 224 1804 &in
248 1773 379 1804 coena
398 1758 548 1804 eadem
570 1758 764 1804 similiter
777 1759 981 1823 contigit.
1004 1760 1115 1805 Mox
1134 1759 1271 1806 Judaei
1289 1761 1394 1806 cur-

113 1839 261 1876 rentes
283 1832 526 1888 Veronam,
547 1831 623 1877 ubi
643 1848 719 1877 rex
738 1844 848 1889 erat,
869 1844 1022 1895 agente
1040 1830 1255 1878 Triwane
1270 1835 1389 1894 praed

115 1901 264 1964 pofito
299 1903 522 1949 cubiculi:
552 1903 601 1950 ὅ(
627 1903 715 1965 ipse
748 1903 980 1951 haereticus
1015 1903 1171 1950 favens
1200 1902 1394 1960 Judaeis‚

114 1972 339 2021 insinuans
357 1974 451 2036 regi
469 1973 628 2020 sperum
644 1975 855 2021 adversus
870 1974 1144 2022 Christianos
1159 1992 1169 2022 :
1187 1974 1263 2039 qui
1278 1992 1392 2023 mox

114 2044 234 2108 juffit
270 2058 455 2108 propter
491 2046 851 2108 praesumtionem
889 2047 1119 2105 incendii,
1151 2058 1200 2094 ut
1241 2048 1392 2095 omnis

114 2118 309 2181 populus
330 2119 561 2166 Romanus
579 2119 864 2167 Ravennates
882 2121 1139 2185 Synagogas
1153 2155 1166 2178 ‚
1185 2136 1292 2183 quas
1316 2120 1391 2166 in-

115 2189 279 2236 cendio
296 2204 698 2237 concremaverunt
713 2227 726 2248 ,
747 2191 846 2238 data
867 2191 1057 2253 pecunia
1073 2191 1390 2239 restaurarent:

116 2261 198 2326 qui
216 2278 326 2308 vero
356 2278 450 2309 non
475 2262 689 2309 habuisset
711 2264 825 2309 unde
855 2263 985 2321 dare,
1006 2262 1173 2310 frustati
1201 2280 1279 2326 per
1304 2281 1390 2326 pu-

116 2332 284 2381 blicum
306 2333 383 2378 sub
417 2351 532 2381 voce
554 2336 775 2396 praeconis
800 2335 1080 2382 ducerentur.
1118 2336 1236 2382 Data
1272 2345 1392 2396 praei

119 2419 246 2470 cepta
271 2406 325 2453 ad
357 2406 642 2455 liuthericum
666 2407 896 2473 Cilligam,
922 2409 970 2458 &
999 2408 1181 2456 Petrum
1213 2406 1389 2471 episce-⁴
