1626 2917
337 219 555 268 RERUM
593 222 927 269 GESTARUM
962 223 1064 270 LIB.
1098 224 1223 270 XIX.
1324 240 1407 271 201

150 326 430 374 Concursum
464 327 525 374 est
547 340 694 374 tamen
726 329 923 393 undique
951 329 1419 392 adpropulsationem

150 399 339 461 periculi
364 411 452 446 tam
480 400 688 462 abrupti:
718 402 767 448 δε
793 401 1022 448 festinandi
1053 401 1200 448 studio
1231 403 1327 450 aliis
1358 403 1421 449 ir·-

149 471 409 519 retientibus
428 473 539 520 alios
554 511 567 531 ‚
588 475 767 520 audacia
786 473 980 521 hostium
1000 474 1097 538 ipso
1117 473 1309 523 successu
1328 492 1422 522 cre-

149 543 310 591 scebat.
327 545 447 591 Auis
466 546 602 609 igitur
622 546 734 609 regis
757 546 945 609 imperio
966 547 1303 610 proeliatoribus
1323 549 1425 595 uni-

151 616 324 675 versis,
365 617 601 682 strictoque
652 619 858 666 cominus
901 619 1023 666 ferro
1056 655 1071 678 ,
1108 637 1212 667 cum
1251 620 1425 684 sanguis

149 687 387 751 utrubique
415 689 636 736 immensis
671 691 865 737 caedibus
892 691 1155 739 funderetur
1178 728 1192 751 ,
1228 693 1426 756 oppleta:

150 762 252 808 sunt
282 763 551 825 corporibus
582 762 703 810 foffae
722 800 734 821 ‚
761 764 984 828 latiorque
1010 764 1086 811 via
1117 765 1221 811 ideo
1256 765 1426 827 pande-

150 834 281 881 batur
301 852 312 881 :
336 836 384 882 &
416 835 636 882 concursu
662 835 894 898 copiarum
927 837 1099 884 ardenti
1129 836 1216 898 jam
1243 838 1428 885 civitate

151 907 333 968 oppleta
351 941 364 961 ,
395 924 497 953 cum
523 906 672 952 omnis
701 907 967 953 defendendi
995 909 1069 954 vel
1102 908 1301 973 fugiendi
1332 910 1428 971 spes

151 978 256 1024 esset
282 977 483 1036 abscissa,
510 993 726 1040 pecorum
757 979 845 1024 ritu
873 979 1028 1026 armati
1049 981 1315 1028 &imbelles
1337 982 1427 1028 {ine

151 1047 280 1094 sexus
312 1046 564 1094 discrimine
590 1048 940 1097 trucidabantur.
972 1053 1124 1113 Itaque
1157 1052 1342 1116 vespera
1361 1068 1429 1100 te-

152 1119 394 1177 nebrante,
418 1136 518 1166 cum
541 1119 684 1166 adhuc
700 1156 713 1176 ‚
729 1120 831 1167 licet
847 1120 999 1184 iniqua
1019 1122 1261 1170 reluctante
1282 1124 1431 1172 fortu-

151 1209 206 1238 na
224 1226 237 1249 ,
258 1190 500 1238 multitudo
528 1190 786 1238 nostrorum
814 1209 949 1240 manu
976 1193 1179 1242 conserta
1196 1196 1433 1260 distringe-

149 1277 306 1319 retur;
337 1264 383 1310 in
411 1262 603 1311 abstrusa
637 1265 825 1328 quadam
847 1279 968 1329 parte
995 1267 1155 1330 oppidi
1190 1286 1293 1316 cum
1313 1271 1432 1317 duo-

150 1339 233 1386 bus
253 1336 349 1385 aliis
367 1337 507 1384 latens
523 1336 725 1384 obscurae
746 1339 948 1401 praefidio
968 1341 1128 1399 noffis,
1144 1341 1328 1403 postica,
1352 1359 1431 1406 per

150 1428 286 1474 quam
307 1409 418 1456 nihil
447 1409 729 1469 servabatur,
748 1412 895 1457 evado
918 1446 932 1469 ‚
962 1413 1011 1459 δι
1031 1411 1311 1475 squalentum
1345 1432 1428 1478 pe-

152 1484 251 1531 ritia
287 1483 495 1530 locorum
516 1519 529 1541 ‚
562 1484 871 1546 comitumque
902 1483 1078 1544 adjutus
1104 1486 1330 1534 celeritate
1346 1522 1360 1544 ‚
1379 1488 1434 1535 ad

152 1558 375 1606 decimum
409 1557 600 1620 lapidem
629 1559 805 1605 tandem
837 1559 1042 1622 perveni.
1074 1561 1123 1606 In
1157 1578 1243 1624 qua
1275 1562 1432 1609 statio-

152 1647 210 1677 ne
240 1630 382 1677 lenius
410 1630 627 1688 recreati,
650 1648 750 1678 cum
783 1631 848 1677 ire
881 1631 1087 1693 protinus
1112 1650 1399 1696 pergeremus
1419 1671 1435 1693 ‚

151 1703 444 1752 &incedenti
469 1704 697 1750 nimietate
716 1705 800 1765 jam
820 1703 1049 1765 superarer
1074 1719 1122 1751 ut
1142 1706 1333 1753 insuetus
1358 1708 1431 1752 in·-

155 1793 352 1841 genuus,
382 1776 551 1824 offendi
571 1777 718 1824 dirum
745 1777 966 1840 aspeEium
986 1813 999 1834 ,
1022 1777 1094 1825 sed
1116 1777 1300 1843 fatigato
1322 1779 1436 1827 mihi

152 1851 401 1899 laffitudine
425 1851 551 1916 gravi
582 1852 789 1898 levamen
826 1851 1058 1915 impendio
1091 1853 1432 1915 tempestivum.

151 1925 313 1988 Fugaci
341 1941 461 1988 equo
491 1926 616 1972 nudo
649 1924 887 1973 &infreni
918 1924 1126 1972 calonum
1147 1926 1326 1989 quidam
1361 1926 1431 1973 se-

151 1997 260 2045 dens
273 2034 286 2056 ,
317 2015 373 2045 ne
391 1997 480 2045 labi
500 1998 631 2061 poffit
645 2034 660 2056 ,
679 2015 734 2045 ex
755 2014 882 2045 more
898 1998 1116 2045 habenam
1133 2034 1145 2056 ,
1166 2016 1255 2062 qua
1274 2000 1427 2046 ducia-

151 2071 312 2129 batur,
339 2069 505 2117 sinistra
535 2087 670 2118 manu
688 2069 847 2117 arctius
873 2069 1064 2134 illigavit
1087 2088 1098 2117 ε
1132 2087 1331 2135 moxque
1349 2072 1427 2117 de·

150 2142 323 2199 cuffus,
351 2141 529 2190 vinculi
565 2143 735 2188 nodum
774 2141 1036 2204 abrumpere
1071 2142 1285 2206 nequiens
1305 2178 1319 2200 ,
1346 2159 1428 2205 per

150 2213 250 2261 avia
282 2214 497 2278 saltusque
532 2215 813 2262 membratim
847 2215 1092 2279 discerptus
1119 2247 1135 2273 ‚
1174 2216 1432 2278 jumentum

150 2285 404 2333 exhaustum
425 2287 794 2351 cursu,pondere
808 2289 1038 2337 cadaveris
1063 2289 1318 2338 detinebat:
1345 2308 1427 2338 cu-

149 2357 219 2418 jus
252 2359 465 2408 dorsualis
495 2361 805 2424 comprehensi
834 2360 1020 2409 servitio
1040 2363 1140 2409 usus
1170 2362 1219 2409 in
1243 2375 1427 2426 tempo·

148 2445 198 2476 re
216 2464 230 2485 ,
262 2447 363 2478 cum
391 2432 545 2480 iisdem
580 2434 713 2482 sociis
747 2435 803 2481 ad
824 2433 972 2483 fontes
1000 2435 1263 2499 sulphureos
1288 2450 1422 2498 aqua-

148 2517 249 2550 rum
269 2503 418 2570 suapte
443 2520 602 2557 natura
625 2507 862 2558 calentium
882 2525 997 2575 aegre
1016 2509 1218 2575 perveni.
1243 2512 1299 2557 Et
1317 2510 1420 2575 quia
