1626 2917
169 203 258 253 232
378 189 716 236 AMMIANI
762 189 1239 236 MARCELLINI

165 294 234 343 tio
261 294 547 341 decernentes
572 291 799 354 postremo
815 327 830 350 ,
849 293 1058 354 periculis
1079 293 1357 354 objeelavere
1384 291 1447 339 se-

168 378 259 417 met
292 365 519 427 abruptis:
542 367 592 412 &
617 365 830 428 agitantes
856 364 1011 412 arietes
1027 399 1042 422 ‚
1067 365 1204 414 denso
1235 365 1449 413 saxorum

170 439 409 489 molarium
442 439 645 500 pondere
673 437 974 502 fomentisque
1002 438 1171 501 ignium
1205 439 1449 496 variis‚ire

171 511 379 574 protinus
400 511 681 558 vetabantur.
699 513 868 557 Verum
887 527 1000 558 unus
1026 511 1138 559 aries
1158 513 1336 560 refiduis
1359 512 1452 560 cel-

171 582 263 629 sior
281 617 296 640 ,
324 582 541 628 humectis
573 583 761 631 taurinis
800 597 984 646 opertus
1015 586 1193 632 exuviis
1212 621 1228 643 ,
1257 586 1451 649 ideoque

172 656 320 703 minus
350 655 473 702 casus
495 654 728 705 flammeos
758 657 1079 720 pertimescens
1092 674 1167 707 aut
1191 660 1304 716 tela,
1324 672 1451 707 ante-

173 728 341 792 greffus
370 746 528 777 omnes
548 731 678 794 repsit
697 731 859 780 nifibus
882 732 1051 796 magnis
1068 734 1121 780 ad
1141 751 1316 780 murum
1339 751 1349 780 ε
1372 750 1453 780 va-

173 802 332 866 stoque
364 803 570 852 acumine
592 819 858 870 coagmenta
895 806 1091 869 lapidum
1122 805 1329 862 fodiens,
1360 818 1455 853 tur-

173 874 259 920 rim
287 874 474 921 laxatam
505 875 683 924 evertit.
712 879 817 937 Qua
844 876 992 925 sonitu
1019 877 1136 940 lapsa
1158 879 1357 943 ingenti,
1385 877 1457 924 su-

174 946 418 1010 perstantes
441 965 625 1013 quoque
642 950 877 1012 repentina
897 951 1026 998 ruina
1044 949 1224 1012 dejeffi}
1245 951 1459 998 diffracti-

176 1037 266 1084 que
291 1021 365 1068 vel
397 1021 576 1080 obruti,
611 1024 833 1072 mortibus
857 1025 1064 1071 interiere
1092 1025 1274 1071 diversis
1303 1027 1352 1072 &
1386 1023 1458 1070 in-

175 1093 359 1156 speratis
381 1113 392 1141 :
413 1094 694 1158 inventoque
723 1098 891 1144 tutiore
912 1098 1087 1145 ascensu
1106 1134 1120 1155 ‚
1143 1111 1307 1144 armata
1326 1097 1459 1143 irruit

177 1165 439 1214 multitudo,
485 1167 693 1229 Trepidis
730 1169 889 1215 deinde
926 1170 1229 1232 superatorum
1279 1167 1459 1215 auribus

178 1236 446 1285 ululantium
484 1239 682 1302 undique
720 1240 947 1288 Persarum
981 1242 1214 1289 intonante
1248 1240 1458 1304 fragore,

178 1309 340 1355 arffius
372 1310 585 1371 proelium
613 1311 730 1358 intra
750 1329 906 1360 muros
933 1314 1122 1371 exarsit,
1152 1314 1346 1361 hostium
1375 1329 1459 1358 no-

180 1381 467 1444 strorumque
512 1384 704 1431 catervis
752 1386 1023 1432 certantibus
1071 1387 1276 1433 cominus
1293 1422 1306 1444 ‚
1355 1403 1461 1433 cum

179 1450 399 1500 confertis
425 1454 540 1500 inter
566 1453 607 1500 se
637 1454 907 1517 corporibus
926 1491 940 1513 ‚
963 1455 1066 1502 hinc
1087 1455 1281 1519 indeque
1310 1456 1462 1503 strifilo

179 1542 399 1573 mucrone
419 1527 533 1574 nulli
554 1529 890 1575 occurrentium
911 1543 1180 1592 parceretur.
1206 1532 1368 1595 Magna
1389 1531 1476 1577 de··

180 1601 320 1663 nique
353 1602 473 1649 mole
500 1604 683 1665 ancipiti
711 1604 787 1650 diu
823 1603 965 1650 exitio
999 1604 1239 1651 renitentes
1273 1602 1463 1663 obseffi,

179 1675 409 1740 postremo
430 1677 570 1740 plebis
598 1677 822 1725 immensae
846 1678 1120 1738 ponderibus
1141 1677 1272 1725 effuse
1295 1677 1462 1739 disjeffi

179 1747 295 1795 sunt.
315 1749 368 1794 Et
387 1748 486 1812 post
505 1749 600 1796 haec
617 1749 832 1797 iratorum
854 1749 1044 1797 hostium
1068 1751 1227 1814 gladii,
1243 1751 1464 1814 quidquid

181 1822 382 1870 inveniri
414 1837 613 1886 poterat,
638 1824 972 1871 concidebant:
1006 1824 1266 1887 abreptique
1300 1823 1463 1870 finibus

181 1909 378 1943 matrum
407 1897 616 1959 parvuli,
645 1897 748 1960 ipsae
771 1914 952 1961 quoque
983 1911 1141 1943 matres
1174 1896 1463 1943 trucidaban-

182 1982 274 2026 tur,
290 1969 435 2027 nullo,
451 1970 559 2032 quid
578 1984 748 2034 ageret,
766 1970 1050 2033 respefilante.
1072 1973 1191 2016 Inter
1210 1987 1259 2017 ea
1280 1983 1368 2016 tam
1388 1968 1463 2015 fu-

182 2043 329 2102 nesta,
350 2060 455 2107 gens
473 2044 670 2106 rapiendi
690 2044 922 2107 cupidior,
940 2043 1096 2090 onusta
1122 2043 1368 2106 spoliorum
1391 2059 1464 2106 ge·

182 2132 288 2164 nere
317 2116 476 2172 omni,
505 2117 880 2181 captivorumque
900 2133 1083 2163 examen
1107 2115 1351 2162 maximum
1379 2116 1465 2162 du-

182 2205 288 2238 cens
303 2223 317 2245 ,
338 2189 536 2236 tentoria
561 2189 775 2251 repetivit
804 2190 1042 2236 exsultans.
1061 2191 1159 2234 Rex
1190 2203 1337 2235 tamen
1360 2205 1466 2252 gau-

182 2259 263 2305 dio
306 2258 515 2306 insolenti
556 2260 696 2307 elatus
721 2295 735 2318 ‚
769 2259 935 2322 diuque
975 2258 1191 2305 desiderio
1237 2260 1465 2320 capiendae

181 2330 409 2379 Phoenicae
427 2331 644 2394 flagrans,
667 2330 932 2377 munimenti
954 2346 1168 2392 perquam
1186 2330 1463 2393 tempestivi,

183 2419 279 2454 non
298 2417 398 2450 ante
417 2403 626 2459 discessit,
650 2421 782 2466 quam
809 2404 847 2450 la
884 2402 1061 2449 esaeiata
1088 2419 1320 2449 murorum
1342 2416 1465 2464 parte

184 2491 381 2544 reparata
409 2475 675 2539 firmissime,
700 2475 1007 2543 alimentisque
1035 2475 1201 2526 affatim
1230 2475 1464 2533 conditis,
