1626 2917
306 172 525 220 RERUM
557 171 895 218 GESTARUM
930 171 1032 216 LIB.
1068 170 1173 216 XV.
1328 186 1389 231 49

116 278 298 327 thalami
317 279 554 327 Caesariani
573 295 676 326 cura
700 278 929 325 commiffa
951 295 960 325 :
981 294 1171 341 cumque
1192 294 1290 325 eum
1312 295 1392 325 au-

117 355 267 401 sorum
293 351 416 399 fuiffe
450 350 708 415 participem
734 351 1104 414 concitoremque
1134 350 1357 397 interdum
1375 386 1389 408 ‚

115 443 171 471 ex
201 424 402 473 confeffo
431 436 619 487 pateret,
652 422 982 485 conspiratione
1011 421 1256 484 spadonum
1274 456 1286 479 ‚
1320 420 1391 482 ju-

114 497 229 545 ssitia
263 497 547 545 concinnatis
583 496 825 543 mendaciis
863 494 1154 550 obumbrata,
1187 492 1391 557 periculo

115 569 328 618 evolutus
357 568 567 617 absceffit.

199 645 271 690 111.
310 645 417 690 Haec
459 643 564 688 dum
606 640 853 688 Mediolani
887 651 1096 704 aguntur,
1131 637 1391 686 militarium

119 728 312 764 catervae
337 716 391 763 ab
421 715 611 762 Oriente
632 715 851 776 perdushe
874 713 971 759 sunt
1002 711 1243 775 Aquileiam
1259 748 1271 769 ,
1291 728 1393 758 cum

116 790 270 838 aulicis
302 790 527 852 pluribus,
562 786 772 855 membris
808 786 923 832 inter
951 798 1121 833 catenas
1156 784 1393 831 fluentibus

117 862 318 925 spiritum
343 862 564 908 trahentes
587 860 796 921 exiguum
816 893 828 917 ,
850 858 1127 918 vivendique
1150 874 1295 904 moras
1316 874 1394 920 per

120 950 337 980 aerumnas
367 929 561 978 detestati
590 928 876 990 multiplices.
917 927 1255 974 Arcessebantur
1275 929 1396 974 enim

120 1004 308 1051 ministri
331 1003 453 1049 fuiffe
481 1001 601 1048 Galli
632 1000 919 1057 ferocientis,
940 1016 1106 1062 perque
1132 1016 1208 1046 eos
1226 1000 1396 1047 Domi-

119 1077 266 1124 tianus
298 1076 539 1138 discerptus
571 1074 856 1130 credebatur,
892 1073 939 1119 &
970 1072 1204 1130 Montius,
1238 1074 1286 1120 Sc
1319 1072 1393 1118 alii

57 1168 69 1169 ’
118 1149 218 1214 post
240 1166 319 1208 eos
339 1149 422 1197 affl
453 1147 498 1194 in
519 1147 705 1193 exitium
730 1155 938 1208 praeceps.
968 1145 1038 1191 Ad
1069 1161 1183 1208 quos
1212 1145 1396 1192 audien-

118 1223 200 1270 dos
219 1223 447 1269 Arboreus
471 1221 618 1268 missus
645 1219 706 1266 est
721 1255 735 1276 ,
754 1221 800 1266 &
821 1217 1035 1265 Eusebius
1065 1219 1264 1266 cubiculi
1286 1233 1396 1266 tunc

115 1297 406 1360 praepofitus,
437 1295 573 1343 ambo
608 1293 942 1341 inconsideratae
976 1291 1214 1353 jaffflnffiae,
1245 1292 1397 1354 injusti

117 1370 284 1433 pariter
320 1371 369 1418 &
399 1368 604 1417 cruenti:
636 1367 713 1430 qui
749 1366 866 1413 nulla
906 1365 1237 1428 perspicacitate
1257 1403 1268 1424 ‚
1305 1367 1394 1414 sine

118 1443 432 1500 innocentium
455 1440 736 1501 sontiumque
761 1438 1031 1495 differentia,
1052 1439 1167 1487 alios
1192 1440 1395 1487 verberi-

121 1516 201 1562 bus
235 1514 311 1561 vel
336 1512 571 1560 tormentis
606 1511 788 1558 afflifios
823 1510 1012 1557 exsulari
1043 1528 1179 1573 poena
1211 1514 1394 1560 damna-

121 1598 254 1644 runt,
286 1585 499 1649 quosdam
532 1586 585 1632 ad
617 1583 814 1630 infimam
844 1582 1008 1630 trusere
1038 1584 1262 1643 militiam,
1293 1586 1396 1632 refi-

121 1658 235 1706 duos
256 1656 514 1720 capitalibus
533 1657 737 1703 addixere
760 1655 997 1718 suppliciis.
1023 1657 1304 1720 Impletisque
1323 1658 1395 1705 fu-

122 1749 278 1778 nerum
308 1731 472 1789 bustis,
503 1731 668 1778 reversi
692 1731 816 1778 velut
846 1743 1063 1789 ovantes,
1083 1732 1195 1794 gesta
1229 1734 1397 1780 retule-

119 1814 226 1849 runt
252 1802 306 1848 ad
331 1796 602 1866 principem,
625 1819 724 1864 erga
751 1802 847 1847 haec
881 1802 929 1848 &
953 1801 1105 1847 similia
1133 1802 1276 1864 palam
1307 1804 1396 1849 ob·-

121 1873 325 1921 stinatum
357 1876 406 1922 &
440 1892 634 1939 gravem.
671 1875 988 1921 Vehementius
1015 1875 1121 1922 hinc
1151 1879 1200 1924 &
1233 1877 1394 1925 deinde

123 1948 437 2004 Constantius,
470 1949 589 2012 quasi
626 1948 931 2011 praescriptum
962 1948 1156 1996 fatorum
1186 1951 1395 2000 ordinem

122 2020 450 2080 convulsurus,
480 2021 655 2069 recluso
684 2021 860 2084 petitore
888 2022 1065 2084 patebat
1088 2022 1395 2072 insidiantibus

122 2092 287 2140 multis.
327 2093 460 2140 Unde
498 2111 730 2140 rumorum
766 2109 958 2157 aucupes
1002 2093 1168 2141 subito·
1188 2095 1394 2143 exstitere

123 2167 406 2229 complures,
435 2167 662 2215 honorum
694 2168 882 2216 vertices
912 2167 1029 2230 ipsos
1056 2167 1208 2217 ferinis
1232 2173 1395 2217 morti·

123 2240 207 2287 bus
231 2236 516 2304 appetentes,
544 2242 785 2305 posteaque
810 2259 1027 2307 pauperes
1056 2244 1104 2290 &
1129 2243 1292 2290 divites
1320 2243 1395 2290 in-

125 2313 348 2362 discrete:
380 2331 475 2362 non
511 2328 561 2361 ut
596 2315 824 2379 Cibyratae
859 2314 924 2361 illi
958 2315 1161 2372 Verrini,
1196 2316 1404 2370 tribunal

125 2384 255 2432 unius
283 2385 413 2448 legati
439 2387 705 2444 lambentes,
727 2387 802 2434 sed
823 2386 1078 2450 reipublicae
1104 2389 1298 2435 membra
1322 2402 1394 2435 teo

125 2459 212 2507 tius
240 2475 318 2520 per
335 2459 574 2506 incidentia
602 2461 715 2506 mala
733 2472 961 2509 vexantes.
983 2463 1099 2508 Inter
1122 2477 1236 2524 quos
1268 2461 1393 2512 facile

186 2533 406 2581 Ammian.
426 2533 666 2580 Marcellin..
700 2535 793 2581 lf'olr
818 2535 853 2582 I.
1153 2532 1200 2578 D
