1626 2917
157 237 246 282 ¹74
301 187 304 190 ⁴
364 219 691 267 ΑΜΜΙΑΝῙ
726 218 1202 267 MARceLmNi

147 326 319 376 miseris
351 327 599 382 consitum,
625 324 885 387 Meiacarire
914 326 1098 373 nomine
1132 325 1426 384 venissemusg

147 402 225 450 cui
257 402 403 448 fontes
425 400 584 445 dedere
604 399 879 446 vocabulum
907 400 1038 462 gelidi
1062 435 1076 455 ‚
1102 400 1227 460 lapsis
1254 401 1424 447 accolis

151 475 363 521 omnibus
382 509 394 529 ‚
417 471 560 518 solum
590 471 637 519 in
667 485 846 518 remoto
869 471 1028 519 secessu
1060 473 1266 519 latentem
1293 473 1426 519 inve-

148 549 296 595 nimus
328 547 513 594 militem
537 565 547 592 τ
569 545 647 609 qui
675 547 851 593 oblatus
877 546 1005 603 duci,
1029 548 1077 594 &
1098 547 1277 595 locutus
1302 536 1427 594 varia

147 640 241 685 prae
260 622 448 676 timore,
478 621 671 682 ideoque
698 618 938 682 suspectus,
961 619 1164 682 adigente
1186 633 1327 677 metu,
1347 618 1424 681 qui

146 694 478 750 intentabatur,
497 694 652 755 pandit
673 709 819 739 rerum
843 692 1056 755 integram
1077 691 1209 738 fidem
1230 711 1240 739 :
1269 692 1428 738 docet-

147 783 260 828 que,
282 765 407 826 quod
425 766 540 828 apud
569 764 757 811 Parisios
787 777 912 812 natus
939 764 983 810 in
1005 763 1188 818 Galliis,
1221 765 1270 810 &
1290 777 1427 825 eque·

147 839 225 884 firi
252 837 446 884 militans
474 849 649 893 turma,
678 836 922 882 vindiffltm
951 835 1180 897 quondam
1209 833 1429 880 commisii

147 909 365 957 facinoris
400 910 560 955 timens
578 943 590 960 ,
620 909 671 954 ad
691 908 836 956 Persas
854 908 1020 954 abierat
1040 906 1282 970 profugus3
1302 905 1429 955 exin·

150 985 293 1046 <leque
321 998 499 1028 morum
531 980 756 1043 probitate
791 981 977 1043 speftata
1009 980 1163 1026 sortita
1203 978 1431 1042 conjuge,

148 1053 386 1117 liberisque
415 1052 621 1115 susceptis
637 1088 650 1110 ‚
668 1052 991 1115 speculatorem
1018 1054 1060 1100 se
1077 1053 1250 1100 missum
1273 1053 1327 1099 ad
1345 1069 1430 1099 no-

149 1127 235 1173 stra
253 1163 267 1184 ,
303 1126 416 1188 saepe
445 1141 581 1171 veros
608 1126 790 1172 nuntios
819 1127 1070 1188 reportasse.
1094 1129 1153 1173 At
1186 1143 1308 1172 nunc
1330 1125 1372 1172 se
1402 1141 1430 1171 a

150 1200 423 1262 Tamsapore
457 1200 506 1246 &
538 1199 786 1245 Nohodare
809 1199 1100 1261 optimatibus
1127 1198 1328 1254 miffum,
1350 1196 1429 1260 qui

149 1287 351 1320 catervas
377 1272 667 1319 duetaverant
698 1272 998 1332 praedatorum
1017 1308 1030 1328 ,
1065 1272 1117 1318 ad
1151 1287 1230 1318 eos
1254 1269 1429 1328 redire,

149 1363 251 1409 quae
270 1344 484 1391 didicerat
497 1378 511 1401 ‚
531 1343 818 1406 perlaturum.
839 1343 941 1390 Post
962 1345 1057 1390 haec
1075 1379 1088 1400 ,
1111 1343 1310 1403 adjeffis,
1328 1359 1429 1406 quae

149 1417 222 1480 agi
252 1416 297 1462 in
324 1430 448 1479 parte
482 1414 658 1461 diversa
685 1428 846 1472 norat,
877 1415 1115 1463 occiditur.
1137 1416 1331 1462 Proinde
1351 1432 1429 1462 cu-

148 1507 298 1538 rarum
336 1489 560 1537 crescente
601 1487 933 1547 sollicitudine,
970 1488 1074 1535 inde
1103 1489 1292 1552 paffibus
1328 1488 1430 1536 citis

149 1563 357 1610 Amidam
392 1577 475 1624 pro
503 1561 718 1623 temporis
754 1561 888 1624 copia
926 1562 1166 1620 venimus,
1195 1561 1428 1608 civitatem
1474 1553 1477 1557 ’

149 1636 302 1700 postea
326 1635 485 1682 secutis
519 1635 718 1683 cladibus
747 1635 959 1683 inclitam.
989 1638 1101 1696 Quo
1130 1635 1317 1682 reverfis
1348 1651 1429 1682 ex-

150 1710 456 1774 ploratoribus
483 1709 644 1756 nostris
666 1744 680 1766 ‚
703 1709 749 1755 in
783 1710 957 1774 vaginae
996 1709 1181 1755 internis
1218 1721 1429 1756 notarum

151 1785 306 1849 figuris
334 1785 635 1835 membranam
662 1783 907 1848 reperimus
934 1783 1139 1845 scriptam
1163 1819 1176 1840 ,
1199 1800 1224 1829 a
1251 1784 1428 1829 Proco-

152 1860 233 1920 pio
261 1861 315 1906 ad
341 1875 425 1907 nos
462 1858 648 1922 perferri
680 1858 955 1915 mandatam,
984 1873 1116 1921 quem
1147 1857 1338 1920 legatum
1372 1849 1428 1902 ad

151 1932 299 1978 Persas
333 1944 461 1978 antea
490 1931 662 1977 miffu'm
698 1947 799 1976 cum
829 1930 996 1977 comite
1029 1929 1280 1976 Lucilliano
1314 1945 1431 1990 prae-

153 2005 279 2052 dixi:
308 2006 402 2052 baec
433 2005 642 2051 consulto
674 2004 906 2051 obscurius
943 2003 1211 2049 indicantem
1231 2037 1244 2058 ‚
1270 2018 1325 2047 ne
1351 2018 1430 2048 ca-

154 2078 242 2140 ptis
268 2076 427 2138 bajulis
446 2113 459 2134 ,
496 2076 710 2139 sensuque
730 2075 957 2122 intelleElo
989 2073 1281 2135 scriptorum,
1303 2073 1429 2118 exci-

154 2164 322 2196 taretur
343 2151 521 2197 materia
550 2149 857 2196 funestiffima:
877 2149 1138 2194 Amandasis
1152 2152 1302 2208 procul
1316 2148 1432 2193 Gra-

147 2225 291 2282 jorum
319 2227 465 2286 legatis
481 2259 493 2278 ‚
515 2223 697 2287 fhfican
718 2221 759 2267 δ’
778 2222 998 2277 necandis,
1030 2238 1101 2264 rex
1121 2224 1327 2280 longaevns
1343 2237 1431 2264 nort

157 2314 366 2344 contentus
406 2297 672 2356 Hellesponto
697 2330 711 2352 ,
745 2295 904 2350 jum-‘lis
937 2294 1113 2338 Granici
1151 2290 1194 2337 ὃ*
1228 2294 1431 2352 Ryndaci

151 2372 386 2431 pontibus,
422 2368 571 2432 Asiam
609 2387 698 2414 cum
742 2366 961 2431 numerosis
988 2367 1155 2426 populis
1185 2364 1431 2424 pervqfitrus

159 2447 351 2490 adveniet
366 2479 379 2497 ,
393 2444 542 2505 ficopte
565 2444 731 2504 ingenio
766 2444 980 2488 irritabilis
1001 2439 1043 2486 ὃ*
1066 2440 1333 2500 asperrimus,
1353 2456 1430 2483 au-

158 2519 257 2563 Hore
291 2514 335 2562 δ’
368 2517 570 2577 incensore
605 2516 821 2563 Hadriani
847 2518 1055 2576 quondam
1087 2514 1274 2559 Romani
1305 2512 1430 2573 prin·
