1626 2917
184 245 266 276 102
391 229 723 273 AMMIANI
771 228 1250 276 MARCELLINI

185 335 447 390 Alamanni,
480 332 777 396 vagantesque
812 333 974 391 fufius,
1002 334 1287 381 multitudine
1315 336 1452 398 gemi-

178 421 279 454 nata
313 408 595 461 nostrorum,
624 406 808 468 forcipis
847 407 989 469 specie
1025 408 1128 454 trufi
1163 409 1207 453 in
1240 409 1455 471 angustias

179 483 468 528 caederentur.
497 483 618 528 Dum
646 482 737 527 baec
760 495 904 528 tamen
926 483 1007 528 rite
1033 482 1235 545 disposita
1255 483 1455 529 celeran-

179 566 273 612 tur,
293 555 379 600 laeti
399 555 573 601 barbari
601 555 654 600 ad
673 555 932 617 tempestiva
954 556 1066 603 furta
1089 556 1285 603 sollertes
1300 594 1314 614 ,
1342 557 1456 602 inter

178 629 407 691 utriusque
432 628 652 675 exercitus
675 629 808 675 castra
827 629 1006 675 occulte
1037 629 1306 692 transgressi,
1327 630 1453 675 inva-

179 700 270 746 sere
301 702 564 765 Lugdunum
593 701 812 748 incautam
835 718 844 746 :
866 718 1052 763 eamque
1080 703 1336 764 populatam
1362 701 1455 747 nisu

179 775 334 821 valido
356 775 710 823 concremassent
723 812 736 833 ,
755 776 801 820 ni
821 775 973 822 clausis
991 776 1181 822 aditibus
1198 776 1454 838 repercuffi,

177 848 395 911 quidquid
413 862 536 895 extra
556 848 772 911 oppidum
797 848 947 910 potuit
965 848 1159 894 inveniri
1174 884 1186 905 ,
1210 848 1456 894 vastassent.

180 922 284 981 Qua
306 922 429 968 clade
454 921 636 985 cognita
651 954 664 977 ‚
687 922 788 984 agili
810 921 954 968 studio
984 921 1130 968 Caesar
1154 921 1284 967 miffis
1304 922 1456 968 cuneis

178 993 319 1040 tribus
338 994 537 1057 equitum
558 994 871 1057 expeditorum
892 995 941 1040 &
959 993 1148 1040 fortium
1165 1029 1179 1051 ,
1200 993 1283 1039 tria
1303 992 1456 1039 obser-

178 1065 310 1111 vavit
330 1065 509 1124 itinera,
531 1066 696 1122 sciens,
715 1083 792 1128 per
812 1083 861 1112 ea
880 1079 1117 1129 erupturos
1139 1068 1298 1130 procul
1314 1067 1456 1114 dubio

176 1138 435 1202 grassatores
457 1155 467 1184 t
492 1155 573 1185 nec
603 1152 790 1186 conatus
810 1138 957 1185 irritus
978 1138 1076 1185 fuit.
1106 1139 1287 1186 Cunffis
1309 1140 1424 1186 enim
1439 1176 1456 1199 ,

177 1211 253 1273 qui
282 1227 359 1271 per
381 1227 459 1257 eos
491 1211 688 1258 tramites
713 1212 861 1257 exiere
877 1247 890 1268 ,
911 1211 1127 1258 truncatis
1147 1247 1159 1269 ,
1187 1226 1455 1276 receptaque

175 1283 324 1344 praeda
353 1282 478 1329 omni
508 1282 697 1340 intacta,
727 1283 773 1329 hi
802 1282 882 1328 soli
914 1282 1090 1328 innoxii
1119 1283 1309 1330 absoluti
1331 1283 1453 1341 sunt,

175 1354 253 1416 qui
286 1371 363 1415 per
399 1355 570 1401 vallum
602 1355 878 1402 Barbationis
914 1355 1120 1402 tranfiere
1151 1356 1318 1403 securi:
1349 1359 1454 1404 ideo

175 1428 264 1473 labi
285 1429 502 1490 permissi,
521 1430 646 1492 quod
666 1428 973 1476 Bainobaudes
994 1428 1197 1476 tribunus
1217 1432 1265 1477 δέ
1284 1432 1455 1477 Valen-

176 1500 369 1548 tinianus
391 1502 539 1564 postea
559 1504 806 1564 Imperator
823 1538 837 1561 ,
857 1519 958 1550 cum
977 1502 1251 1565 equestribus
1271 1505 1456 1563 turmis,

175 1592 285 1638 quas
305 1575 540 1637 regebant,
561 1575 614 1621 ad
635 1573 965 1638 exsequendum
985 1574 1030 1620 id
1050 1574 1268 1630 ordinati,
1284 1593 1306 1622 a
1328 1575 1453 1624 Cella

175 1652 358 1697 tribuno
382 1650 672 1698 scutariorum
691 1685 703 1706 ,
725 1649 801 1712 qui
819 1648 1076 1695 Barbationi
1101 1648 1291 1696 sociatus
1311 1667 1454 1696 vene-

174 1739 238 1771 rat
264 1727 315 1771 ad
344 1724 623 1787 procinctum
638 1761 651 1782 ,
673 1724 755 1770 iter
778 1722 1015 1770 observare
1035 1723 1132 1769 sunt
1156 1725 1314 1781 vetiti,
1334 1726 1453 1772 unde

174 1799 396 1845 redituros
427 1797 622 1844 didicere
649 1799 914 1843 Germanos.
952 1797 1062 1855 Quo
1091 1811 1183 1841 non
1213 1811 1452 1845 contentus

173 1872 376 1934 magister
396 1873 592 1934 peditum
611 1872 820 1934 ignavus,
837 1871 884 1916 &
905 1869 1147 1932 gloriarum
1168 1869 1327 1914 Juliani
1347 1887 1450 1932 per-

174 1945 305 1990 vicax
325 1946 612 2000 obtrectator,
628 1944 782 1999 sciens,
799 1942 838 1988 se
856 1942 899 1987 id
920 1938 1076 1988 ¹contra
1097 1941 1335 1988 utilitatem
1352 1944 1450 1989 Ro-

172 2035 345 2063 manam
378 2018 534 2078 juffiffe
570 2017 689 2082 (hoc
724 2017 842 2064 enim
877 2034 976 2064 cum
1007 2030 1289 2080 argueretur,
1321 2017 1447 2064 Cella

171 2090 396 2136 cont'essiis
413 2089 504 2153 est)
525 2091 738 2136 relatione
761 2089 914 2135 fefellit
933 2087 1272 2135 Constantium:
1292 2087 1447 2134 finxit·

169 2179 257 2223 que
278 2163 359 2207 hos
394 2162 568 2208 eosdem
608 2163 814 2209 tribunos
839 2163 891 2207 ad
915 2160 1223 2207 sollicitandos
1259 2161 1446 2217 milites,

170 2249 286 2296 quos
318 2235 505 2281 <luxerat
521 2272 533 2291 ,
554 2252 631 2298 per
653 2236 840 2297 speciem
868 2233 1032 2280 veniss‘e
1058 2233 1228 2296 negotii
1250 2233 1445 2295 publici:

169 2323 255 2369 qua
280 2308 425 2363 causa,
459 2310 670 2370 abrogata
695 2308 909 2370 potestate
935 2308 987 2353 ad
1015 2307 1125 2352 lares
1155 2307 1322 2352 rediere
1352 2307 1446 2368 pri-

170 2382 279 2427 vati.
313 2380 465 2426 lisdem
503 2381 655 2427 diebus
694 2381 969 2428 exercituum
1000 2381 1192 2425 adventu
1223 2379 1443 2442 perterriti

169 2452 369 2510 barbari,
392 2455 464 2516 qui
504 2454 730 2500 domicilia
763 2453 899 2500 fixere
936 2454 1000 2500 cis
1024 2454 1253 2509 Rhenum,
1280 2453 1441 2515 partim

166 2524 367 2571 difficiles
395 2526 517 2586 vias,
546 2530 594 2575 &
624 2526 772 2589 suapte
804 2541 959 2574 natura
989 2523 1180 2572 clivosas
1211 2524 1441 2572 concaedi-
