1626 2917
211 222 301 280 236
420 219 747 266 AMMIANI
783 219 1256 267 MARCELLINI

208 329 398 373 Rhenum
435 329 586 372 editam
625 328 885 372 barbarorum
911 331 1170 388 progeniem,
1202 331 1268 372 vel
1296 341 1392 371 certe
1424 344 1477 371 ex

207 401 405 445 dedititiis
419 434 433 457 ‚
449 403 519 460 qui
542 402 602 444 ad
616 399 748 464 nostra
768 398 1004 461 desciscunt.
1032 397 1073 446 δ’
1093 401 1172 445 lzaec
1190 399 1371 459 adusque
1389 401 1479 443 exi-

207 489 292 519 tum
314 474 406 517 vitae
438 491 499 516 me
520 472 712 532 spondeo
736 489 822 516 non
855 474 977 517 modo
1003 487 1121 533 grato
1151 475 1317 529 animo,
1344 489 1480 516 verum

208 547 358 606 cupido
380 564 547 606 quoque,
562 546 789 604 facturum.
817 545 1034 603 PraeftHos
1059 547 1274 605 praetorio,
1296 548 1484 604 aequitate

207 615 250 662 δ’
271 619 425 662 meritis
455 634 602 671 notos,
631 634 707 664 tua
737 619 858 662 nobis
884 618 1004 662 dabit
1036 619 1245 662 clementia
1263 632 1279 660 .·
1302 615 1481 679 refiduos

207 693 443 737 ordinarios
460 691 655 748 judices,
681 691 912 751 militiaeque
940 692 1208 736 moderatores
1229 708 1482 752 promoven·

208 769 285 812 dos
309 769 481 812 arbitrio
510 785 597 812 meo
631 768 794 812 concedi
823 765 876 831 est
903 765 1236 824 consentaneum,
1268 766 1483 824 itidemque

195 841 427 906 stipatores.
448 842 630 885 Stultum
648 839 700 905 est
730 840 837 884 enim
851 872 865 895 ,
885 856 974 884 cum
999 851 1093 882 ante
1114 837 1246 881 caveri
1261 835 1410 898 poffit‚
1434 854 1484 881 ne

195 915 282 971 fiat
297 948 310 971 ,
338 931 405 959 eos
435 916 495 959 ad
512 917 624 959 latus
650 913 914 973 Imperatoris
933 909 1109 971 adscisci
1126 943 1139 965 ,
1161 926 1329 968 quorum
1355 925 1485 953 mores

208 989 453 1046 ignorantur
469 983 511 1031 δ’
535 988 778 1031 voluntates.
798 983 895 1029 Hoc
898 983 1006 1043 sane
1011 981 1106 1045 sine
1122 983 1208 1026 ulla
1229 982 1485 1025 dubitatione

198 1058 453 1115 firmaverim
476 1074 492 1102 .·
527 1060 676 1102 tirones
702 1060 761 1101 ad
783 1058 999 1117 peregrina
1033 1053 1075 1101 δ’
1102 1056 1327 1115 longinqua
1364 1053 1486 1098 Galli

211 1131 362 1175 mittere
378 1164 390 1186 ‚
411 1134 608 1175 diuturna
627 1132 932 1190 perturbatione
954 1128 1183 1193 casibusque
1211 1127 1356 1173 vexati
1384 1143 1485 1188 gra-

214 1202 408 1265 viffimis,
436 1222 506 1249 nec
513 1205 666 1264 sponte
679 1204 766 1264 sua
785 1218 1000 1264 poterunt,
1026 1220 1096 1247 nec
1122 1203 1247 1247 coam
1258 1236 1274 1257 ,
1303 1219 1353 1246 ne
1384 1217 1486 1245 con-

200 1275 348 1333 fiemta
362 1279 525 1336 penitus
542 1276 759 1333 juventute
772 1311 785 1334 ,
804 1292 851 1322 ut
874 1275 1115 1339 affliguntur
1128 1278 1330 1336 praeterita
1356 1293 1486 1321 recor-

213 1351 390 1405 dantes,
425 1352 486 1395 ita
519 1351 794 1410 desperatione
824 1365 992 1410 pereant
1028 1351 1362 1410 impendentium.
1401 1350 1487 1393 Nec

214 1423 425 1468 Partlzicis
443 1424 631 1484 gentibus
659 1425 905 1483 apponenda
926 1423 1096 1467 auxilia
1122 1423 1217 1466 hinc
1243 1422 1367 1465 acciri
1388 1437 1488 1464 con-

213 1497 368 1549 veniet,
385 1514 476 1541 cum
497 1497 633 1541 adhuc
653 1514 724 1541 nec
746 1496 950 1543 barbarici
956 1495 1050 1559 stnt
1068 1498 1239 1556 impetus
1256 1494 1489 1558 interclusi,

213 1566 258 1613 δ’
273 1569 345 1632 (fi
358 1569 460 1625 dici,
478 1571 592 1629 quod
605 1587 740 1614 verum
760 1571 827 1636 est,
842 1566 1025 1628 pateris)
1045 1569 1104 1612 lue
1115 1566 1347 1628 provinciae
1364 1567 1490 1611 malis

207 1642 373 1698 jaflasae
415 1643 655 1699 continuis,
684 1645 863 1688 externis
904 1644 1120 1703 indigeant
1157 1640 1411 1696 adjumentis
1445 1637 1489 1685 6‘

205 1714 403 1771 sortibus.
435 1717 538 1760 Haec
557 1704 762 1760 hortando
777 1749 789 1771 ,
812 1731 858 1761 ut
876 1715 1024 1774 aestimo
1039 1749 1052 1771 ‚
1095 1715 1305 1760 ulutan'ter
1309 1712 1463 1775 scripsi
1471 1747 1489 1769 ,

208 1786 380 1846 poscens
404 1784 446 1831 δ’
468 1805 633 1848 rogans.
660 1791 759 1833 Scio
788 1791 894 1834 enim
909 1823 923 1845 ‚
942 1789 1036 1849 scio
1053 1822 1067 1845 ‚
1091 1807 1139 1832 ne
1164 1789 1266 1847 quid
1275 1787 1490 1848 sublatius

216 1863 353 1904 dicam
381 1879 472 1906 cum
501 1863 668 1921 imperio
692 1879 944 1922 congruens,
969 1879 1073 1922 quas
1094 1879 1220 1906 rerum
1253 1863 1489 1906 acerbitates

212 1930 306 1986 jam
342 1937 622 1978 conclamatas
657 1929 699 1977 δ’
724 1934 940 1992 perditas,
967 1934 1184 1976 concordia
1214 1930 1384 1992 viciffi'm
1400 1931 1490 1994 fibi

218 2004 441 2048 cedentium
453 2006 689 2064 principum
713 2006 911 2049 meliorem
929 2004 1132 2049 revocavit
1146 2005 1191 2048 in
1193 2003 1349 2066 statum
1365 2019 1380 2046 .·
1401 2020 1490 2047 cum

219 2093 416 2136 appareat
429 2077 635 2134 majorum
648 2081 831 2138 exemplo
848 2078 1086 2143 nostrorum,
1104 2078 1390 2130 moderatores,
1409 2077 1490 2122 lz-aec

219 2147 433 2213 &similia
449 2152 695 2211 cogitantes,
706 2149 922 2209 fortunate
943 2151 1123 2208 beateque
1140 2149 1311 2192 vivendi
1327 2150 1491 2206 reperire

172 2219 203 2247 Ψ
218 2222 523 2278 quodammodo
560 2225 704 2279 viam,
747 2221 789 2269 ὅ*
821 2225 969 2268 ultimo
1001 2223 1170 2281 tempori
1196 2220 1493 2283 posteritatique

211 2294 445 2348 jucundam
455 2296 533 2355 sui
551 2300 787 2343 memoriam
809 2299 1103 2342 commendare.
1133 2294 1213 2340 His
1232 2292 1367 2339 literis
1386 2291 1491 2354 jun-

217 2368 308 2415 &as
327 2368 584 2418 secretiores
603 2372 707 2418 alias
729 2370 998 2426 Constantio
1016 2369 1265 2416 offerendas
1283 2367 1491 2415 clanculo

219 2441 361 2497 mifit‚
392 2442 718 2508 objurgatorias
745 2446 795 2492 &
828 2445 1084 2492 mordaces:
1114 2460 1302 2508 quarum
1336 2441 1491 2488 seriem

222 2533 304 2567 nec
322 2515 503 2566 scrutari
526 2518 671 2577 licuit,
691 2534 789 2579 nec,
810 2517 842 2565 sx
861 2517 1045 2568 licuisset
1055 2553 1073 2577 ,
1091 2515 1292 2582 proferre
1312 2514 1493 2563 decebat
