1626 2917
266 183 487 236 RERUM
519 187 869 235 GESTARUM.
897 184 1001 236 ΠΒ,
1027 185 1191 237 XVIII.
1280 193 1360 237 151

88 289 271 343 {tudiciis
291 307 472 357 app-aret
486 329 499 352 ‚
519 311 570 341 ea
590 292 843 356 tempestate
863 293 1045 341 utilitati
1067 294 1256 358 publicae
1277 313 1370 344 me⁶

96 379 146 415 tu
165 367 376 414 barbaros
395 367 612 425 obediffe,
632 368 814 414 restoris
834 368 1253 415 amore'Romanos.
1282 370 1369 416 Re-

96 457 172 504 ges
192 457 248 486 ex
267 441 397 503 pa&o
425 439 660 503 superioris
684 440 788 487 anni
818 440 1015 488 aedificiis
1044 440 1204 489 habilia
1229 443 1371 489 multa

96 511 185 560 suis
214 512 368 559 misere
400 513 649 576 carpentis:
679 516 727 561 &
759 514 979 560 auxiliarii
1012 515 1171 562 milites
1202 515 1372 578 semper

96 587 249 634 munia
275 586 525 649 spernentes
555 585 834 650 hujusmodi,
855 588 908 632 ad
937 587 1211 651 obsequendi
1243 588 1372 636 sedu-

97 657 267 705 litatem
298 661 459 707 Juliani
492 659 714 706 blanditiis
745 659 936 714 deflexi,
970 660 1374 724 quinquagenarias

98 730 416 796 longioresque
434 734 636 780 materias
656 749 815 779 vexere
839 733 1091 785 cervicibus
1114 734 1344 798 ingravate
1359 769 1376 794 ,

99 808 153 855 &
180 806 425 854 fabricandi
456 807 708 854 ministeriis
737 822 871 869 opem
901 806 1139 852 maximam
1170 807 1377 855 contule-

99 892 224 927 runt.
240 881 358 940 Quae
377 882 480 927 dum
500 879 697 944 diligenti
716 891 993 926 maturantur
1010 878 1190 937 effeE’ffl,
1212 881 1380 927 Hario-

101 951 282 1010 baudes,
301 954 542 1016 exploratis
561 953 788 1009 omnibuS,
808 951 963 1008 rediit,
985 952 1231 1016 docuitque
1251 969 1380 1001 com-

100 1040 240 1090 perta.
261 1027 363 1074 Post
383 1026 506 1089 cujus
526 1027 770 1074 adventum
797 1025 990 1072 incitatis
1020 1025 1194 1073 viribus
1219 1043 1380 1074 omnes

99 1118 268 1148 venere
286 1102 627 1166 Mogontiacum
649 1118 659 1147 :
685 1100 764 1147 ubi
787 1099 1018 1146 Florentio
1048 1102 1097 1148 &
1120 1101 1381 1164 Lupicino,

97 1174 256 1221 Severi
277 1173 521 1222 successore
535 1208 549 1230 ‚
570 1171 782 1219 destinate
806 1171 1076 1218 certantibus
1096 1188 1173 1232 per
1191 1184 1382 1234 pontem

97 1244 191 1292 :illic
230 1245 524 1293 constitutum
557 1244 731 1290 transiri
765 1243 955 1300 debere,
992 1243 1265 1290 renitebatur
1303 1244 1379 1291 firo

100 1318 288 1366 miffime
314 1317 492 1374 Caesar,
514 1315 699 1362 afferens
722 1327 981 1378 pacatorum
1011 1327 1149 1360 terras
1177 1333 1273 1362 non
1299 1317 1382 1366 de·-v

100 1392 207 1440 bere
228 1391 411 1449 calcari,
432 1406 486 1436 ne
500 1426 512 1445 ‚
534 1402 582 1435 ut
613 1388 726 1451 saepe
755 1389 948 1451 contigit
968 1405 1047 1450 per
1067 1386 1382 1437 incivilitatem

101 1463 256 1511 militis
284 1462 569 1510 occurrentia
593 1462 801 1509 vastantis
817 1499 828 1519 ,
850 1462 1036 1522 abrupte
1061 1461 1230 1509 foedera
1257 1463 1382 1510 fran-

101 1546 325 1598 gerentur.
363 1533 599 1580 Alamanni
635 1547 782 1580 tamen
824 1550 982 1579 omnes
998 1569 1011 1590 ,
1046 1550 1161 1596 quos
1200 1535 1381 1597 petebat

104 1607 355 1665 exercituS,
390 1605 845 1669 confinepericulum
883 1607 1162 1670 cogitantes,
1192 1609 1386 1656 Suoma-

103 1682 220 1729 rium
253 1697 399 1744 regem
434 1680 626 1727 amicum
658 1680 791 1726 nobis
824 1697 879 1725 ex
914 1679 1120 1741 pacffione
1156 1682 1380 1743 praeterita
1444 1684 1446 1686 ’

105 1765 381 1801 monuerunt
410 1751 665 1811 minaciter,
685 1764 732 1798 ut
756 1770 779 1798 a
802 1751 980 1798 transitu
1000 1752 1235 1800 Romanos
1253 1771 1383 1801 arce·-

104 1839 186 1874 ret.
204 1823 322 1888 'Ejus
343 1825 460 1872 enim
484 1826 586 1889 pagi
611 1826 757 1872 Rheni
780 1825 886 1888 ripis
917 1825 1204 1873 ulterioribus
1231 1828 1381 1874 adhae„

105 1903 275 1950 rebant.
295 1903 408 1962 Quo
428 1901 635 1958 testante,
656 1901 850 1948 refistere
870 1900 1011 1947 solum
1039 1918 1134 1947 non
1157 1903 1278 1964 poffe
1299 1921 1310 1951 ε
1331 1905 1380 1951 in

105 1992 245 2023 unum
266 1975 418 2022 coaeta
447 1974 675 2021 barbarica
697 1974 938 2021 multitudo
965 1975 1090 2022 venit
1110 1992 1251 2038 prope
1271 1980 1381 2024 Mo-

105 2046 362 2111 gontiacum
380 2083 393 2103 ‚
415 2047 695 2110 prohibitura
722 2046 893 2093 viribus
917 2048 1085 2110 magnis
1105 2050 1350 2097 exercitum
1365 2085 1380 2109 ,

107 2137 165 2167 ne
190 2108 501 2166 t'ransmitteret
519 2119 699 2166 flumen.
727 2120 920 2170 Gemina
940 2121 1087 2183 itaque
1116 2122 1289 2169 ratione
1308 2125 1380 2171 vi-

107 2191 201 2238 sum
218 2191 278 2238 est
296 2191 469 2251 habile,
484 2194 608 2256 quod
628 2193 814 2240 suaserat
834 2193 982 2241 Caesar
996 2230 1010 2251 ‚
1033 2210 1089 2240 ne
1115 2209 1380 2257 pacatorum

107 2279 239 2311 terrae
256 2278 651 2328 corrumperentur
663 2301 677 2324 ‚
694 2283 807 2314 neve
825 2267 1042 2314 renitente
1062 2271 1379 2332 pugnacifiima

109 2336 266 2399 plebe,
286 2353 401 2399 pons
429 2355 529 2385 cum
556 2338 801 2385 multorum
825 2339 1075 2386 discrimine
1092 2340 1378 2404 jungeretur,

110 2407 166 2455 iri
198 2409 243 2456 in
273 2410 424 2458 locum
460 2413 515 2458 ad
550 2411 956 2474 compaginandum
993 2427 1178 2476 pontem
1211 2416 1379 2478 aprili-io

110 2497 248 2529 mum.
285 2482 423 2542 Quod
457 2483 601 2530 hostes
632 2483 921 2540 sollertiffime
949 2487 1270 2549 contemplati,
1299 2501 1378 2552 per

171 2557 395 2605 Ammian.
424 2557 658 2607 Marcellin.
692 2558 737 2603 V
736 2560 785 2604 ol.
808 2559 846 2607 l,
1184 2563 1220 2606 1,
