<?xml version="1.0" encoding="UTF-8"?>
<!DOCTYPE html PUBLIC "-//W3C//DTD XHTML 1.0 Transitional//EN"
    "http://www.w3.org/TR/xhtml1/DTD/xhtml1-transitional.dtd">
<html xmlns="http://www.w3.org/1999/xhtml" xml:lang="en" lang="en">
 <head>
  <title>
</title>
<meta http-equiv="Content-Type" content="text/html;charset=utf-8" />
  <meta name='ocr-system' content='tesseract 3.04.00' />
  <meta name='ocr-capabilities' content='ocr_page ocr_carea ocr_par ocr_line ocrx_word'/>
</head>
<body>
  <div class='ocr_page' id='page_1' title='image "./rerumgestarumqui00ammiuoft_0135.png"; bbox 0 0 1626 2917; ppageno 0'>
   <div class='ocr_carea' id='block_1_1' title="bbox 306 176 1382 238">
    <p class='ocr_par' dir='ltr' id='par_1_1' title="bbox 306 176 1382 238">
     <span class='ocr_line' id='line_1_1' title="bbox 306 176 1382 238; baseline -0.008 -7"><span class='ocrx_word' id='word_1_1' title='bbox 306 184 525 231; x_wconf 84' lang='lat' dir='ltr'>RERUM</span> <span class='ocrx_word' id='word_1_2' title='bbox 556 182 897 228; x_wconf 86' lang='lat' dir='ltr'>GESTARUM</span> <span class='ocrx_word' id='word_1_3' title='bbox 926 179 1031 226; x_wconf 88' lang='lat' dir='ltr'><strong>LIB.</strong></span> <span class='ocrx_word' id='word_1_4' title='bbox 1060 176 1166 225; x_wconf 80' lang='lat' dir='ltr'>XV.</span> <span class='ocrx_word' id='word_1_5' title='bbox 1322 191 1382 238; x_wconf 93' lang='lat'>77</span> 
     </span>
    </p>
   </div>
   <div class='ocr_carea' id='block_1_2' title="bbox 80 284 1395 2536">
    <p class='ocr_par' dir='ltr' id='par_1_2' title="bbox 80 284 1395 2461">
     <span class='ocr_line' id='line_1_2' title="bbox 116 284 1389 354; baseline -0.006 -16"><span class='ocrx_word' id='word_1_6' title='bbox 116 309 217 340; x_wconf 86' lang='lat' dir='ltr'>rum</span> <span class='ocrx_word' id='word_1_7' title='bbox 235 326 249 350; x_wconf 90' lang='lat'>,</span> <span class='ocrx_word' id='word_1_8' title='bbox 283 291 445 354; x_wconf 90' lang='lat' dir='ltr'>quibus</span> <span class='ocrx_word' id='word_1_9' title='bbox 482 289 682 352; x_wconf 86' lang='lat' dir='ltr'>potiores</span> <span class='ocrx_word' id='word_1_10' title='bbox 716 287 813 333; x_wconf 86' lang='lat' dir='ltr'>sunt</span> <span class='ocrx_word' id='word_1_11' title='bbox 838 287 1011 332; x_wconf 83' lang='lat' dir='ltr'>Vienna</span> <span class='ocrx_word' id='word_1_12' title='bbox 1045 284 1136 348; x_wconf 90' lang='lat' dir='ltr'>ipsa</span> <span class='ocrx_word' id='word_1_13' title='bbox 1156 320 1169 343; x_wconf 91' lang='lat'>,</span> <span class='ocrx_word' id='word_1_14' title='bbox 1199 286 1249 332; x_wconf 82' lang='lat'>&amp;</span> <span class='ocrx_word' id='word_1_15' title='bbox 1273 287 1389 331; x_wconf 84' lang='lat' dir='ltr'>Are-</span> 
     </span>
     <span class='ocr_line' id='line_1_3' title="bbox 115 357 1389 425; baseline -0.006 -13"><span class='ocrx_word' id='word_1_16' title='bbox 115 365 202 412; x_wconf 84' lang='lat' dir='ltr'>late</span> <span class='ocrx_word' id='word_1_17' title='bbox 220 400 234 422; x_wconf 90' lang='lat'>,</span> <span class='ocrx_word' id='word_1_18' title='bbox 265 367 315 412; x_wconf 88' lang='lat'>&amp;</span> <span class='ocrx_word' id='word_1_19' title='bbox 337 363 568 411; x_wconf 87' lang='lat' dir='ltr'>Valentia:</span> <span class='ocrx_word' id='word_1_20' title='bbox 592 361 753 425; x_wconf 86' lang='lat' dir='ltr'>quibus</span> <span class='ocrx_word' id='word_1_21' title='bbox 784 359 969 406; x_wconf 78' lang='lat' dir='ltr'>Maffilia</span> <span class='ocrx_word' id='word_1_22' title='bbox 992 358 1187 422; x_wconf 85' lang='lat' dir='ltr'>jungitur</span> <span class='ocrx_word' id='word_1_23' title='bbox 1208 394 1222 414; x_wconf 90' lang='lat'>‚</span> <span class='ocrx_word' id='word_1_24' title='bbox 1261 357 1389 417; x_wconf 86' lang='lat' dir='ltr'>cujus</span> 
     </span>
     <span class='ocr_line' id='line_1_4' title="bbox 116 427 1388 485; baseline -0.007 0"><span class='ocrx_word' id='word_1_25' title='bbox 116 438 326 485; x_wconf 87' lang='lat' dir='ltr'>societate</span> <span class='ocrx_word' id='word_1_26' title='bbox 351 440 402 485; x_wconf 91' lang='lat'>&amp;</span> <span class='ocrx_word' id='word_1_27' title='bbox 427 436 599 483; x_wconf 86' lang='lat' dir='ltr'>viribus</span> <span class='ocrx_word' id='word_1_28' title='bbox 624 434 670 480; x_wconf 88' lang='lat' dir='ltr'>in</span> <span class='ocrx_word' id='word_1_29' title='bbox 699 431 1024 480; x_wconf 85' lang='lat' dir='ltr'>discriminibus</span> <span class='ocrx_word' id='word_1_30' title='bbox 1055 429 1200 477; x_wconf 79' lang='lat' dir='ltr'>arduis</span> <span class='ocrx_word' id='word_1_31' title='bbox 1229 427 1388 476; x_wconf 82' lang='lat' dir='ltr'>fultam</span> 
     </span>
     <span class='ocr_line' id='line_1_5' title="bbox 114 499 1389 573; baseline -0.009 -17"><span class='ocrx_word' id='word_1_32' title='bbox 114 509 352 573; x_wconf 83' lang='lat' dir='ltr'>aliquoties</span> <span class='ocrx_word' id='word_1_33' title='bbox 369 508 556 572; x_wconf 88' lang='lat' dir='ltr'>legimus</span> <span class='ocrx_word' id='word_1_34' title='bbox 574 507 781 552; x_wconf 84' lang='lat' dir='ltr'>Romam.</span> <span class='ocrx_word' id='word_1_35' title='bbox 806 503 888 549; x_wconf 88' lang='lat' dir='ltr'>His</span> <span class='ocrx_word' id='word_1_36' title='bbox 908 518 1047 566; x_wconf 85' lang='lat' dir='ltr'><strong>prope</strong></span> <span class='ocrx_word' id='word_1_37' title='bbox 1065 500 1253 547; x_wconf 81' lang='lat' dir='ltr'>Salluvii</span> <span class='ocrx_word' id='word_1_38' title='bbox 1272 499 1389 557; x_wconf 84' lang='lat' dir='ltr'>sunt,</span> 
     </span>
     <span class='ocr_line' id='line_1_6' title="bbox 114 573 1391 642; baseline -0.009 -13"><span class='ocrx_word' id='word_1_39' title='bbox 114 583 167 629; x_wconf 89' lang='lat'>&amp;</span> <span class='ocrx_word' id='word_1_40' title='bbox 195 583 345 629; x_wconf 84' lang='lat' dir='ltr'>Nicaea</span> <span class='ocrx_word' id='word_1_41' title='bbox 365 618 379 640; x_wconf 94' lang='lat'>,</span> <span class='ocrx_word' id='word_1_42' title='bbox 406 582 455 628; x_wconf 67' lang='grc' dir='ltr'>ὅ(</span> <span class='ocrx_word' id='word_1_43' title='bbox 479 579 732 642; x_wconf 86' lang='lat' dir='ltr'>Antipolis,</span> <span class='ocrx_word' id='word_1_44' title='bbox 761 576 1002 639; x_wconf 75' lang='lat' dir='ltr'>insulaeque</span> <span class='ocrx_word' id='word_1_45' title='bbox 1031 573 1300 621; x_wconf 85' lang='lat' dir='ltr'>Stoechades.</span> <span class='ocrx_word' id='word_1_46' title='bbox 1335 574 1391 618; x_wconf 86' lang='lat' dir='ltr'>Et</span> 
     </span>
     <span class='ocr_line' id='line_1_7' title="bbox 114 645 1391 718; baseline -0.01 -16"><span class='ocrx_word' id='word_1_47' title='bbox 114 655 330 718; x_wconf 88' lang='lat' dir='ltr'>quoniam</span> <span class='ocrx_word' id='word_1_48' title='bbox 366 655 420 701; x_wconf 85' lang='lat' dir='ltr'>ad</span> <span class='ocrx_word' id='word_1_49' title='bbox 454 654 531 700; x_wconf 89' lang='lat' dir='ltr'>has</span> <span class='ocrx_word' id='word_1_50' title='bbox 570 664 715 715; x_wconf 85' lang='lat' dir='ltr'>partes</span> <span class='ocrx_word' id='word_1_51' title='bbox 756 665 893 713; x_wconf 90' lang='lat' dir='ltr'>opere</span> <span class='ocrx_word' id='word_1_52' title='bbox 922 659 1143 695; x_wconf 84' lang='lat' dir='ltr'>contexto</span> <span class='ocrx_word' id='word_1_53' title='bbox 1178 645 1391 708; x_wconf 88' lang='lat' dir='ltr'>perveni-</span> 
     </span>
     <span class='ocr_line' id='line_1_8' title="bbox 115 718 1391 788; baseline -0.01 -12"><span class='ocrx_word' id='word_1_54' title='bbox 115 745 241 786; x_wconf 84' lang='lat' dir='ltr'>muS,</span> <span class='ocrx_word' id='word_1_55' title='bbox 265 728 388 775; x_wconf 80' lang='lat' dir='ltr'>silere</span> <span class='ocrx_word' id='word_1_56' title='bbox 418 726 546 788; x_wconf 89' lang='lat' dir='ltr'>super</span> <span class='ocrx_word' id='word_1_57' title='bbox 582 723 803 770; x_wconf 85' lang='lat' dir='ltr'>Rhodano</span> <span class='ocrx_word' id='word_1_58' title='bbox 824 757 838 780; x_wconf 87' lang='lat'>‚</span> <span class='ocrx_word' id='word_1_59' title='bbox 870 720 1054 768; x_wconf 87' lang='lat' dir='ltr'>maximi</span> <span class='ocrx_word' id='word_1_60' title='bbox 1087 719 1283 765; x_wconf 82' lang='lat' dir='ltr'>nominis</span> <span class='ocrx_word' id='word_1_61' title='bbox 1303 718 1391 764; x_wconf 84' lang='lat' dir='ltr'>flu—</span> 
     </span>
     <span class='ocr_line' id='line_1_9' title="bbox 115 791 1391 862; baseline -0.009 -15"><span class='ocrx_word' id='word_1_62' title='bbox 115 800 236 847; x_wconf 87' lang='lat' dir='ltr'>mine</span> <span class='ocrx_word' id='word_1_63' title='bbox 255 837 269 859; x_wconf 88' lang='lat'>,</span> <span class='ocrx_word' id='word_1_64' title='bbox 307 801 608 862; x_wconf 88' lang='lat' dir='ltr'>incongruum</span> <span class='ocrx_word' id='word_1_65' title='bbox 640 795 700 842; x_wconf 83' lang='lat' dir='ltr'>est</span> <span class='ocrx_word' id='word_1_66' title='bbox 719 831 732 854; x_wconf 90' lang='lat'>,</span> <span class='ocrx_word' id='word_1_67' title='bbox 763 797 812 842; x_wconf 90' lang='lat'>&amp;</span> <span class='ocrx_word' id='word_1_68' title='bbox 840 792 1092 839; x_wconf 88' lang='lat' dir='ltr'>absurdum.</span> <span class='ocrx_word' id='word_1_69' title='bbox 1122 794 1162 839; x_wconf 89' lang='lat' dir='ltr'>A</span> <span class='ocrx_word' id='word_1_70' title='bbox 1188 791 1391 838; x_wconf 77' lang='lat' dir='ltr'>Poeninis</span> 
     </span>
     <span class='ocr_line' id='line_1_10' title="bbox 117 862 1393 934; baseline -0.007 -17"><span class='ocrx_word' id='word_1_71' title='bbox 117 871 305 934; x_wconf 88' lang='lat' dir='ltr'>Alpibus</span> <span class='ocrx_word' id='word_1_72' title='bbox 334 871 538 917; x_wconf 81' lang='lat' dir='ltr'>effusiore</span> <span class='ocrx_word' id='word_1_73' title='bbox 570 869 699 931; x_wconf 87' lang='lat' dir='ltr'>copia</span> <span class='ocrx_word' id='word_1_74' title='bbox 725 865 919 912; x_wconf 85' lang='lat' dir='ltr'>fontium</span> <span class='ocrx_word' id='word_1_75' title='bbox 949 865 1198 910; x_wconf 82' lang='lat' dir='ltr'>Rhodanus</span> <span class='ocrx_word' id='word_1_76' title='bbox 1225 862 1393 920; x_wconf 83' lang='lat' dir='ltr'>fluens,</span> 
     </span>
     <span class='ocr_line' id='line_1_11' title="bbox 118 936 1393 1006; baseline -0.009 -15"><span class='ocrx_word' id='word_1_77' title='bbox 118 944 168 991; x_wconf 73' lang='grc' dir='ltr'>δε</span> <span class='ocrx_word' id='word_1_78' title='bbox 201 943 398 1006; x_wconf 88' lang='lat' dir='ltr'>proclivi</span> <span class='ocrx_word' id='word_1_79' title='bbox 431 943 600 1004; x_wconf 88' lang='lat' dir='ltr'>impetu</span> <span class='ocrx_word' id='word_1_80' title='bbox 626 940 680 986; x_wconf 89' lang='lat' dir='ltr'>ad</span> <span class='ocrx_word' id='word_1_81' title='bbox 711 938 916 1002; x_wconf 86' lang='lat' dir='ltr'>planiora</span> <span class='ocrx_word' id='word_1_82' title='bbox 956 936 1250 1000; x_wconf 83' lang='lat' dir='ltr'>degrediens,</span> <span class='ocrx_word' id='word_1_83' title='bbox 1283 952 1393 998; x_wconf 90' lang='lat' dir='ltr'>pro-</span> 
     </span>
     <span class='ocr_line' id='line_1_12' title="bbox 118 1009 1393 1080; baseline -0.005 -18"><span class='ocrx_word' id='word_1_84' title='bbox 118 1016 220 1079; x_wconf 88' lang='lat' dir='ltr'>prio</span> <span class='ocrx_word' id='word_1_85' title='bbox 253 1016 427 1080; x_wconf 85' lang='lat' dir='ltr'>agmine</span> <span class='ocrx_word' id='word_1_86' title='bbox 458 1016 576 1078; x_wconf 81' lang='lat' dir='ltr'>ripas</span> <span class='ocrx_word' id='word_1_87' title='bbox 607 1013 837 1070; x_wconf 90' lang='lat' dir='ltr'>occultat,</span> <span class='ocrx_word' id='word_1_88' title='bbox 873 1015 920 1060; x_wconf 90' lang='lat'>&amp;</span> <span class='ocrx_word' id='word_1_89' title='bbox 941 1011 1093 1074; x_wconf 90' lang='lat' dir='ltr'>paludi</span> <span class='ocrx_word' id='word_1_90' title='bbox 1123 1009 1210 1056; x_wconf 90' lang='lat' dir='ltr'>sese</span> <span class='ocrx_word' id='word_1_91' title='bbox 1240 1010 1393 1073; x_wconf 82' lang='lat' dir='ltr'>ingur-</span> 
     </span>
     <span class='ocr_line' id='line_1_13' title="bbox 116 1083 1393 1153; baseline -0.004 -19"><span class='ocrx_word' id='word_1_92' title='bbox 116 1090 224 1153; x_wconf 85' lang='lat' dir='ltr'>gitat</span> <span class='ocrx_word' id='word_1_93' title='bbox 259 1088 442 1135; x_wconf 90' lang='lat' dir='ltr'>nomine</span> <span class='ocrx_word' id='word_1_94' title='bbox 467 1091 722 1147; x_wconf 87' lang='lat' dir='ltr'>Lemanno,</span> <span class='ocrx_word' id='word_1_95' title='bbox 750 1103 935 1150; x_wconf 88' lang='lat' dir='ltr'>eamque</span> <span class='ocrx_word' id='word_1_96' title='bbox 967 1086 1261 1140; x_wconf 84' lang='lat' dir='ltr'>intermeans,</span> <span class='ocrx_word' id='word_1_97' title='bbox 1289 1083 1393 1130; x_wconf 88' lang='lat' dir='ltr'>nus-</span> 
     </span>
     <span class='ocr_line' id='line_1_14' title="bbox 116 1157 1392 1225; baseline -0.002 -18"><span class='ocrx_word' id='word_1_98' title='bbox 116 1178 251 1225; x_wconf 90' lang='lat' dir='ltr'>quam</span> <span class='ocrx_word' id='word_1_99' title='bbox 273 1160 397 1224; x_wconf 87' lang='lat' dir='ltr'>aquis</span> <span class='ocrx_word' id='word_1_100' title='bbox 420 1159 627 1208; x_wconf 87' lang='lat' dir='ltr'>miscetur</span> <span class='ocrx_word' id='word_1_101' title='bbox 657 1161 852 1208; x_wconf 85' lang='lat' dir='ltr'>externis</span> <span class='ocrx_word' id='word_1_102' title='bbox 873 1178 883 1206; x_wconf 77' lang='lat' dir='ltr'><em>z</em></span> <span class='ocrx_word' id='word_1_103' title='bbox 903 1159 974 1206; x_wconf 90' lang='lat' dir='ltr'>sed</span> <span class='ocrx_word' id='word_1_104' title='bbox 1001 1158 1255 1206; x_wconf 87' lang='lat' dir='ltr'>altrinsecus</span> <span class='ocrx_word' id='word_1_105' title='bbox 1274 1157 1392 1205; x_wconf 85' lang='lat' dir='ltr'>sum-</span> 
     </span>
     <span class='ocr_line' id='line_1_15' title="bbox 115 1230 1392 1296; baseline -0.002 -16"><span class='ocrx_word' id='word_1_106' title='bbox 115 1233 288 1280; x_wconf 86' lang='lat' dir='ltr'>mitates</span> <span class='ocrx_word' id='word_1_107' title='bbox 334 1232 468 1279; x_wconf 84' lang='lat' dir='ltr'>undae</span> <span class='ocrx_word' id='word_1_108' title='bbox 507 1232 819 1295; x_wconf 85' lang='lat' dir='ltr'>praeterlabens</span> <span class='ocrx_word' id='word_1_109' title='bbox 858 1230 1107 1296; x_wconf 83' lang='lat' dir='ltr'>segnioris,</span> <span class='ocrx_word' id='word_1_110' title='bbox 1154 1230 1392 1292; x_wconf 77' lang='lat' dir='ltr'>quaeritans</span> 
     </span>
     <span class='ocr_line' id='line_1_16' title="bbox 114 1305 1392 1370; baseline -0.001 -17"><span class='ocrx_word' id='word_1_111' title='bbox 114 1306 264 1354; x_wconf 84' lang='lat' dir='ltr'>exitus</span> <span class='ocrx_word' id='word_1_112' title='bbox 282 1341 296 1363; x_wconf 90' lang='lat'><strong>‚</strong></span> <span class='ocrx_word' id='word_1_113' title='bbox 317 1307 438 1354; x_wconf 89' lang='lat' dir='ltr'>viam</span> <span class='ocrx_word' id='word_1_114' title='bbox 461 1306 541 1354; x_wconf 90' lang='lat' dir='ltr'>fibi</span> <span class='ocrx_word' id='word_1_115' title='bbox 558 1307 729 1370; x_wconf 91' lang='lat' dir='ltr'>impetu</span> <span class='ocrx_word' id='word_1_116' title='bbox 755 1305 910 1353; x_wconf 87' lang='lat' dir='ltr'>veloci</span> <span class='ocrx_word' id='word_1_117' title='bbox 927 1305 1126 1352; x_wconf 85' lang='lat' dir='ltr'>molitur.</span> <span class='ocrx_word' id='word_1_118' title='bbox 1148 1306 1281 1351; x_wconf 90' lang='lat' dir='ltr'>Unde</span> <span class='ocrx_word' id='word_1_119' title='bbox 1302 1306 1392 1352; x_wconf 83' lang='lat' dir='ltr'>fine</span> 
     </span>
     <span class='ocr_line' id='line_1_17' title="bbox 115 1378 1390 1442; baseline -0.002 -16"><span class='ocrx_word' id='word_1_120' title='bbox 115 1379 281 1442; x_wconf 72' lang='lat' dir='ltr'>ja&amp;ura</span> <span class='ocrx_word' id='word_1_121' title='bbox 314 1396 461 1426; x_wconf 90' lang='lat' dir='ltr'>rerum</span> <span class='ocrx_word' id='word_1_122' title='bbox 493 1396 572 1442; x_wconf 92' lang='lat' dir='ltr'>per</span> <span class='ocrx_word' id='word_1_123' title='bbox 599 1379 861 1441; x_wconf 83' lang='lat' dir='ltr'>Sapaudiam</span> <span class='ocrx_word' id='word_1_124' title='bbox 894 1378 1034 1424; x_wconf 87' lang='lat' dir='ltr'>fertur</span> <span class='ocrx_word' id='word_1_125' title='bbox 1065 1380 1113 1424; x_wconf 73' lang='grc' dir='ltr'>ὅ(</span> <span class='ocrx_word' id='word_1_126' title='bbox 1135 1378 1390 1440; x_wconf 81' lang='lat' dir='ltr'>Sequanos,</span> 
     </span>
     <span class='ocr_line' id='line_1_18' title="bbox 117 1450 1393 1514; baseline -0.002 -16"><span class='ocrx_word' id='word_1_127' title='bbox 117 1452 342 1514; x_wconf 86' lang='lat' dir='ltr'>longeque</span> <span class='ocrx_word' id='word_1_128' title='bbox 376 1451 623 1514; x_wconf 77' lang='lat' dir='ltr'>progressus</span> <span class='ocrx_word' id='word_1_129' title='bbox 654 1487 668 1510; x_wconf 92' lang='lat'>,</span> <span class='ocrx_word' id='word_1_130' title='bbox 703 1451 1002 1498; x_wconf 85' lang='lat' dir='ltr'>Viennensem</span> <span class='ocrx_word' id='word_1_131' title='bbox 1044 1450 1179 1496; x_wconf 90' lang='lat' dir='ltr'>latere</span> <span class='ocrx_word' id='word_1_132' title='bbox 1218 1450 1393 1497; x_wconf 79' lang='lat' dir='ltr'>sinistro</span> 
     </span>
     <span class='ocr_line' id='line_1_19' title="bbox 119 1521 1394 1588; baseline -0.002 -17"><span class='ocrx_word' id='word_1_133' title='bbox 119 1524 400 1588; x_wconf 84' lang='lat' dir='ltr'>perstringit,</span> <span class='ocrx_word' id='word_1_134' title='bbox 421 1524 580 1571; x_wconf 87' lang='lat' dir='ltr'>dextro</span> <span class='ocrx_word' id='word_1_135' title='bbox 610 1523 974 1587; x_wconf 79' lang='lat' dir='ltr'>Lugdunensem:</span> <span class='ocrx_word' id='word_1_136' title='bbox 999 1523 1048 1569; x_wconf 86' lang='lat'>&amp;</span> <span class='ocrx_word' id='word_1_137' title='bbox 1072 1521 1273 1568; x_wconf 85' lang='lat' dir='ltr'>emensus</span> <span class='ocrx_word' id='word_1_138' title='bbox 1297 1522 1394 1585; x_wconf 83' lang='lat' dir='ltr'>spa-</span> 
     </span>
     <span class='ocr_line' id='line_1_20' title="bbox 120 1595 1393 1660; baseline -0.001 -17"><span class='ocrx_word' id='word_1_139' title='bbox 120 1596 181 1643; x_wconf 88' lang='lat' dir='ltr'>tia</span> <span class='ocrx_word' id='word_1_140' title='bbox 199 1596 398 1643; x_wconf 83' lang='lat' dir='ltr'>flexuosa</span> <span class='ocrx_word' id='word_1_141' title='bbox 418 1633 430 1654; x_wconf 86' lang='lat'><strong>‚</strong></span> <span class='ocrx_word' id='word_1_142' title='bbox 453 1597 625 1643; x_wconf 87' lang='lat' dir='ltr'>Ararim</span> <span class='ocrx_word' id='word_1_143' title='bbox 648 1595 815 1660; x_wconf 89' lang='lat' dir='ltr'>(quem</span> <span class='ocrx_word' id='word_1_144' title='bbox 835 1597 1117 1642; x_wconf 83' lang='lat' dir='ltr'>Sauconnam</span> <span class='ocrx_word' id='word_1_145' title='bbox 1135 1595 1393 1660; x_wconf 87' lang='lat' dir='ltr'>appellant)</span> 
     </span>
     <span class='ocr_line' id='line_1_21' title="bbox 119 1668 1395 1733; baseline -0.001 -16"><span class='ocrx_word' id='word_1_146' title='bbox 119 1671 237 1718; x_wconf 81' lang='lat' dir='ltr'>inter</span> <span class='ocrx_word' id='word_1_147' title='bbox 265 1671 551 1717; x_wconf 82' lang='lat' dir='ltr'>Germaniam</span> <span class='ocrx_word' id='word_1_148' title='bbox 580 1669 769 1733; x_wconf 84' lang='lat' dir='ltr'>primam</span> <span class='ocrx_word' id='word_1_149' title='bbox 788 1668 998 1715; x_wconf 88' lang='lat' dir='ltr'>fluentem</span> <span class='ocrx_word' id='word_1_150' title='bbox 1019 1706 1034 1726; x_wconf 89' lang='lat'>,</span> <span class='ocrx_word' id='word_1_151' title='bbox 1064 1669 1191 1715; x_wconf 90' lang='lat' dir='ltr'>suum</span> <span class='ocrx_word' id='word_1_152' title='bbox 1226 1669 1273 1715; x_wconf 84' lang='lat' dir='ltr'>in</span> <span class='ocrx_word' id='word_1_153' title='bbox 1306 1687 1395 1716; x_wconf 84' lang='lat' dir='ltr'>no-</span> 
     </span>
     <span class='ocr_line' id='line_1_22' title="bbox 118 1741 1390 1807; baseline 0.001 -17"><span class='ocrx_word' id='word_1_154' title='bbox 118 1759 221 1790; x_wconf 88' lang='lat' dir='ltr'>men</span> <span class='ocrx_word' id='word_1_155' title='bbox 251 1742 418 1800; x_wconf 63' lang='lat' dir='ltr'>asciscit</span> <span class='ocrx_word' id='word_1_156' title='bbox 446 1761 457 1790; x_wconf 78' lang='lat' dir='ltr'>t</span> <span class='ocrx_word' id='word_1_157' title='bbox 488 1743 566 1807; x_wconf 88' lang='lat' dir='ltr'>qui</span> <span class='ocrx_word' id='word_1_158' title='bbox 597 1743 726 1789; x_wconf 87' lang='lat' dir='ltr'>locus</span> <span class='ocrx_word' id='word_1_159' title='bbox 768 1743 1007 1789; x_wconf 84' lang='lat' dir='ltr'>exordium</span> <span class='ocrx_word' id='word_1_160' title='bbox 1034 1742 1096 1788; x_wconf 86' lang='lat' dir='ltr'>est</span> <span class='ocrx_word' id='word_1_161' title='bbox 1128 1741 1390 1791; x_wconf 86' lang='lat' dir='ltr'>Galliarum.</span> 
     </span>
     <span class='ocr_line' id='line_1_23' title="bbox 119 1814 1391 1879; baseline 0 -17"><span class='ocrx_word' id='word_1_162' title='bbox 119 1815 380 1879; x_wconf 86' lang='lat' dir='ltr'>Exindeque</span> <span class='ocrx_word' id='word_1_163' title='bbox 419 1832 514 1862; x_wconf 91' lang='lat' dir='ltr'>non</span> <span class='ocrx_word' id='word_1_164' title='bbox 543 1815 734 1862; x_wconf 85' lang='lat' dir='ltr'>millenis</span> <span class='ocrx_word' id='word_1_165' title='bbox 764 1814 952 1877; x_wconf 78' lang='lat' dir='ltr'>pastibus</span> <span class='ocrx_word' id='word_1_166' title='bbox 978 1850 996 1873; x_wconf 84' lang='lat'>,</span> <span class='ocrx_word' id='word_1_167' title='bbox 1036 1814 1109 1860; x_wconf 91' lang='lat' dir='ltr'>sed</span> <span class='ocrx_word' id='word_1_168' title='bbox 1144 1815 1281 1878; x_wconf 86' lang='lat' dir='ltr'>leugis</span> <span class='ocrx_word' id='word_1_169' title='bbox 1315 1815 1391 1862; x_wconf 88' lang='lat' dir='ltr'>iti-</span> 
     </span>
     <span class='ocr_line' id='line_1_24' title="bbox 80 1888 1393 1951; baseline 0.001 -16"><span class='ocrx_word' id='word_1_170' title='bbox 80 1912 82 1915; x_wconf 93' lang='lat'>·</span> <span class='ocrx_word' id='word_1_171' title='bbox 119 1905 225 1935; x_wconf 88' lang='lat' dir='ltr'>nera</span> <span class='ocrx_word' id='word_1_172' title='bbox 261 1888 518 1936; x_wconf 86' lang='lat' dir='ltr'>metiuntur.</span> <span class='ocrx_word' id='word_1_173' title='bbox 548 1889 668 1936; x_wconf 91' lang='lat' dir='ltr'>Hinc</span> <span class='ocrx_word' id='word_1_174' title='bbox 698 1889 943 1936; x_wconf 88' lang='lat' dir='ltr'>Rhodanus</span> <span class='ocrx_word' id='word_1_175' title='bbox 963 1888 1086 1951; x_wconf 90' lang='lat' dir='ltr'>aquis</span> <span class='ocrx_word' id='word_1_176' title='bbox 1113 1889 1296 1937; x_wconf 89' lang='lat' dir='ltr'>advenis</span> <span class='ocrx_word' id='word_1_177' title='bbox 1323 1890 1393 1936; x_wconf 90' lang='lat' dir='ltr'>lo·</span> 
     </span>
     <span class='ocr_line' id='line_1_25' title="bbox 121 1961 1391 2026; baseline -0.002 -16"><span class='ocrx_word' id='word_1_178' title='bbox 121 1961 371 2025; x_wconf 88' lang='lat' dir='ltr'>cupletior,</span> <span class='ocrx_word' id='word_1_179' title='bbox 391 1963 519 2009; x_wconf 88' lang='lat' dir='ltr'>vehit</span> <span class='ocrx_word' id='word_1_180' title='bbox 534 1963 833 2026; x_wconf 83' lang='lat' dir='ltr'>grandiffimas</span> <span class='ocrx_word' id='word_1_181' title='bbox 853 1979 991 2009; x_wconf 89' lang='lat' dir='ltr'>naves</span> <span class='ocrx_word' id='word_1_182' title='bbox 1005 1998 1019 2018; x_wconf 90' lang='lat'>,</span> <span class='ocrx_word' id='word_1_183' title='bbox 1040 1974 1282 2008; x_wconf 87' lang='lat' dir='ltr'>ventorum</span> <span class='ocrx_word' id='word_1_184' title='bbox 1304 1962 1391 2008; x_wconf 82' lang='lat' dir='ltr'>dif-</span> 
     </span>
     <span class='ocr_line' id='line_1_26' title="bbox 119 2030 1390 2098; baseline 0.002 -20"><span class='ocrx_word' id='word_1_185' title='bbox 119 2030 229 2078; x_wconf 88' lang='lat' dir='ltr'>flatu</span> <span class='ocrx_word' id='word_1_186' title='bbox 264 2031 414 2094; x_wconf 72' lang='lat' dir='ltr'>jaCtari</span> <span class='ocrx_word' id='word_1_187' title='bbox 445 2033 600 2098; x_wconf 85' lang='lat' dir='ltr'>saepius</span> <span class='ocrx_word' id='word_1_188' title='bbox 631 2034 841 2081; x_wconf 76' lang='lat' dir='ltr'>assuetas:</span> <span class='ocrx_word' id='word_1_189' title='bbox 870 2032 1092 2096; x_wconf 87' lang='lat' dir='ltr'>finitisque</span> <span class='ocrx_word' id='word_1_190' title='bbox 1120 2032 1390 2092; x_wconf 83' lang='lat' dir='ltr'>intervallis,</span> 
     </span>
     <span class='ocr_line' id='line_1_27' title="bbox 119 2105 1392 2169; baseline 0.003 -19"><span class='ocrx_word' id='word_1_191' title='bbox 119 2120 222 2167; x_wconf 89' lang='lat' dir='ltr'>quae</span> <span class='ocrx_word' id='word_1_192' title='bbox 248 2105 288 2150; x_wconf 92' lang='lat' dir='ltr'>ei</span> <span class='ocrx_word' id='word_1_193' title='bbox 315 2116 472 2152; x_wconf 87' lang='lat' dir='ltr'>natura</span> <span class='ocrx_word' id='word_1_194' title='bbox 498 2105 759 2169; x_wconf 85' lang='lat' dir='ltr'>praescripfit</span> <span class='ocrx_word' id='word_1_195' title='bbox 782 2141 797 2164; x_wconf 91' lang='lat'>,</span> <span class='ocrx_word' id='word_1_196' title='bbox 829 2105 1031 2168; x_wconf 88' lang='lat' dir='ltr'>spumeus</span> <span class='ocrx_word' id='word_1_197' title='bbox 1061 2105 1243 2153; x_wconf 89' lang='lat' dir='ltr'>Gallico</span> <span class='ocrx_word' id='word_1_198' title='bbox 1278 2108 1392 2154; x_wconf 88' lang='lat' dir='ltr'>mari</span> 
     </span>
     <span class='ocr_line' id='line_1_28' title="bbox 120 2178 1393 2242; baseline 0.002 -18"><span class='ocrx_word' id='word_1_199' title='bbox 120 2191 482 2239; x_wconf 89' lang='lat' dir='ltr'>concorporatur</span> <span class='ocrx_word' id='word_1_200' title='bbox 513 2196 592 2242; x_wconf 90' lang='lat' dir='ltr'>per</span> <span class='ocrx_word' id='word_1_201' title='bbox 620 2178 821 2242; x_wconf 89' lang='lat' dir='ltr'>patulum</span> <span class='ocrx_word' id='word_1_202' title='bbox 852 2178 994 2225; x_wconf 79' lang='lat' dir='ltr'>sinum</span> <span class='ocrx_word' id='word_1_203' title='bbox 1017 2214 1029 2237; x_wconf 94' lang='lat'>,</span> <span class='ocrx_word' id='word_1_204' title='bbox 1058 2195 1190 2241; x_wconf 90' lang='lat' dir='ltr'>quem</span> <span class='ocrx_word' id='word_1_205' title='bbox 1221 2191 1393 2227; x_wconf 88' lang='lat' dir='ltr'>vocant</span> 
     </span>
     <span class='ocr_line' id='line_1_29' title="bbox 120 2250 1393 2311; baseline 0.002 -16"><span class='ocrx_word' id='word_1_206' title='bbox 120 2250 193 2296; x_wconf 91' lang='lat' dir='ltr'>Ad</span> <span class='ocrx_word' id='word_1_207' title='bbox 223 2251 426 2311; x_wconf 82' lang='lat' dir='ltr'>GraduS,</span> <span class='ocrx_word' id='word_1_208' title='bbox 457 2253 512 2299; x_wconf 91' lang='lat' dir='ltr'>ab</span> <span class='ocrx_word' id='word_1_209' title='bbox 542 2254 715 2300; x_wconf 89' lang='lat' dir='ltr'>Arelate</span> <span class='ocrx_word' id='word_1_210' title='bbox 750 2253 916 2299; x_wconf 71' lang='lat' dir='ltr'>o&amp;avo</span> <span class='ocrx_word' id='word_1_211' title='bbox 951 2252 1126 2299; x_wconf 89' lang='lat' dir='ltr'>decimo</span> <span class='ocrx_word' id='word_1_212' title='bbox 1151 2251 1289 2298; x_wconf 87' lang='lat' dir='ltr'>ferme</span> <span class='ocrx_word' id='word_1_213' title='bbox 1324 2253 1393 2298; x_wconf 87' lang='lat' dir='ltr'>la-</span> 
     </span>
     <span class='ocr_line' id='line_1_30' title="bbox 121 2321 1395 2384; baseline 0.005 -18"><span class='ocrx_word' id='word_1_214' title='bbox 121 2321 225 2384; x_wconf 87' lang='lat' dir='ltr'>pide</span> <span class='ocrx_word' id='word_1_215' title='bbox 257 2321 537 2384; x_wconf 87' lang='lat' dir='ltr'>disparatum.</span> <span class='ocrx_word' id='word_1_216' title='bbox 569 2324 634 2371; x_wconf 86' lang='lat' dir='ltr'>Sit</span> <span class='ocrx_word' id='word_1_217' title='bbox 666 2323 764 2371; x_wconf 69' lang='lat' dir='ltr'>saus</span> <span class='ocrx_word' id='word_1_218' title='bbox 791 2325 844 2371; x_wconf 94' lang='lat' dir='ltr'>de</span> <span class='ocrx_word' id='word_1_219' title='bbox 877 2325 959 2371; x_wconf 80' lang='lat' dir='ltr'>situ</span> <span class='ocrx_word' id='word_1_220' title='bbox 988 2324 1235 2371; x_wconf 83' lang='lat' dir='ltr'>locorum:</span> <span class='ocrx_word' id='word_1_221' title='bbox 1271 2340 1395 2373; x_wconf 84' lang='lat' dir='ltr'>nunc</span> 
     </span>
     <span class='ocr_line' id='line_1_31' title="bbox 121 2392 1078 2461; baseline 0.005 -23"><span class='ocrx_word' id='word_1_222' title='bbox 121 2392 283 2457; x_wconf 81' lang='lat' dir='ltr'>figuras</span> <span class='ocrx_word' id='word_1_223' title='bbox 315 2397 363 2443; x_wconf 87' lang='lat'>&amp;</span> <span class='ocrx_word' id='word_1_224' title='bbox 385 2414 532 2444; x_wconf 87' lang='lat' dir='ltr'>mores</span> <span class='ocrx_word' id='word_1_225' title='bbox 562 2397 797 2443; x_wconf 89' lang='lat' dir='ltr'>hominum</span> <span class='ocrx_word' id='word_1_226' title='bbox 829 2397 1078 2461; x_wconf 78' lang='lat' dir='ltr'>designabo.</span> 
     </span>
    </p>

    <p class='ocr_par' dir='ltr' id='par_1_3' title="bbox 189 2467 1393 2536">
     <span class='ocr_line' id='line_1_32' title="bbox 189 2467 1393 2536; baseline 0.002 -22"><span class='ocrx_word' id='word_1_227' title='bbox 189 2467 288 2515; x_wconf 88' lang='lat' dir='ltr'>XII.</span> <span class='ocrx_word' id='word_1_228' title='bbox 311 2469 519 2518; x_wconf 79' lang='lat' dir='ltr'>Celsioris</span> <span class='ocrx_word' id='word_1_229' title='bbox 541 2470 710 2519; x_wconf 81' lang='lat' dir='ltr'>staturae</span> <span class='ocrx_word' id='word_1_230' title='bbox 737 2473 786 2520; x_wconf 67' lang='grc' dir='ltr'>δε</span> <span class='ocrx_word' id='word_1_231' title='bbox 807 2471 983 2521; x_wconf 80' lang='lat' dir='ltr'>candidi</span> <span class='ocrx_word' id='word_1_232' title='bbox 1005 2487 1130 2536; x_wconf 80' lang='lat' dir='ltr'>paene</span> <span class='ocrx_word' id='word_1_233' title='bbox 1151 2469 1272 2519; x_wconf 84' lang='lat' dir='ltr'>Galli</span> <span class='ocrx_word' id='word_1_234' title='bbox 1295 2469 1393 2516; x_wconf 87' lang='lat' dir='ltr'>sunt</span> 
     </span>
    </p>
   </div>
  </div>
 </body>
</html>
