1626 2917
195 131 247 192 58
402 130 738 176 AMMIANI
789 129 1265 177 MARCELLINJ

183 236 458 284 firmaturum
484 236 698 298 ancipites
720 254 730 282 ε
754 238 802 284 &
828 237 954 300 quod
981 238 1115 301 magis
1146 238 1457 296 metuebatur‚'

182 311 212 356 fi
241 310 363 356 casus
400 309 514 355 novi
543 309 722 371 quidam
756 309 1045 373 exsurgerent
1077 345 1091 367 ‚
1119 312 1492 373 opponendum.“

181 382 362 441 Quibus
396 381 654 428 secretiores
683 381 910 428 addiderat
942 382 1119 437 literas,
1156 384 1456 443 Lucillianum

177 452 332 498 itidem
368 468 557 498 monens
576 488 591 508 ,
620 464 669 497 ut
699 451 915 514 quosdam
947 453 1083 499 Ῑεξὶοε
1105 452 1349 514 exploratae
1383 452 1457 497 in-

178 524 355 569 dustriae
382 523 573 587 fideique
596 525 777 571 duceret
803 524 948 571 secum
969 542 979 570 z
999 523 1276 571 adminiculis
1300 539 1457 570 eorum

177 596 334 642 usurus
362 613 446 658 pro
468 597 761 644 incidentium
781 610 915 659 captu
935 595 1237 660 negotiorum.
1262 597 1458 642 Pruden-

180 667 305 729 tique
339 668 531 714 consilio
556 669 853 715 Malarichum
874 686 928 715 ex
951 667 1241 714 familiaribus
1267 667 1458 730 negotiis

179 752 386 803 agentem
419 741 650 787 etiamtum
680 741 726 787 in
756 742 875 788 Italia
894 778 907 801 ‚
929 741 1061 788 miffis
1093 741 1330 803 insignibus
1347 777 1358 796 ,
1380 742 1458 788 Jo-

180 815 296 862 vino
311 814 429 875 juffit
449 814 682 860 succedere
702 831 929 861 armorum
946 814 1153 876 magistro
1170 832 1247 877 per
1264 815 1458 872 Gallias,

179 887 353 949 gemina
386 886 576 934 utilitate
596 885 911 948 praespeculata
926 906 937 934 z
955 900 1002 933 ut
1023 888 1071 934 &
1090 887 1183 932 dux
1203 886 1346 932 meriti
1366 887 1459 933 cel-

179 958 335 1015 fioris,
354 958 548 1019 ideoque
574 956 794 1019 suspectus
826 958 966 1005 abiret
988 975 1012 1005 e
1037 958 1187 1005 medio
1207 975 1220 1014 3
1239 959 1286 1005 &
1314 958 1457 1004 homo

180 1029 411 1075 inferioris
449 1028 540 1090 spei
575 1029 629 1074 ad
664 1028 923 1076 sublimiora
959 1030 1229 1092 provessus,
1264 1029 1459 1075 auitoris

181 1102 247 1148 ‚sui
276 1117 507 1148 nutantem
543 1101 688 1149 adhuc
710 1101 868 1148 statum
889 1101 1036 1149 studio
1056 1101 1255 1148 fundaret
1276 1101 1460 1164 ingenti.

181 1174 347 1221 Juffum
395 1173 456 1220 est
499 1186 646 1220 autem
684 1175 739 1221 ad
772 1175 996 1236 implenda
1034 1176 1129 1222 baec
1163 1174 1458 1236 perrefituris,

180 1247 399 1293 extollere
425 1245 577 1292 seriem
607 1245 830 1308 gestorum
861 1247 906 1292 in
941 1247 1097 1293 melius
1116 1284 1131 1304 ‚
1152 1248 1200 1294 &
1223 1263 1426 1293 rumores
1442 1282 1459 1305 ‚

181 1337 362 1385 quaqua
380 1320 511 1377 irent,
533 1320 684 1367 verbis
707 1319 1327 1377 diffundere,concinentibus
1346 1337 1458 1382 pro-

182 1395 379 1442 cinflum
398 1392 652 1441 Parthicum
673 1394 793 1440 exitu
812 1394 1026 1456 prospero
1047 1393 1328 1440 terminatum
1347 1412 1358 1440 :
1378 1394 1459 1440 ad-

181 1467 371 1530 ditisque
399 1466 647 1513 festinando
667 1466 816 1513 itineri
837 1466 1043 1514 noffibus
1061 1503 1075 1524 ‚
1113 1465 1457 1529 provinciarum

181 1539 444 1602 militiaeque
470 1539 715 1586 restoribus
742 1540 963 1586 insinuare
988 1538 1099 1585 novi
1117 1537 1334 1599 Principis
1355 1537 1458 1585 scri-

181 1626 284 1678 pta,
312 1613 611 1676 omniumque
638 1612 864 1660 sententiis
893 1611 1114 1659 occultius
1134 1610 1357 1658 sciscitatis
1384 1627 1458 1657 re-

180 1702 325 1733 meare
355 1685 576 1732 velociter
605 1702 705 1733 cum
724 1684 940 1747 responsis
961 1719 975 1742 ,
998 1696 1049 1730 ut
1065 1694 1302 1745 comperto
1317 1718 1330 1738 ‚
1349 1682 1457 1745 quid

182 1760 231 1806 in
276 1757 535 1821 longinquis
587 1769 776 1820 agatur,
814 1754 1090 1818 principatus
1125 1753 1455 1800 corroborandi

181 1843 355 1878 matura
383 1829 565 1877 consilia
606 1840 863 1892 quaerantur
895 1829 944 1876 δε
972 1839 1110 1874 cauta.
1145 1827 1243 1872 Hos
1268 1825 1456 1871 tabella-

181 1904 276 1951 rios
316 1903 430 1949 sama
456 1902 794 1966 praegrediens,
829 1901 964 1948 index
997 1899 1240 1946 tristiorum
1277 1897 1456 1945 casuum

183 1975 488 2034 velociffima,
521 1992 600 2038 per
625 1973 888 2039 provincias
930 1972 1149 2020 volitabat
1184 1972 1235 2018 δε
1270 1985 1456 2034 gentes;

182 2048 466 2112 maximeque
496 2048 696 2096 omnium
725 2048 964 2094 Nisibenos
996 2045 1159 2092 acerbo
1179 2044 1340 2090 dolore
1358 2062 1457 2108 per-

182 2123 309 2173 culfit
328 2159 341 2180 ‚
373 2140 471 2170 cum
506 2124 661 2170 urbem
693 2122 852 2185 Sapori
881 2121 1072 2168 deditam
1106 2119 1456 2182 comperissent:

182 2196 435 2254 cujusiram
453 2195 710 2242 metuebant
729 2197 776 2242 &
795 2193 1048 2248 simultates,
1068 2192 1333 2248 recolentes,
1354 2209 1456 2255 quae

184 2268 349 2315 affidue
381 2267 614 2329 pertulerit
648 2266 836 2325 funera,
875 2282 970 2313 eam
1005 2265 1159 2327 saepius
1191 2280 1456 2328 oppugnare

185 2352 387 2389 conatus.
409 2340 654 2386 Constabat
672 2340 807 2395 enim,
823 2339 978 2385 orbem
1000 2340 1145 2384 Eoum
1168 2338 1213 2383 in
1232 2337 1450 2384 ditionem

185 2411 375 2476 potuisse
390 2411 572 2459 transire
588 2411 796 2472 Persidis,
820 2409 899 2466 nist
920 2409 1016 2460 haec
1037 2409 1190 2461 civitas
1219 2408 1354 2457 habili
1373 2407 1454 2456 situ
