1626 2917
180 186 265 247 316
384 185 720 231 AMMIAN!
761 183 1242 230 MARCELLINI

169 289 337 337 affitibus
369 288 615 352 Magnentii
637 288 946 347 meminimus,
969 306 1068 335 cum
1105 288 1276 335 visendi
1313 287 1450 352 gratia

167 361 330 408 Juliani
366 377 545 425 peregre
575 360 629 406 ad
663 361 708 406 id
739 360 1041 408 suburbanum
1079 361 1299 418 venisset,
1335 362 1450 407 Deae

166 432 373 480 Coelestis
399 446 657 496 argenteum
690 433 830 480 breve
860 431 1146 496 figmentum,
1170 449 1450 496 quocunque

167 506 287 559 ibat,
308 507 453 552 secum
480 505 634 553 solitus
661 505 816 553 efferre
832 542 846 564 ‚
868 519 970 553 ante
990 507 1123 567 pedes
1147 506 1295 553 statuit
1318 507 1449 552 fimu-

167 578 274 627 lacri
313 578 552 638 sublimes,
583 579 865 644 accensisque
903 579 1041 627 cereis
1080 597 1137 626 ex
1181 580 1261 627 usu
1296 580 1449 628 ceffit:

167 652 303 708 unde,
323 652 557 699 medietate
576 653 719 700 noffls
740 651 931 710 emensa,
951 670 1053 699 cum
1075 670 1157 699 nec
1175 653 1312 699 adesse
1333 653 1450 716 quis-

167 742 303 787 quam
332 725 509 788 potuit,
539 742 622 772 nec
646 724 804 786 juvare
825 762 837 783 ,
859 725 1105 772 volitantes
1139 725 1340 772 scintillae
1370 726 1452 772 ad-

167 796 332 844 haesere
359 797 554 844 materiis
584 797 910 855 vetustissimis,
930 797 1138 860 ignesque
1155 797 1285 844 aridis
1310 797 1453 844 nutri·

168 871 330 917 mentis
349 870 481 918 erecti
498 906 513 930 ,
537 887 698 930 omne,
718 870 934 934 quidquid
954 871 1126 935 contigi
1149 871 1298 933 potuit
1312 907 1325 928 ‚
1347 871 1453 918 licet

167 944 303 991 ardua
322 943 558 991 discretum
578 943 864 999 celsitudine,
896 957 1258 993 concremarunt.
1290 945 1358 991 Eo
1374 963 1451 991 an-

167 1032 232 1061 no
249 1052 262 1072 ‚
281 1015 417 1062 fidere
441 1018 570 1064 etiam
597 1029 691 1062 tum
710 1016 897 1063 instante
916 1017 1129 1075 brumali,
1151 1034 1362 1079 aquarum
1384 1017 1452 1063 in-

167 1088 288 1135 ceffit
316 1089 471 1152 inopia
495 1089 760 1145 metuenda,
790 1105 838 1136 ut
865 1090 916 1137 &
945 1090 1035 1136 rivi
1067 1089 1314 1136 arescerent
1346 1089 1453 1152 qui-·

165 1163 265 1208 dam
287 1199 302 1221 ‚
329 1164 379 1210 &
409 1162 557 1210 fontes
577 1164 763 1211 antehac
782 1180 998 1227 aquarum
1029 1163 1224 1227 copiosis
1252 1163 1451 1226 pulsibus

165 1239 475 1286 abundantes:
506 1239 579 1286 sed
607 1239 654 1285 in
681 1239 907 1303 integrum
937 1238 1090 1302 postea
1124 1239 1312 1285 restituti
1335 1239 1451 1287 sunt.

165 1313 221 1358 Et
248 1326 412 1376 quarto
441 1313 598 1359 Nonas
626 1312 927 1369 Decembres,
957 1325 1170 1375 vergente
1201 1312 1246 1358 in
1289 1312 1451 1375 vespe·

164 1402 258 1432 ram
285 1385 380 1443 die,
410 1384 581 1448 reliqua
611 1383 877 1431 Nicomedia
903 1384 1097 1448 collapsa
1122 1386 1181 1432 est
1200 1398 1327 1432 terrae
1350 1401 1453 1432 mo-

163 1469 247 1516 tu,
276 1457 520 1520 itidemque
556 1457 726 1504 Nicaeae
761 1457 915 1519 portio
943 1473 1038 1503 non
1072 1458 1324 1506 mediocris.

232 1533 362 1579 XIV.
394 1533 516 1597 Quae
543 1532 713 1579 tametsi
747 1531 1006 1579 moestitiam
1044 1531 1241 1579 sollicito
1272 1532 1452 1580 incute-³

164 1614 266 1651 rent
298 1603 494 1666 Principi
512 1639 526 1661 ,
549 1603 719 1650 residua
736 1616 885 1650 tamen
908 1621 1002 1651 non
1033 1605 1354 1652 contemnebat
1377 1623 1453 1652 ur-

164 1677 313 1740 gentia
329 1713 344 1735 ,
373 1677 479 1725 dum
500 1677 729 1741 pugnandi
757 1689 930 1740 tempus
951 1677 991 1724 ei
1024 1677 1200 1724 veniret
1229 1690 1452 1740 optatum.

164 1751 286 1795 Inter
324 1750 551 1813 praecipua
584 1763 730 1796 tamen
761 1751 809 1796 &
852 1749 963 1797 seria
989 1750 1101 1796 illud
1137 1765 1264 1813 agere
1295 1749 1450 1812 super-

165 1822 306 1869 fluum
329 1822 588 1881 videbatur,
608 1823 734 1886 quod
760 1823 882 1869 nulla
909 1821 1135 1886 probabili
1155 1822 1331 1868 ratione
1357 1821 1449 1868 sus-

167 1906 296 1957 cepta
313 1930 326 1953 ‚
354 1895 664 1958 popularitatis
688 1912 866 1953 amore,
885 1895 1050 1944 vilitati
1081 1894 1279 1941 studebat
1304 1912 1448 1942 vena·

164 1967 279 2014 lium
311 1983 457 2014 rerum
480 2003 494 2025 ‚
520 1984 620 2031 quae
641 1983 967 2031 nonnunquam
990 1966 1136 2023 seem,
1169 1983 1302 2028 quam
1330 1983 1446 2013 con-

167 2040 323 2097 venit,
350 2040 557 2087 ordinata
574 2075 588 2097 ,
611 2039 810 2104 inopiam
832 2041 1015 2103 gignere
1042 2038 1154 2085 solet
1190 2039 1240 2085 &
1268 2037 1449 2088 famem.

165 2115 224 2159 Et
259 2112 549 2160 Antiochensi
582 2113 740 2159 ordine
777 2112 822 2159 id
852 2125 960 2159 tunc
992 2111 1117 2169 fieri,
1141 2128 1241 2157 cum
1268 2111 1343 2157 ille
1375 2110 1448 2174 ju-

168 2187 313 2245 beret,
341 2203 433 2232 non
464 2187 618 2249 posse,
653 2198 803 2249 aperte
837 2187 1142 2243 monstrante,
1173 2184 1390 2247 nusquam
1421 2203 1447 2233 a

167 2259 406 2323 proposito
432 2260 707 2316 declinabat,
730 2259 851 2305 Galli
884 2257 1033 2305 similis
1058 2257 1235 2314 fratris,
1253 2258 1356 2304 licet
1374 2257 1447 2303 in-

169 2343 394 2378 cruentus,
422 2332 654 2391 Quocirca
673 2332 717 2378 in
736 2347 814 2378 eos
835 2329 1044 2391 deinceps
1065 2328 1276 2383 saeviens,
1297 2341 1343 2375 ut
1362 2329 1446 2375 ob-

169 2405 424 2450 treclatores
448 2406 497 2451 &
515 2418 802 2452 contumaces
822 2440 837 2463 ‚
861 2403 1076 2450 volumen
1098 2403 1354 2465 composuit
1371 2404 1446 2449 in-

167 2477 418 2538 vefflvum,
437 2478 560 2543 quod
579 2477 882 2527 Antiochense
900 2477 972 2529 vel
992 2475 1344 2542 Misopogonem
1367 2493 1446 2542 ap-
