1626 2917
190 215 283 262 224
414 199 744 246 AMMIANI
785 194 1240 244 MARCELLINI

191 311 387 368 quoniam
409 325 481 352 vos
500 309 671 351 dulcedo
690 307 835 366 patriae
855 308 992 351 retinet
1006 341 1020 362 ,
1049 304 1090 352 G·
1111 307 1272 368 infima
1286 307 1464 367 peregri&

186 399 320 441 naque
357 380 540 424 metuitis
567 383 682 436 loca,
702 381 823 424 redite
842 378 940 434 jam
973 396 1081 423 nunc
1112 383 1172 425 ad
1184 381 1332 440 fides,
1357 381 1467 424 nihil

185 455 338 513 visuri,
357 455 455 513 quia
477 453 690 514 displicet,
725 452 1044 512 transalpinum.
1069 453 1216 513 hocque
1243 455 1358 514 apud
1369 457 1466 497 Au-

186 526 341 590 gzsszmz
362 543 549 585 capacem
579 526 752 570 racionis
779 522 820 569 G
834 524 1191 586 prudentffnzum
1215 544 1285 587 ego
1305 543 1466 586 compe-

187 599 289 644 tenti
331 598 590 656 aclifizfliorze
615 598 818 657 purgabo.
849 596 1225 642 Conclamabatur
1251 595 1352 658 post
1373 596 1468 642 haec

192 688 245 717 ex
263 668 391 716 omni
417 680 539 731 parte
560 668 882 724 nihilominus,
903 684 997 714 uno
1018 667 1198 730 parique
1217 667 1376 714 ardore
1399 667 1468 713 ni-

186 733 387 789 tentibus
406 740 625 787 universis
644 758 655 786 :
679 731 972 802 maximoque
996 739 1296 785 cententionis
1317 738 1469 802 frago-

191 831 262 871 re,
284 814 456 877 probro
477 814 526 859 &
546 811 770 859 conviciis
794 811 939 857 mixto
963 845 974 867 ‚
992 810 1138 857 Caesar
1160 809 1360 856 affentire
1387 825 1468 854 co-

192 888 316 934 actus
345 885 420 933 est.
453 884 777 947 Impositusque
798 883 923 931 scuto
951 882 1135 945 pedestri
1152 919 1166 939 ‚
1188 884 1235 929 ὅ(
1260 881 1471 927 sublatius

193 958 392 1005 eminens
407 993 422 1014 ‚
445 956 571 1002 nullo
603 955 753 1002 silente
774 955 994 1019 Augustus
1021 953 1298 1002 renuntiatus
1315 988 1328 1010 ,
1342 952 1470 1014 jube·

192 1035 321 1080 batur
358 1033 558 1078 diadema
587 1029 789 1094 proferre
820 1029 1131 1093 :negansque‚
1162 1045 1358 1091 unquam
1391 1028 1470 1074 ha·-

191 1108 358 1164 buifi'e,
383 1106 540 1152 uxoris
573 1104 682 1152 colli
713 1104 788 1151 vel
823 1104 978 1166 capitis
1006 1102 1286 1165 poscebatur.
1311 1103 1470 1164 quue

193 1180 471 1234 affirmante,
507 1176 657 1239 primis
691 1175 894 1238 auspiciis
925 1192 1019 1222 non
1053 1191 1300 1237 congruere
1330 1174 1469 1236 aptari

193 1252 400 1301 muliebri
428 1252 600 1297 mundo
617 1285 629 1308 ,
650 1250 752 1312 equi
773 1250 952 1312 phalera
971 1249 1247 1312 quaerebatur
1263 1284 1276 1304 ,
1295 1249 1360 1294 uti
1387 1264 1470 1295 co-

193 1338 381 1372 ronatus
413 1323 600 1386 speciem
637 1323 788 1368 saltem
819 1322 1053 1369 obscuram
1086 1320 1325 1381 superioris
1356 1338 1470 1383 prae-

194 1398 395 1445 tenderet
429 1394 670 1459 potestatis.
697 1395 782 1440 Sed
809 1412 911 1442 cum
939 1395 983 1440 id
1016 1410 1200 1458 quoque
1227 1405 1356 1456 turpe
1386 1394 1469 1441 effe

195 1471 483 1518 affeveraret:
504 1469 684 1514 Maurus
705 1466 889 1513 nomine
907 1467 1083 1530 quidam
1097 1503 1109 1522 ‚
1127 1466 1275 1528 postea
1293 1483 1469 1525 comes,

195 1546 272 1608 qui
293 1560 387 1591 rem
414 1542 528 1589 male
550 1541 672 1605 geffit
701 1541 817 1604 apud
840 1542 1086 1587 Succorum
1116 1540 1357 1604 angustias,
1388 1542 1470 1587 Pe-

195 1615 433 1663 tulantium
463 1628 571 1661 tunc
601 1612 793 1660 hastatus
809 1649 822 1671 ‚
844 1614 1104 1661 abstractum
1134 1613 1214 1659 fibi
1236 1625 1440 1676 torquem
1457 1647 1473 1671 ,

195 1706 289 1752 quo
324 1700 374 1735 ut
400 1687 689 1734 draconarius
717 1687 944 1744 utebatur,
972 1687 1104 1750 capiti
1127 1686 1290 1734 Juliani
1321 1687 1472 1750 impo-

198 1762 283 1809 suit
313 1760 616 1810 confidenter:
646 1760 724 1824 qui
756 1759 896 1807 trusus
925 1761 979 1807 ad
1007 1761 1300 1807 necessitatem
1328 1774 1472 1806 extre·

197 1853 315 1882 mam
333 1871 347 1893 ,
376 1834 554 1898 jamque
583 1835 827 1897 periculum
851 1835 1035 1898 praesens
1059 1835 1199 1880 vitare
1229 1850 1324 1880 non
1352 1833 1473 1896 posse

199 1908 465 1964 advertens,
484 1908 515 1953 fi
545 1907 674 1954 reniti
708 1907 1046 1969 perseverasset,
1068 1906 1233 1968 quinos
1264 1906 1475 1952 omnibus

198 1994 384 2037 aureos,
402 1980 662 2042 argentique
685 1980 853 2043 singula
875 1979 1030 2043 pondo
1061 1978 1276 2041 promisit.
1307 1977 1473 2040 Hisque

201 2051 331 2113 gestis
347 2086 361 2109 ‚
380 2051 495 2098 haud
514 2052 715 2109 minore,
737 2069 866 2115 quam
887 2065 1014 2098 antea
1030 2087 1043 2108 ,
1061 2068 1164 2098 cura
1184 2050 1443 2097 constrictus
1457 2084 1473 2109 ,

201 2126 439 2188 futuraque
467 2125 600 2172 celeri
619 2126 862 2188 providens
891 2125 1050 2181 corde,
1077 2141 1158 2171 nec
1179 2124 1378 2169 diadema
1396 2140 1475 2186 ge-

203 2197 362 2256 stavit,
395 2215 479 2246 nec
511 2199 754 2261 procedere
782 2199 907 2246 ausus
930 2198 991 2245 est
1022 2198 1230 2261 usquam,
1249 2215 1330 2245 nec
1350 2214 1475 2262 agere

205 2271 314 2320 seria
330 2307 344 2328 ‚
366 2289 467 2335 quae
499 2273 631 2319 nimis
650 2274 878 2337 urgebant.
908 2274 991 2319 Sed
1009 2290 1109 2319 cum
1129 2273 1184 2319 ad
1205 2273 1392 2320 latebras
1413 2273 1478 2320 se·

205 2342 388 2391 ceffiffet
414 2344 614 2390 occultas
647 2344 944 2391 accidentium
978 2344 1191 2390 varietate
1222 2343 1477 2405 perterritus

205 2416 399 2465 Julianus
415 2433 428 2471 3
443 2417 597 2479 aliquis
619 2417 769 2478 paiatii
789 2418 975 2464 decurio
991 2453 1004 2473 ‚
1025 2418 1101 2479 qui
1117 2418 1232 2464 ordo
1255 2417 1316 2463 est
1333 2415 1477 2479 digni·

207 2489 337 2551 tatis,
371 2490 575 2554 pleniore
606 2491 745 2556 gradu
772 2490 898 2558 signa
934 2491 1234 2540 Petulantium
1262 2488 1477 2554 ingressus
