1626 2917
278 145 500 209 RERUM
532 140 874 199 GESTARUM
899 139 1004 194 Lm.
1037 137 1219 193 XXXI.
1301 154 1397 210 291:

112 259 355 324 conspecto
372 296 384 318 ,
405 276 430 307 a
449 258 632 307 civitate
649 256 837 304 fidenter
854 253 1002 318 erupit
1021 265 1032 302 ἐ
1052 252 1223 318 diuque
1241 262 1399 300 exrens

113 345 166 382 to
200 333 441 382 certamine
459 330 705 396 pertinaci,
724 328 860 394 aequis
882 339 1028 392 partes
1050 326 1279 374 disceffere
1295 342 1400 374 mo-fi

113 408 291 455 mentis.
313 407 397 453 Sed
415 396 660 453 orientalis
686 416 829 451 turma
849 418 982 450 novo
1009 417 1155 465 neque
1174 412 1277 447 ante
1296 399 1402 447 viso

114 480 341 545 superavit
359 492 538 528 eventu.
569 483 637 527 Ex
656 495 708 526 ea
732 477 852 525 enim
880 475 1066 525 crinitus
1092 474 1274 538 quidam
1289 509 1302 532 a
1320 483 1404 518 nu*-

115 554 200 602 ¹dus
226 550 389 602 omnia*
410 564 570 617 praeter
607 550 772 616 pubem
790 588 805 609 ‚
837 550 1101 598 subraucum
1135 550 1185 596 &
1211 547 1405 612 lugubre

116 625 340 688 strepens,
360 625 518 672 educto
549 623 748 687 pugione
778 621 945 687 agmini
971 621 1012 668 se
1041 621 1193 668 medio
1213 620 1406 667 Gotho-⁵

116 709 218 744 rum
237 695 437 752 inseruit,
457 699 506 744 &
527 694 748 743 interfeffi
766 695 903 743 hostis
931 695 1087 759 jugulo
1113 695 1235 741 labra
1251 694 1406 741 admo-

118 767 220 826 vit,
244 769 519 833 effusumque
546 784 756 816 cruorem
787 768 976 814 exsuxit.
1005 769 1119 828 Quo
1147 766 1405 817 monstroso

118 840 340 889 miraculo
365 840 538 888 barbari
565 840 738 899 territi,
759 837 912 903 postea
934 857 1029 888 non
1057 841 1330 888 ferocientes
1351 857 1406 887 ex

119 928 277 973 more,
298 926 398 960 cum
424 913 640 977 agendum
664 925 926 976 appeterent
946 913 1141 977 aliquid,
1169 911 1243 958 sed
1262 910 1409 957 ambi-

121 983 222 1048 guis
258 985 475 1049 greffibus
507 985 788 1033 incedebant.
831 986 1038 1033 Processu
1079 984 1180 1031 dein
1221 983 1410 1032 audacia

114 1057 278 1117 fracta,
297 1075 398 1105 cum
420 1075 654 1106 murorum
673 1059 890 1107 ambitum
905 1059 1238 1121 insularumque
1257 1058 1408 1120 spatiis

121 1127 346 1178 immensis
379 1127 660 1195 oblongum,
698 1133 748 1179 &
782 1132 1018 1180 inaccessas
1048 1131 1408 1195 pulchritudines

119 1204 243 1251 urbis
257 1240 270 1262 ‚
288 1206 338 1252 &
358 1202 654 1251 incolentium
675 1204 850 1268 plebem
873 1204 1204 1253 considerarent
1220 1204 1412 1251 immen-v

122 1277 211 1327 sani
225 1313 238 1337 ‚
254 1277 467 1341 juxtaque
483 1276 643 1324 fretum
661 1313 675 1334 ,
701 1280 825 1341 quod
847 1280 1045 1325 Pontum
1065 1278 1340 1325 disterminat
1359 1279 1413 1326 δὲ

123 1347 345 1414 AEgaeum:
364 1349 554 1412 disjectis
574 1350 801 1397 bellorum
821 1350 1040 1409 officinis,
1054 1368 1161 1413 quas
1180 1351 1410 1413 parabant,

123 1424 226 1488 post
248 1435 430 1486 accepta
449 1422 618 1484 majora
639 1421 796 1471 funera
810 1459 823 1480 ‚
841 1441 974 1487 quam
993 1424 1113 1471 illata
1130 1460 1143 1482 ‚
1161 1424 1325 1470 exinde
1344 1424 1412 1470 di-

125 1495 254 1560 greffi
288 1494 387 1541 sunt
415 1490 621 1542 effusorie
654 1512 732 1558 per
762 1497 948 1543 Arctoas
979 1496 1274 1558 provincias:
1300 1504 1412 1559 quas

125 1582 419 1632 peragravere
447 1568 632 1615 licenter
655 1569 849 1633 adusque
878 1570 1048 1616 radices
1068 1570 1252 1633 Alpium
1275 1570 1414 1617 Julia-

126 1659 225 1689 rum
239 1677 253 1700 ‚
272 1657 379 1704 quas
397 1643 590 1688 Venetas
608 1634 857 1704 appellabat
879 1642 1130 1706 antiquitas.
1156 1643 1236 1689 His
1257 1643 1417 1689 diebus

128 1713 328 1761 efficacia
353 1713 456 1761 Julii
475 1711 668 1777 magistri
693 1714 864 1761 militiae
892 1728 1012 1762 trans
1025 1716 1227 1762 Taurum
1248 1715 1414 1764 enituit

128 1786 330 1851 salutaris
365 1787 413 1834 &
443 1786 599 1835 velox.
630 1789 876 1851 Comperta
912 1789 1031 1836 enim
1060 1788 1258 1837 fatorum
1293 1789 1414 1838 sorte

129 1874 211 1924 per
226 1859 465 1918 Thracias,
482 1862 668 1908 Gothos
691 1875 818 1909 antea
839 1862 1086 1926 susceptos,
1105 1862 1415 1926 dispersosque

130 1948 211 1998 per
231 1934 377 1981 varias
396 1933 601 1981 civitates
620 1936 669 1982 &
686 1936 821 1982 castra
835 1973 846 1991 ,
868 1937 980 1983 datis
997 1936 1256 1984 tectioribus
1273 1936 1415 1984 literis

131 2007 188 2053 ad
205 2021 363 2053 eorum
390 2006 581 2052 rectores
604 2007 835 2054 Romanos
856 2018 1012 2055 omnes
1027 2044 1041 2065 ,
1069 2009 1192 2071 quod
1212 2008 1278 2054 his
1302 2023 1414 2055 tem*

131 2078 320 2142 poribus
338 2094 440 2124 raro
467 2078 716 2142 contingit,
740 2081 975 2129 universos
999 2094 1211 2146 tanquam
1234 2083 1413 2129 vexillo

133 2152 281 2199 erecto
309 2168 405 2198 uno
433 2153 684 2216 eodemque
712 2155 783 2202 die
810 2154 1041 2203 mandavit
1060 2156 1235 2214 occidi,
1256 2156 1417 2218 exspea

135 2222 332 2272 &atione
368 2227 571 2289 promiffi
615 2228 820 2290 stipendii
856 2229 1035 2276 securos
1071 2222 1127 2276 ad
1164 2229 1416 2277 suburbana

133 2299 537 2362 productos.‘Quo
554 2301 746 2348 confilio
777 2303 984 2365 prudenti
1011 2303 1101 2350 fine
1127 2304 1306 2367 strepitu
1336 2297 1418 2351 vel

133 2386 265 2421 mora
295 2373 554 2437 completo,
585 2374 838 2424 Orientales
867 2376 1122 2441 provinciae
1153 2377 1420 2434 discrimini}

1041 2449 1084 2494 T
1119 2465 1146 2494 22
