1626 2917
231 210 316 256 134
432 191 758 240 AMMIANI
809 188 1279 236 MARCELLINI

222 299 349 365 tuliffe
370 318 385 344 .·
402 299 586 363 &nostra
602 330 614 353 ‚
638 302 791 360 quoties
808 299 1030 361 laceffimur
1043 297 1288 359 ‚fortiffimo
1313 297 1486 341 benevo-

223 376 516 435 lentiaespirittc
536 373 741 433 defensare
756 408 769 428 ,
789 375 836 417 id
853 372 1089 432 experiendo
1110 373 1350 432 legendoque
1355 369 1487 428 scien-

224 465 280 494 tes
296 484 308 505 ,
326 452 368 494 ἰη
378 449 539 507 praeliis
554 447 796 507 quibusdam
814 463 904 491 raro
924 464 1003 491 rem
1020 441 1202 506 titubaffi
1221 446 1457 489 Romanam
1471 475 1487 498 ‚

225 526 269 565 m
280 521 448 580 summa
465 539 556 565 vero
582 522 773 565 bellorum
804 536 1015 578 nunquam
1034 520 1093 562 acl
1106 520 1302 563 deteriora
1315 520 1490 576 prolap-

213 593 328 654 stim.
359 594 486 637 Hanc
509 592 774 653 legationem
791 626 804 647 ‚
830 591 956 635 nullo
981 589 1218 651 impetrato
1244 587 1490 642 remissam,

228 662 341 725 (nec
358 663 474 708 enim
498 663 716 709 effrenatae
734 662 848 725 regis
868 662 1099 724 cupiditati
1125 659 1380 723 responderi
1400 675 1492 705 am·

225 734 343 796 plius
361 736 597 800 quidquam
613 736 782 799 potuit)
802 735 900 797 post
917 735 1197 797 pauciffimos
1210 734 1301 780 dies
1321 733 1494 779 secutus

227 807 287 853 est
306 809 495 871 Prosper
523 826 674 856 comes
692 845 705 868 ‚
730 811 777 856 δᾶ
801 808 1026 871 Spe&attts
1053 806 1253 852 tribunus
1286 806 1335 851 &
1361 813 1496 850 nota*

227 879 318 926 rius
342 914 354 937 ,
390 880 584 944 itemque
631 881 882 928 Eustathius
924 879 1197 926 Musoniano
1237 877 1495 940 suggerente

227 949 524 1011 Philosophus
542 985 554 1007 ‚
575 965 623 996 ut
654 949 807 1012 opifex
830 950 1060 996 suadendi:
1079 948 1362 1011 Imperatoris
1394 946 1498 993 scri·

226 1034 303 1083 pta
326 1022 596 1084 perferentes
617 1025 664 1071 &
687 1041 898 1081 munera,
918 1023 1082 1070 enisuri
1102 1038 1356 1086 apparatum
1379 1019 1497 1066 inte-

228 1095 311 1141 rim
338 1095 516 1157 Saporis
545 1108 636 1142 arte
658 1096 846 1160 quadam
877 1095 1165 1158 suspendere,
1186 1109 1234 1141 ut
1254 1094 1383 1156 supra
1414 1093 1502 1143 hit-j

228 1184 410 1214 manum
436 1168 620 1214 modum
658 1168 905 1230 provinciae
933 1168 1214 1215 munirentur
1242 1167 1434 1213 ArEioae.

294 1242 370 1286 VI.
403 1242 521 1286 inter
550 1258 648 1304 quae
671 1242 728 1288 ita
759 1241 963 1305 ambigua
993 1241 1204 1303 Juthungi
1226 1239 1502 1286 Alamanno-

229 1330 326 1360 rum
363 1330 461 1375 pars
485 1348 498 1370 ‚
529 1313 686 1359 Italicis
725 1312 1056 1360 conterminans
1090 1311 1298 1358 traffibus
1319 1348 1332 1370 ‚
1367 1310 1501 1358 obliti

230 1385 349 1447 pacis
386 1387 433 1433 δέ
454 1384 671 1432 foederum
692 1422 705 1443 ,
744 1403 843 1448 quae
871 1385 1019 1447 adepti
1055 1383 1154 1430 sunt
1183 1384 1461 1431 obsecrando
1481 1419 1500 1440 ,

229 1458 392 1505 Raetias
428 1458 681 1505 turbulente
711 1457 970 1514 vastabant,
997 1456 1109 1503 adeo
1134 1467 1182 1500 ut
1208 1454 1338 1502 etiam
1362 1454 1501 1517 oppi-

230 1531 393 1577 dorum
420 1542 640 1577 tentarent
670 1530 835 1577 obsidia
865 1545 1024 1593 praeter
1054 1527 1246 1575 solitum.
1281 1526 1351 1574 Ad
1384 1542 1500 1590 quos

230 1603 511 1665 repellendos
545 1620 644 1650 cum
676 1603 822 1651 valida
851 1619 985 1649 manu
1007 1602 1154 1649 missus
1189 1599 1422 1657 Barbatio,
1452 1599 1501 1645 in

231 1679 383 1723 locum
409 1676 582 1722 Silvani
613 1677 812 1740 peditum
840 1688 1077 1740 promotus
1104 1675 1308 1738 magister
1327 1711 1342 1731 ,
1373 1673 1502 1736 igna-

235 1767 342 1808 vus,
369 1749 441 1795 sed
470 1750 620 1798 verbis
651 1751 826 1798 effusior
845 1787 858 1808 ‚
879 1750 1105 1797 alacritate
1139 1750 1331 1796 militum
1363 1748 1502 1795 vehe-

230 1833 403 1869 menter
426 1822 593 1879 ere&a‚
619 1822 859 1885 prostravit
889 1822 1099 1868 acerrime
1129 1820 1325 1875 multos,
1355 1818 1415 1864 ita
1452 1828 1502 1864 ut

232 1895 393 1958 exigua
424 1894 576 1956 portio
598 1931 609 1949 ‚
637 1912 735 1958 quae
765 1895 951 1958 periculi
980 1906 1101 1940 metu
1124 1892 1163 1939 se
1195 1891 1315 1938 dedit
1347 1890 1392 1936 in
1431 1889 1503 1936 fu-

232 1985 327 2030 gam
344 2004 359 2025 ‚
389 1985 500 2030 aegre
523 1968 684 2030 dilapsa
712 1985 780 2015 res
813 1969 908 2015 suas
937 1976 1032 2014 'non
1055 1968 1143 2013 sine
1161 1964 1354 2013 lacrimis
1377 1963 1504 2010 tevi*

231 2039 344 2087 seret
368 2043 414 2088 &
446 2041 658 2088 lamentis,
686 2041 805 2088 Huic
827 2058 988 2104 pugnae
1016 2040 1179 2086 Nevita
1196 2076 1207 2094 ‚
1224 2037 1376 2100 postea
1393 2053 1502 2084 con-

233 2113 325 2169 sul,
347 2114 554 2176 equestris
577 2114 835 2176 praepofitus
859 2126 1042 2171 turmae,
1061 2113 1110 2159 &
1127 2111 1291 2158 affiiiffe
1307 2146 1320 2169 ‚
1341 2112 1389 2158 δε
1407 2109 1503 2156 for-

233 2188 336 2233 titer
366 2188 509 2235 fecisse
543 2188 758 2236 firmatur.

297 2263 393 2308 Vll.
437 2262 589 2307 iisdem
629 2263 779 2308 diebus
825 2274 954 2308 terrae
993 2271 1142 2306 motus
1176 2257 1387 2304 horrendi
1424 2274 1502 2320 per

234 2334 545 2380 Macedoniam
565 2369 578 2388 ,
605 2331 839 2396 Asiamque
854 2370 865 2391 ‚
888 2335 934 2380 ὅ(
954 2333 1145 2378 Pontum
1171 2329 1344 2375 affiduis
1369 2327 1504 2390 pulli-

231 2408 312 2454 bus
345 2406 510 2468 oppida
549 2407 686 2452 multa
725 2405 1038 2453 concusserunt
1075 2405 1123 2450 &
1156 2415 1345 2448 montes.
1383 2404 1502 2446 Inter

231 2491 522 2528 monumenta
542 2493 685 2526 tamen
708 2476 1056 2526 multiformium
1083 2490 1378 2521 aerumnarum
1398 2470 1503 2520 emi·
