1626 2917
177 87 238 131 24
394 72 732 118 AMMIANI
775 71 1252 118 MARCELLINI

177 180 386 228 saxorum
421 181 613 226 obruere
639 179 902 226 multorum.
932 179 1117 241 Hacque
1144 179 1263 225 valle
1303 188 1470 240 purga-i

177 269 252 309 ta,
279 251 441 298 avulsis
473 251 700 298 cataractis
727 252 948 297 undarum
980 251 1286 313 magnitudine
1327 251 1470 296 claffis

178 323 330 370 secura
359 323 505 369 stadiis
543 337 658 368 xxx
687 323 880 369 decursis
903 358 918 380 ‚
948 322 992 368 in
1025 324 1205 369 alveum
1233 322 1368 383 ejecta
1408 323 1473 370 est

179 396 410 457 Tigridis:
436 396 486 442 δε
517 395 744 441 contextis
785 395 909 442 illico
940 396 1158 458 pontibus
1188 396 1474 460 transgressus

180 469 443 527 exercitus,
481 469 566 516 iter
601 470 794 517 Cochen
837 469 988 517 versus
1025 471 1473 534 promovit.-thue

181 543 420 590 lassitudini
439 543 693 590 succederet
710 543 836 606 quies
855 556 1115 606 opportuna
1131 581 1143 601 ‚
1162 544 1207 590 in
1230 561 1339 608 agro
1362 561 1474 591 con-

182 616 376 662 sedimus
401 616 654 678 opulento‚
685 615 872 662 arbustis
901 617 951 663 &
973 616 1142 662 vitibus
1173 617 1223 662 &
1241 615 1477 678 cupreffo-

183 705 284 734 rum
298 687 525 734 viriditate
543 687 786 746 laetiffim0‚
803 688 932 751 cujus
949 688 994 734 in
1013 690 1164 735 medio
1176 688 1477 735 diversorium

185 777 380 822 opacum
398 760 459 806 est
472 761 522 807 &
541 778 768 808 amoenum
784 797 795 820 ,
811 762 996 826 gentiles
1017 762 1206 824 picturas
1221 779 1301 824 per
1318 777 1478 808 omnes

185 833 351 879 aedium
387 845 532 895 partes
574 833 846 892 ostendens,
881 836 998 898 regis
1036 835 1194 883 bestias
1231 835 1480 882 venatione

186 906 431 967 multiplici
452 906 716 954 trucidantis
737 926 748 955 ε
769 924 854 954 nec
884 909 1002 954 enim
1023 910 1140 972 apud
1173 926 1252 957 eos
1280 909 1482 972 pingitur

187 979 266 1024 vel
297 977 481 1042 fingitur
515 980 669 1037 aliud,
708 993 870 1041 praeter
894 981 1044 1028 varias
1081 984 1223 1029 caedes
1260 986 1309 1031 &
1347 981 1480 1028 bella.

188 1054 385 1101 Proinde
419 1055 587 1101 cunffis
617 1071 672 1100 ex
701 1053 917 1101 sententia
949 1056 1225 1111 terminatis,
1255 1055 1482 1120 Augustus

190 1126 322 1172 altius
340 1124 428 1185 jam
447 1139 608 1172 contra
631 1125 911 1172 difficultates
938 1142 1095 1171 omnes
1125 1125 1359 1183 incedens,
1381 1141 1484 1171 tan-

190 1209 377 1259 tumque
397 1214 422 1242 a
442 1195 625 1242 fortuna
654 1196 830 1258 sperans
860 1198 1066 1243 nondum
1097 1199 1250 1244 afflicta
1266 1234 1278 1255 ‚
1303 1210 1353 1243 ut
1373 1214 1484 1259 pro-

190 1269 294 1333 pius
319 1269 615 1316 temeritatem
647 1271 783 1315 multa
811 1271 972 1316 crebro
993 1271 1206 1318 auderet:
1238 1271 1485 1317 validiores

191 1358 336 1389 naves
355 1377 371 1400 ,
405 1358 461 1387 ex
490 1341 556 1387 his
575 1377 589 1398 ‚
618 1359 718 1405 quae
748 1342 955 1389 alimenta
979 1344 1221 1405 portabant
1242 1347 1290 1392 &
1312 1343 1486 1390 machi-

191 1432 273 1462 nas
292 1451 305 1473 ‚
327 1415 592 1461 deoneratas
613 1416 847 1478 octogenis
866 1416 1074 1477 implevit
1098 1417 1276 1463 armatis
1299 1435 1309 1464 :
1331 1429 1486 1462 reten-

191 1501 335 1551 toque
367 1487 514 1535 secum
552 1489 694 1536 claffis
725 1490 894 1535 robore
916 1488 1114 1536 firmiore
1138 1525 1151 1547 ‚
1173 1506 1306 1553 quam
1329 1490 1374 1535 in
1395 1503 1487 1536 tres

193 1561 404 1608 diviserat
428 1574 602 1623 partes,
635 1579 768 1608 unam
800 1581 900 1609 cum
930 1563 1113 1609 Victore
1138 1563 1306 1609 comite
1334 1562 1487 1624 quiete

195 1635 342 1698 prima
377 1636 522 1682 noCtis
560 1636 704 1682 emitti
740 1637 955 1699 disposuit
977 1672 990 1692 ,
1016 1650 1065 1683 ut
1106 1637 1291 1683 flumine
1321 1635 1485 1698 raptim

195 1707 449 1755 transmiss'o
478 1710 588 1771 ripae
619 1723 950 1771 occuparentur
981 1709 1178 1757 hostiles.
1201 1709 1343 1769 Quod
1377 1724 1486 1754 cum

195 1780 290 1826 acri
313 1793 434 1826 metu
458 1780 602 1826 territi
631 1781 763 1828 duces
795 1781 1018 1828 concordi
1045 1794 1226 1843 precatu
1260 1779 1355 1827 fieri
1377 1797 1489 1843 pro-

195 1853 350 1898 hibere
394 1865 652 1910 tentarent,
685 1869 832 1915 neque
872 1853 1213 1899 destinationem
1255 1852 1489 1900 flecterent

195 1924 418 1986 Principis
435 1961 447 1980 ‚
470 1923 644 1970 sublato
671 1923 841 1970 vexillo
859 1960 873 1982 ‚
903 1937 952 1969 ut
979 1923 1141 1986 juffum
1176 1922 1236 1969 est
1254 1959 1268 1982 ,
1293 1923 1487 1970 evolant

197 2013 223 2043 e
250 1997 489 2058 conspectu
524 1996 726 2060 quinque
755 1995 902 2043 subito
939 2013 1111 2044 naves:
1139 1997 1188 2043 &
1228 2012 1329 2042 cum
1371 1995 1489 2057 ripas

195 2068 287 2132 jam
308 2069 603 2115 adventarent
621 2104 636 2127 ‚
657 2068 827 2116 facibus
849 2070 900 2116 &
920 2070 1046 2114 omni
1066 2068 1247 2114 materia
1265 2104 1278 2124 ,
1299 2084 1386 2130 qua
1409 2068 1490 2113 ali-

198 2156 275 2190 tur
293 2142 424 2206 ignis,
450 2143 598 2203 petitae
617 2142 790 2189 affiduis
812 2142 1014 2202 jactibus,
1038 2159 1139 2188 cum
1162 2142 1377 2186 militibus
1397 2140 1487 2202 jam
1546 2189 1550 2192 ,

200 2216 545 2280 conflagrassent
567 2252 580 2273 ‚
613 2216 659 2261 ni
695 2217 849 2263 veloci
886 2216 1046 2283 vigore
1086 2215 1278 2277 pectoris
1317 2217 1487 2261 excitus

200 2293 450 2352 Imperator
467 2325 480 2347 ‚
512 2290 679 2352 signum
699 2289 778 2335 fibi
794 2289 944 2334 datum
965 2324 978 2346 ‚
1000 2288 1178 2334 nostros
1193 2323 1205 2344 ‚
1229 2288 1353 2350 quod
1369 2304 1488 2333 mar-

204 2363 328 2428 gines
345 2363 432 2427 jam
457 2375 659 2411 tenerent
677 2398 694 2421 ,
713 2376 761 2410 ut
778 2361 1035 2410 mandatum
1059 2360 1119 2407 est
1136 2395 1151 2421 ,
1174 2361 1356 2408 erexisse
1376 2376 1489 2424 pro-
