1626 2917
206 125 490 195 RERUM
534 124 1220 172 MEMORABILIUM;

124 235 276 274 tionum
328 230 450 271 Ponto
494 230 672 280 adjacen-

124 287 221 327 tium
261 284 477 336 descriptio.
522 300 596 331 υ,
633 285 669 324 8.

124 340 375 382 Thraciarum
412 339 477 378 sex
515 340 674 389 provin-

125 398 267 435 ciarum
314 392 674 443 clariffimarumque

126 450 276 488 urbium
301 448 518 498 descriptio.
547 461 617 498 27,
637 462 675 495 4.

127 503 292 544 Thracia
316 503 397 541 auri
412 500 562 541 metalla
578 500 676 540 tulit.

131 569 174 609 31
197 588 208 605 ‚
232 558 272 597 6.

76 613 306 662 Timagenes,
342 623 413 662 15,
440 623 476 661 9.

71 666 231 716 Toniyris
273 666 400 715 regina
436 662 676 715 Scytharum.

124 731 198 770 23,
225 717 265 758 6.

73 772 248 823 Trajanus
269 772 407 811 Comes
431 771 572 811 multos
596 771 678 810 Per-

124 826 180 866 sas
205 827 329 866 caedit.
353 841 415 880 29,
436 840 468 865 1.
491 827 529 864 in
550 829 677 865 Arme-

125 880 188 918 nia
220 880 358 918 milites
388 892 546 930 regens,
577 878 675 927 juli'u

123 933 292 973 Valentis
323 936 360 973 A.
390 935 519 973 Param
548 946 675 983 regem

124 989 313 1028 Armeniae
343 1001 406 1037 per
434 988 608 1026 fraudem
638 986 677 1024 in

125 1042 302 1080 convivio
324 1041 516 1081 interficit.
553 1053 620 1092 30.
642 1054 674 1079 1.

126 1095 305 1145 Magister
326 1095 492 1134 militum
506 1126 514 1135 .
532 1101 678 1143 pugnat

125 1161 235 1199 aequo
262 1157 380 1187 marte
410 1160 498 1187 cum
527 1147 676 1187 Gothis.

128 1215 172 1254 31
189 1217 252 1253 ‚7.
275 1212 434 1252 accepto
457 1202 675 1242 Sebastiano

124 1255 334 1295 succeffore
365 1287 377 1305 ‚
426 1255 678 1294 nihilominus

126 1319 328 1349 revocatus
376 1323 396 1349 a
434 1309 596 1348 Valente
636 1311 673 1347 A.

127 1364 168 1402 in
207 1362 343 1414 proelio
383 1363 487 1412 apud
522 1362 681 1402 Hadria.

127 1417 301 1468 nopolim
317 1418 469 1456 interiit.
501 1431 541 1469 31
558 1448 568 1460 .
589 1429 646 1467 13·

76 1472 366 1525 Transtigritanae
379 1472 544 1522 quinque
561 1471 680 1520 regio-

130 1538 209 1564 nes.
245 1537 319 1576 25,
343 1540 382 1577 7.

79 1579 297 1633 Tripolitani.
330 1580 403 1628 28,
427 1580 463 1621 6.

353 1687 398 1728 V.

81 1796 318 1835 Vadomarius
385 1795 681 1836 Alamannorum

130 1863 222 1897 rex,
246 1863 266 1888 a
299 1849 519 1890 Constantio
545 1852 586 1891 A.
615 1865 681 1901 pa—

132 1915 215 1943 cem
242 1904 432 1954 impetrat.
451 1905 519 1951 16,
542 1919 596 1944 12.
612 1918 680 1955 pro

133 1957 270 1997 vicinis
295 1957 445 2007 regibus
477 1958 596 1997 tribus
620 1972 682 2009 pa-

134 2022 217 2050 cem
238 2012 429 2061 impetrat.
463 2011 507 2050 18
522 2041 532 2059 ,
552 2027 585 2051 2.
615 2026 683 2062 per

132 2064 335 2105 emissarios
360 2065 520 2104 limitem
548 2066 684 2106 Raetia-

132 2131 216 2158 rum
244 2119 359 2158 vastat
371 2151 382 2167 ‚
400 2121 434 2159 Sc
451 2120 682 2160 Libinonem

136 2173 328 2212 Comitem
352 2173 541 2213 interficit.
561 2189 604 2213 21
620 2205 630 2222 ‚
650 2188 684 2226 3.

137 2226 284 2275 capitur
297 2241 317 2266 a
336 2226 487 2276 Juliano
503 2257 514 2275 ‚
534 2230 567 2267 &
592 2227 684 2268 rele-

135 2286 245 2329 gatur
264 2281 304 2318 in
327 2280 538 2331 Hispanias.
562 2296 628 2328 21,
644 2297 681 2331 4.

134 2333 383 2375 Vadomarius
393 2348 439 2374 ex
452 2336 554 2382 Rege
564 2335 686 2376 Alam.

140 2398 228 2424 cum
253 2386 418 2435 Trajuno
442 2388 583 2427 multos
607 2390 686 2430 Per-

140 2438 197 2481 sas
220 2439 412 2493 interficit.
440 2457 488 2499 29
503 2472 515 2494 ,
536 2455 567 2483 ι.

746 233 877 271 Valens
902 245 922 271 a
949 231 1062 270 fratre
1076 229 1347 272 Valentiniano

797 286 981 337 Augustus
1010 285 1230 336 appellatur.
1270 285 1344 332 26,

797 355 833 389 4.
881 337 1035 391 propter
1067 338 1205 379 auxilia
1240 337 1346 377 milla

797 395 985 444 Procopio
1008 402 1078 443 tyr.
1105 392 1247 432 bellum
1264 392 1348 431 Go-

798 449 873 488 this
906 449 1030 487 infert.
1064 462 1136 496 27,
1159 460 1190 499 5.
1212 459 1346 496 pacem

799 515 887 542 cum
925 504 978 541 eis
1019 502 1100 552 post
1142 501 1347 539 triennium

798 558 965 607 acceptis
989 555 1182 595 obsidibus
1209 555 1345 604 jungit.

798 612 882 652 ibid.
915 624 1002 649 cnm
1038 609 1172 648 Gothis
1218 608 1351 646 confli-=

800 666 856 716 git
887 667 987 705 circa
1016 661 1348 712 Hadrianopolim.
1393 703 1397 711 ¹

804 733 876 772 31,
912 733 957 758 12
985 720 1041 771 sq.
1074 718 1114 755 in
1147 730 1190 755 ea
1222 728 1351 766 pugna

800 774 908 823 perit.
937 786 977 825 31
994 802 1007 819 ,
1033 784 1090 823 13.
1111 783 1183 821 qua
1200 771 1352 808 ratione

802 830 837 866 ἃ
861 840 934 877 quo
951 827 1081 865 mortis
1109 837 1244 875 genere
1267 835 1352 873 per-

800 881 895 920 ierit.
945 882 1029 919 ibid.
1074 881 1155 927 ejus
1193 878 1351 916 virtutes

801 937 836 974 ἃς
861 934 961 972 vitia.
987 948 1054 985 31,
1079 947 1136 980 ¹4·
1163 931 1350 982 quamdiu

799 988 1051 1039 imperaverit.
1075 987 1160 1026 ibid..

750 1043 917 1082 Valentia
930 1072 941 1090 ,
965 1054 1049 1092 pars
1065 1039 1263 1081 Britanniae
1278 1037 1353 1078 Ro.

803 1108 938 1134 manae.
976 1095 1048 1140 28,
1084 1107 1116 1145 3.
1152 1107 1172 1132 a
1202 1107 1276 1142 quo
1313 1095 1350 1131 Sc

800 1162 867 1200 per
888 1161 1001 1199 quem
1022 1149 1122 1187 faeta
1143 1148 1354 1198 provincia.

799 1205 885 1243 ib³d.
908 1216 930 1241 a
954 1202 1216 1241 Valentiniano
1233 1201 1276 1241 A.
1296 1201 1351 1241 di-

802 1258 872 1296 sta.
904 1257 988 1296 ibid.

749 1311 985 1349 Valentianus
1014 1310 1165 1361 junior,
1196 1316 1354 1348 mortuo.

800 1364 1066 1404 Valentiniano
1109 1372 1214 1414 patre
1238 1395 1252 1411 ‚
1299 1363 1350 1401 ab

802 1419 972 1458 exercitu
999 1419 1185 1469 Augustus
1219 1417 1350 1468 appel-

800 1473 909 1512 latur.
941 1486 1013 1524 30,
1043 1487 1099 1512 ιο.

751 1528 1028 1566 Wzleminianus
1057 1539 1152 1577 aegre
1185 1533 1349 1565 mortem

802 1581 903 1632 apud
935 1581 1079 1620 Remos
1104 1578 1250 1630 effugit.
1278 1593 1352 1632 25,

805 1649 840 1674 1.
879 1634 1026 1674 Scholae
1061 1634 1233 1674 seeundae
1268 1633 1353 1672 scu-

800 1688 979 1728 tariorum
995 1703 1014 1727 a
1028 1689 1191 1737 Joviano
1209 1689 1251 1728 A.
1265 1700 1352 1738 prze-

801 1743 940 1783 ficitur.
970 1744 1055 1781 ibid.
1084 1742 1268 1792 Augustus
1299 1741 1347 1780 ab

802 1798 970 1837 exercitu
993 1797 1258 1836 consalutatur.
1279 1797 1351 1842 26,

802 1865 837 1890 2.
860 1851 1057 1889 Valentem
1071 1852 1227 1891 fratrem
1241 1849 1352 1888 suum

802 1904 1018 1945 Tribunum
1063 1904 1226 1952 stabuli,
1260 1915 1351 1942 mox

801 1960 904 2009 apud
978 1957 1350 2007 Constantinopolim

801 2014 954 2063 imperii
966 2013 1179 2052 consortem
1189 2012 1354 2051 affumit.

803 2068 877 2115 26,
906 2082 943 2115 4.
973 2067 1184 2117 periculoso
1216 2068 1351 2104 morbo

799 2120 981 2160 liberatus
995 2121 1215 2161 Gratianum
1229 2119 1352 2159 filium

802 2175 930 2215 adhuc
968 2175 1207 2226 impuberem
1228 2205 1240 2221 ,
1270 2175 1349 2213 Au-

804 2229 898 2279 gusti
931 2230 1094 2268 nominis
1123 2229 1351 2280 participem

803 2283 1020 2322 faventibus
1044 2283 1225 2322 militibus
1246 2282 1350 2322 facit.

807 2351 880 2385 27,
900 2338 935 2377 6.
956 2337 1241 2376 Valentinianus
1262 2348 1352 2375 cum

806 2389 986 2430 Gratiano
1015 2390 1189 2431 Rhenum
1214 2389 1355 2430 tranlit.

808 2458 856 2498 27
869 2475 884 2495 ,
902 2458 959 2488 ιο,
983 2443 1281 2485 Alamannorum
1295 2443 1352 2482 ἰη-

1009 2500 1088 2550 Zz
