1626 2917
280 82 517 129 RERUM
551 82 896 130 GESTARUM
932 81 1035 127 LIB.
1074 80 1250 128 XX1V.
1352 98 1414 144 29

127 205 231 253 cum
264 189 427 236 adultis
461 188 680 252 segetibus
715 188 1047 236 incenderunt:
1083 189 1133 236 ὅ(
1168 186 1419 251 conflagra-

126 253 254 315 tione
274 268 517 330 procedere
535 267 691 326 vetiti„
713 267 884 315 stativis
905 265 1074 324 castris,
1095 266 1202 313 dum
1219 267 1417 315 flammae

127 346 403 406 senescerent
420 383 434 405 ,
459 347 738 394 tenebamur.
773 345 1126 409 Insultantesque
1144 347 1277 393 nobis
1308 347 1418 393 lon-

127 426 226 490 gius
256 424 421 484 Persae,
441 443 560 473 nunc
588 426 642 472 de
674 424 884 471 industria
915 425 957 471 se
979 425 1317 483 diffundebant,
1341 425 1421 471 ali-

129 502 308 567 quoties
350 501 598 554 confertius
628 500 913 549 resistentes:
954 514 1003 549 ut
1038 502 1204 565 procul
1238 503 1422 565 conspi-

130 581 339 644 cantibus
383 580 645 629 viderentur
680 581 905 628 advenisse
943 580 1029 641 jam
1065 582 1180 645 regis
1214 585 1384 632 auxilia
1410 622 1427 646 ,

133 657 331 724 ideoque
350 676 429 708 eos
445 659 757 706 aestimaremus
776 660 965 721 erupisse
983 661 1039 706 ad
1059 662 1242 709 audaces
1261 681 1427 711 excur-

132 736 203 784 sus
230 739 280 785 &
306 737 480 796 insolita
505 750 790 785 tentamenta.
819 739 1048 785 Moerebat
1072 751 1219 785 tamen
1247 743 1309 788 ob
1329 743 1426 789 haec

132 804 383 880 Imperator
416 819 465 865 &
495 818 621 864 miles
638 854 650 874 ‚
669 818 796 879 quod
819 835 902 865 nec
932 820 1252 868 contabulandi
1273 824 1426 884 pontis

134 911 230 946 erat
260 898 470 953 facultas,
497 899 655 946 amislis
686 899 877 946 navibus
908 912 1072 946 temere
1091 936 1104 958 ,
1129 918 1211 949 nec
1243 904 1427 951 occurri

134 989 315 1040 poterat
361 976 501 1023 hostis
541 976 780 1029 adventitii
827 977 1026 1022 motibus
1052 1012 1066 1034 ,
1110 995 1243 1041 quem
1282 981 1425 1028 adeffe

136 1052 348 1100 coruscus
375 1052 498 1098 nitor
522 1052 747 1099 indicabat
777 1068 1005 1098 armorum
1022 1089 1035 1110 ,
1058 1065 1150 1100 arte
1170 1071 1253 1115 pro
1274 1055 1429 1119 singu-4

136 1130 192 1176 lis
225 1131 435 1177 membris
470 1129 677 1178 inflexus.
706 1130 874 1194 Hisque
905 1131 1144 1178 accedebat
1165 1133 1285 1179 aliud
1306 1135 1426 1181 haud

138 1206 350 1270 exiguum
379 1208 544 1254 malum
568 1226 578 1253 :
602 1209 727 1271 quod
752 1224 836 1255 nec
863 1207 1133 1254 adminicula
1150 1246 1163 1266 ‚
1182 1227 1282 1273 quae
1307 1229 1426 1273 prae-

140 1284 413 1332 stolabamur
443 1302 546 1332 cum
576 1284 734 1331 Arsace
768 1286 818 1331 &
851 1283 1014 1330 nostris
1052 1285 1269 1345 ducibus,
1292 1305 1430 1350 appa-

141 1364 299 1410 rebant
318 1399 331 1420 ,
361 1362 423 1409 ob
445 1362 590 1409 causas
621 1362 834 1424 impedita
862 1362 1102 1425 praediRas.

209 1444 324 1488 VIII.
341 1442 431 1488 Has
456 1441 518 1486 ob
538 1457 605 1486 res
624 1452 673 1486 ut
700 1440 918 1486 solaretur
938 1441 1098 1487 anxios
1120 1441 1282 1491 milites
1301 1445 1433 1496 Prin-

144 1537 277 1583 ceps,
297 1518 507 1582 captivos
531 1519 716 1582 graciles
738 1518 889 1580 suapte
908 1532 1065 1565 natura
1079 1554 1092 1573 ‚
1118 1532 1168 1566 ut
1185 1539 1313 1583 paene
1332 1522 1434 1571 sunt

143 1599 307 1658 Persae,
326 1601 375 1646 ὃ(
392 1598 532 1646 macie
550 1597 637 1659 jam
664 1596 915 1656 confecios,
930 1596 1045 1657 juffit
1064 1598 1112 1645 in
1133 1600 1329 1647 medium
1352 1601 1433 1646 du-

144 1681 186 1729 ci
210 1699 221 1728 :
240 1677 504 1742 nostrosque
527 1677 767 1741 respiciens
785 1713 797 1733 ‚
822 1681 894 1723 En
913 1714 924 1733 ‚
947 1677 1118 1741 inquit,
1138 1698 1239 1740 quos
1270 1684 1435 1727 Martia,

144 1762 222 1828 ist'a
239 1761 406 1822 peHora
430 1761 542 1806 viros
572 1759 810 1823 existimant
829 1792 842 1815 ‚
874 1758 1073 1817 deformes
1094 1762 1236 1806 illuvie
1254 1767 1435 1822 capellas

143 1836 190 1885 δ’
220 1855 385 1896 taecras,
417 1854 536 1898 utque
570 1840 695 1883 crebri
725 1840 948 1882 docuerunt
978 1854 1142 1882 eventus
1166 1872 1179 1894 ‚
1215 1846 1451 1900 antequam*

145 1936 298 1965 manus
315 1916 530 1976 conferant
549 1951 562 1972 ‚
587 1916 758 1973 abjec‘lis
786 1918 914 1981 armis
937 1932 1130 1963 vertentes
1143 1918 1276 1977 fimet
1292 1922 1337 1964 in
1357 1920 1439 1978 fa-

148 2015 260 2059 gam.
291 1996 472 2056 Quibus
502 1994 655 2052 diuis,
677 1994 948 2057 remotisque
975 1994 1169 2055 captivis
1186 2031 1199 2054 ,
1221 1996 1351 2059 super
1370 2014 1440 2045 re·-

150 2090 248 2119 rum
270 2071 437 2118 summa
462 2071 809 2119 consultabatur.
842 2075 894 2118 Et
920 2072 1069 2119 multis
1088 2073 1211 2120 ultro
1231 2075 1440 2137 citroque

153 2141 360 2201 diffitatis
386 2186 400 2209 ‚
422 2169 525 2199 cum
551 2151 715 2198 reverti
752 2151 910 2197 debere
940 2169 1017 2213 per
1036 2151 1166 2208 loca,
1184 2170 1269 2215 qua
1307 2157 1443 2200 veni-

154 2249 278 2286 mus,
304 2232 428 2292 plebs
460 2230 785 2278 vociferaretur
815 2229 1105 2292 imprudens:
1138 2231 1355 2278 resistebat
1374 2232 1443 2276 in·

154 2307 323 2357 tentius
354 2308 564 2368 Princeps
586 2343 599 2362 ‚
630 2307 782 2353 multis
810 2325 910 2353 cum
939 2325 994 2353 eo
1023 2325 1301 2372 nequaquam
1341 2306 1440 2355 fieri

153 2386 276 2451 poffe
299 2385 670 2449 monstrantibus,
697 2400 777 2449 per
807 2382 987 2432 effusam
1017 2385 1246 2449 planitiem
1273 2384 1441 2449 pabulo
