1626 2917
271 204 342 238 xx
445 193 842 237 AMMJANI
883 192 1414 238 MARCELLINI

268 299 331 346 bo
359 309 485 358 utar,
507 304 632 346 vellit.
668 297 892 358 Quamvis
925 297 1056 362 igitur
1080 300 1133 346 de
1159 300 1336 346 Juliano
1364 299 1546 362 scripse-

268 364 328 411 rit
357 364 488 410 initio
512 365 610 410 libri
632 365 742 410 XVI
757 399 769 420 ,
790 365 1017 424 Quidquid
1032 367 1079 410 de
1097 384 1140 411 eo
1157 367 1415 421 narrabitur,
1437 367 1549 426 quod

266 449 353 476 non
405 437 451 475 al
461 448 544 477 ztas
568 445 717 491 arguta
742 430 993 485 concinnat,
1007 431 1087 490 sed
1100 432 1211 490 fides
1236 435 1392 493 integra
1416 450 1544 476 rerum

265 496 465 555 absolvit,
489 497 742 541 documentis
767 495 1020 540 evidentibus
1031 494 1178 553 fulta,
1198 499 1258 541 ad
1280 499 1543 541 laudativam

260 578 377 620 paene
417 564 629 608 materiam
656 559 877 620 pertinebit
898 575 915 602 .·
958 574 1106 605 tamen
1142 576 1237 605 non
1276 560 1546 623 ignorabat,

264 625 375 687 quid
400 637 707 687 quantumque
734 622 1001 684 discreparet
1022 624 1077 669 ab
1099 625 1311 672 encomio
1336 625 1548 680 historia;

264 706 366 749 quae
395 697 458 737 θὶς
489 696 562 736 ὃιᾰ
592 695 730 736 πασῶν
762 687 878 733 inter
911 687 952 734 se
983 687 1160 735 differre
1194 689 1415 737 Lucianus
1448 689 1544 738 ait:

263 755 337 800 sed
364 755 453 799 hoc
476 753 648 810 voluit,
669 769 828 799 omnes
851 752 957 799 vitae
987 753 1151 800 Juliani
1174 768 1317 816 partes
1334 790 1349 813 ,
1368 756 1418 801 &
1445 768 1547 801 tan-

264 836 400 882 quam
425 817 544 863 acius
564 837 681 878 paene
700 816 772 881 effe
794 819 1039 866 laudabiles.
1073 819 1224 865 Munit
1246 819 1366 865 enim
1395 819 1435 866 se
1458 820 1546 866 stu-

262 884 386 930 diose
414 883 631 944 particula
660 884 917 938 minuente,
938 900 993 929 ne
1014 883 1061 930 in
1084 882 1344 931 encomium
1371 896 1546 932 tantum

263 949 447 1013 (quod,
467 947 547 993 nisi
574 948 761 994 veritate
789 960 1000 1011 cogente,
1028 948 1227 995 historiae
1253 966 1348 995 non
1377 949 1439 995 est
1463 950 1545 997 ad·

262 1014 566 1073 miscendum)
589 1012 677 1059 labi
704 1013 944 1060 videretur.
980 1013 1118 1077 quue
1142 1030 1244 1060 cum
1274 1026 1377 1061 toto
1407 1030 1546 1076 opere

263 1092 476 1142 apparet,
512 1093 604 1123 tum
640 1078 833 1124 maxime
864 1094 920 1124 ex
953 1094 1003 1124 ea
1026 1114 1039 1134 ,
1074 1095 1205 1141 quam
1244 1095 1330 1141 pro
1367 1080 1546 1126 Juliano

260 1161 358 1191 non
387 1144 530 1190 solum
548 1179 561 1200 ,
584 1142 655 1189 sed
679 1143 810 1189 etiam
840 1159 925 1205 pro
953 1142 1166 1190 defuncto
1194 1144 1399 1207 quolibet
1419 1145 1544 1190 Prin-

260 1211 361 1272 cipe
390 1209 603 1264 instituit,
632 1208 849 1254 virtutum
879 1224 930 1255 ac
959 1208 1177 1255 vitiorum
1207 1210 1543 1271 anacephalaeo-

259 1275 323 1320 si:
358 1274 403 1321 in
440 1291 530 1337 qua
562 1289 611 1318 ea
643 1274 840 1320 breviter
863 1273 1105 1336 aliquando
1134 1274 1416 1337 perstringit,
1445 1291 1546 1336 quae

259 1339 305 1386 in
337 1356 484 1385 rerum
515 1338 735 1401 gestarum
769 1339 1023 1384 narratione
1054 1352 1267 1401 tanquam
1297 1338 1545 1386 minutiora

261 1405 487 1453 omiserat.
520 1403 756 1450 Diffimilis
783 1403 882 1449 sane
908 1403 1091 1449 Zofimo
1116 1403 1183 1449 illi
1212 1404 1544 1450 maledicentis-

261 1470 374 1516 fimo
405 1469 612 1531 scriptori
641 1469 692 1516 &
717 1467 986 1531 nigerrimo,
1015 1468 1144 1530 cujus
1177 1469 1509 1515 amarulentiam
1527 1504 1546 1526 ,

261 1536 311 1582 &
349 1536 533 1581 latratus
569 1534 617 1580 in
652 1534 752 1596 pios
787 1533 1050 1596 Principes,
1093 1533 1443 1580 Constantinum
1491 1535 1545 1583 &

261 1599 598 1656 Theodosium,
627 1611 676 1645 ut
706 1598 973 1645 Christianae
1000 1600 1050 1646 ὅ(
1072 1599 1265 1660 purioris
1297 1598 1422 1645 seEtae
1457 1616 1541 1662 pa-

259 1675 450 1723 tronos,
479 1680 615 1710 nemo
647 1680 842 1727 unquam
874 1662 971 1725 jure
1003 1663 1295 1711 excusaverit.

325 1732 445 1776 Inter
471 1744 641 1792 paucos
668 1728 803 1791 igitur
823 1729 1015 1776 lectione
1040 1727 1132 1790 jugi
1155 1729 1312 1791 dignus
1332 1726 1392 1774 est
1415 1730 1541 1775 Mar-

259 1797 460 1852 cellinus,
488 1795 592 1856 quia
615 1795 696 1854 <ut
725 1794 780 1839 ab
805 1793 898 1854 ejus
925 1793 1114 1856 persona
1135 1795 1188 1839 ad
1211 1809 1279 1839 res
1303 1793 1542 1855 descriptas

257 1859 501 1920 transeam)
520 1872 773 1920 temporum
794 1858 975 1906 illorum
990 1894 1004 1916 ‚
1022 1857 1182 1920 quibus
1202 1874 1270 1904 res
1288 1858 1541 1906 Christiana

256 1923 583 1982 invalescebat,
612 1924 916 1988 insignemque
950 1923 1206 1986 reipublicae
1241 1924 1538 1970 mutationem

258 1988 493 2048 afferebat,
513 1988 821 2052 cognitionem
841 1988 1154 2035 nobiliffimam
1175 1989 1223 2034 &
1245 1988 1538 2051 digniffimam

257 2055 554 2118 repraesentat.
584 2055 718 2101 Certe
741 2054 786 2101 in
815 2053 1035 2116 plerisque
1062 2052 1259 2099 historiae
1290 2054 1409 2100 illius
1436 2070 1539 2116 par-

255 2119 376 2166 tibus
413 2120 625 2183 insignem
668 2119 773 2166 licet
795 2119 895 2167 Dei
934 2117 1267 2182 providentiam
1297 2119 1539 2177 admirari,

257 2185 337 2247 qui
373 2185 471 2247 post
498 2189 665 2231 laxatas
698 2184 918 2231 sceleratis
949 2184 1165 2241 habenas,
1196 2181 1296 2245 post
1324 2181 1538 2231 effrenem

255 2249 443 2296 honesta
467 2250 621 2296 omnia
639 2249 925 2312 pervertendi
942 2247 1379 2303 licentiam,tandem
1406 2249 1459 2294 de
1485 2248 1542 2295 iis

257 2315 428 2362 debitas
457 2315 595 2378 exigit
623 2330 795 2376 poenas.
835 2314 907 2362 Sic
934 2313 1091 2360 Paulus
1122 2312 1222 2369 ille,
1254 2313 1308 2358 ab
1339 2313 1539 2375 compli-

254 2381 507 2426 candorum
527 2379 815 2442 negotiorum
840 2379 1050 2425 industria
1071 2377 1241 2424 Catena
1265 2378 1402 2423 dictus
1416 2413 1428 2433 ,
1447 2391 1538 2424 tar·

254 2456 404 2492 tareus
433 2445 632 2500 delator3
661 2444 718 2490 fic
748 2444 1022 2490 Maximinus
1045 2442 1273 2505 utriusque
1295 2442 1538 2489 Praefessu-
1584 2477 1589 2485 .

255 2526 318 2558 rae
342 2512 533 2559 obtentu
559 2510 606 2557 in
633 2509 761 2557 omni
781 2508 1067 2573 malignitatis
1085 2509 1136 2557 &
1160 2507 1436 2556 crudelitatis
1461 2522 1536 2571 geg
