<?xml version="1.0" encoding="UTF-8"?>
<!DOCTYPE html PUBLIC "-//W3C//DTD XHTML 1.0 Transitional//EN"
    "http://www.w3.org/TR/xhtml1/DTD/xhtml1-transitional.dtd">
<html xmlns="http://www.w3.org/1999/xhtml" xml:lang="en" lang="en">
 <head>
  <title>
</title>
<meta http-equiv="Content-Type" content="text/html;charset=utf-8" />
  <meta name='ocr-system' content='tesseract 3.04.00' />
  <meta name='ocr-capabilities' content='ocr_page ocr_carea ocr_par ocr_line ocrx_word'/>
</head>
<body>
  <div class='ocr_page' id='page_1' title='image "./rerumgestarumqui00ammiuoft_0349.png"; bbox 0 0 1626 2917; ppageno 0'>
   <div class='ocr_carea' id='block_1_1' title="bbox 1258 205 1346 267">
    <p class='ocr_par' dir='ltr' id='par_1_1' title="bbox 1258 205 1346 267">
     <span class='ocr_line' id='line_1_1' title="bbox 1258 205 1346 267; baseline 0.011 -13"><span class='ocrx_word' id='word_1_1' title='bbox 1258 205 1346 267; x_wconf 79' lang='lat'>285</span> 
     </span>
    </p>
   </div>
   <div class='ocr_carea' id='block_1_2' title="bbox 84 372 1356 666">
    <p class='ocr_par' dir='ltr' id='par_1_2' title="bbox 84 372 1356 666">
     <span class='ocr_line' id='line_1_2' title="bbox 134 372 1276 497; baseline -0.001 -52"><span class='ocrx_word' id='word_1_2' title='bbox 134 375 615 497; x_wconf 16' lang='lat' dir='ltr'>*AMMIANI</span> <span class='ocrx_word' id='word_1_3' title='bbox 670 372 1276 447; x_wconf 82' lang='lat' dir='ltr'>MARCELLINI</span> 
     </span>
     <span class='ocr_line' id='line_1_3' title="bbox 84 572 1356 666; baseline 0 -2"><span class='ocrx_word' id='word_1_4' title='bbox 84 573 567 664; x_wconf 86' lang='lat' dir='ltr'>RERUM</span> <span class='ocrx_word' id='word_1_5' title='bbox 627 572 1356 666; x_wconf 86' lang='lat' dir='ltr'><strong>GESTARUM</strong></span> 
     </span>
    </p>
   </div>
   <div class='ocr_carea' id='block_1_3' title="bbox 393 789 1033 850">
    <p class='ocr_par' dir='ltr' id='par_1_3' title="bbox 393 789 1033 850">
     <span class='ocr_line' id='line_1_4' title="bbox 393 789 1033 850; baseline 0.006 -6"><span class='ocrx_word' id='word_1_6' title='bbox 393 789 740 845; x_wconf 90' lang='lat' dir='ltr'>LIBER</span> <span class='ocrx_word' id='word_1_7' title='bbox 807 789 1033 850; x_wconf 84' lang='lat' dir='ltr'><strong>XXII.</strong></span> 
     </span>
    </p>
   </div>
   <div class='ocr_carea' id='block_1_4' title="bbox 341 951 1081 977">
    <p class='ocr_par' dir='ltr' id='par_1_4' title="bbox 341 951 1081 977">
     <span class='ocr_line' id='line_1_5' title="bbox 341 951 1081 977; baseline 0 1940"><span class='ocrx_word' id='word_1_8' title='bbox 341 951 1081 977; x_wconf 95' lang='lat' dir='ltr'> </span> 
     </span>
    </p>
   </div>
   <div class='ocr_carea' id='block_1_5' title="bbox 79 1079 1354 2557">
    <p class='ocr_par' dir='ltr' id='par_1_5' title="bbox 79 1079 1354 2557">
     <span class='ocr_line' id='line_1_6' title="bbox 79 1079 1351 1130; baseline 0.001 -11"><span class='ocrx_word' id='word_1_9' title='bbox 79 1079 252 1130; x_wconf 78' lang='lat' dir='ltr'>Julianus</span> <span class='ocrx_word' id='word_1_10' title='bbox 277 1081 317 1120; x_wconf 79' lang='lat' dir='ltr'>A.</span> <span class='ocrx_word' id='word_1_11' title='bbox 341 1087 445 1119; x_wconf 81' lang='lat' dir='ltr'>metu</span> <span class='ocrx_word' id='word_1_12' title='bbox 476 1079 681 1120; x_wconf 89' lang='lat' dir='ltr'>Constantii</span> <span class='ocrx_word' id='word_1_13' title='bbox 705 1081 749 1120; x_wconf 89' lang='lat' dir='ltr'>A.</span> <span class='ocrx_word' id='word_1_14' title='bbox 778 1079 936 1120; x_wconf 78' lang='lat' dir='ltr'>subsistit</span> <span class='ocrx_word' id='word_1_15' title='bbox 963 1080 1002 1119; x_wconf 87' lang='lat' dir='ltr'>in</span> <span class='ocrx_word' id='word_1_16' title='bbox 1022 1080 1162 1130; x_wconf 80' lang='lat' dir='ltr'>Dacia,</span> <span class='ocrx_word' id='word_1_17' title='bbox 1194 1082 1230 1121; x_wconf 65' lang='grc' dir='ltr'>ὃς</span> <span class='ocrx_word' id='word_1_18' title='bbox 1253 1079 1351 1120; x_wconf 84' lang='lat' dir='ltr'>clam</span> 
     </span>
     <span class='ocr_line' id='line_1_7' title="bbox 131 1142 1353 1194; baseline -0.002 -11"><span class='ocrx_word' id='word_1_19' title='bbox 131 1143 349 1194; x_wconf 88' lang='lat' dir='ltr'>haruspices</span> <span class='ocrx_word' id='word_1_20' title='bbox 363 1155 407 1182; x_wconf 87' lang='lat' dir='ltr'>ac</span> <span class='ocrx_word' id='word_1_21' title='bbox 423 1156 581 1193; x_wconf 86' lang='lat' dir='ltr'>augures</span> <span class='ocrx_word' id='word_1_22' title='bbox 594 1142 769 1183; x_wconf 87' lang='lat' dir='ltr'>consulit.</span> <span class='ocrx_word' id='word_1_23' title='bbox 793 1145 828 1183; x_wconf 90' lang='lat' dir='ltr'>C.</span> <span class='ocrx_word' id='word_1_24' title='bbox 842 1145 872 1183; x_wconf 93' lang='lat' dir='ltr'>I.</span> <span class='ocrx_word' id='word_1_25' title='bbox 889 1143 1062 1191; x_wconf 83' lang='lat' dir='ltr'>Julianus</span> <span class='ocrx_word' id='word_1_26' title='bbox 1081 1142 1233 1193; x_wconf 85' lang='lat' dir='ltr'>cognita</span> <span class='ocrx_word' id='word_1_27' title='bbox 1250 1156 1353 1182; x_wconf 57' lang='lat' dir='ltr'>more·</span> 
     </span>
     <span class='ocr_line' id='line_1_8' title="bbox 131 1204 1352 1256; baseline 0 -12"><span class='ocrx_word' id='word_1_28' title='bbox 131 1214 171 1244; x_wconf 88' lang='lat' dir='ltr'>te</span> <span class='ocrx_word' id='word_1_29' title='bbox 203 1205 408 1245; x_wconf 85' lang='lat' dir='ltr'>Constantii</span> <span class='ocrx_word' id='word_1_30' title='bbox 440 1205 656 1244; x_wconf 77' lang='lat' dir='ltr'>transcurrit</span> <span class='ocrx_word' id='word_1_31' title='bbox 681 1204 888 1253; x_wconf 85' lang='lat' dir='ltr'>Thracias,</span> <span class='ocrx_word' id='word_1_32' title='bbox 915 1206 948 1244; x_wconf 73' lang='lat' dir='ltr'>Sc</span> <span class='ocrx_word' id='word_1_33' title='bbox 980 1204 1352 1256; x_wconf 85' lang='lat' dir='ltr'>Constantinopolim</span> 
     </span>
     <span class='ocr_line' id='line_1_9' title="bbox 129 1268 1354 1320; baseline 0.002 -13"><span class='ocrx_word' id='word_1_34' title='bbox 129 1277 307 1319; x_wconf 78' lang='lat' dir='ltr'>pacatam</span> <span class='ocrx_word' id='word_1_35' title='bbox 326 1269 463 1316; x_wconf 80' lang='lat' dir='ltr'>intrat,</span> <span class='ocrx_word' id='word_1_36' title='bbox 491 1276 694 1319; x_wconf 85' lang='lat' dir='ltr'>totumque</span> <span class='ocrx_word' id='word_1_37' title='bbox 708 1268 911 1319; x_wconf 87' lang='lat' dir='ltr'>imperium</span> <span class='ocrx_word' id='word_1_38' title='bbox 937 1268 1050 1308; x_wconf 89' lang='lat' dir='ltr'>Rom.</span> <span class='ocrx_word' id='word_1_39' title='bbox 1076 1269 1167 1308; x_wconf 91' lang='lat' dir='ltr'>citra</span> <span class='ocrx_word' id='word_1_40' title='bbox 1181 1281 1354 1320; x_wconf 83' lang='lat' dir='ltr'>pugnam</span> 
     </span>
     <span class='ocr_line' id='line_1_10' title="bbox 129 1330 1353 1381; baseline 0 -12"><span class='ocrx_word' id='word_1_41' title='bbox 129 1331 279 1381; x_wconf 87' lang='lat' dir='ltr'>recipit.</span> <span class='ocrx_word' id='word_1_42' title='bbox 301 1332 352 1370; x_wconf 94' lang='lat' dir='ltr'>II.</span> <span class='ocrx_word' id='word_1_43' title='bbox 382 1330 640 1370; x_wconf 87' lang='lat' dir='ltr'>Constantiani</span> <span class='ocrx_word' id='word_1_44' title='bbox 663 1331 845 1380; x_wconf 89' lang='lat' dir='ltr'>quidam,</span> <span class='ocrx_word' id='word_1_45' title='bbox 868 1343 954 1380; x_wconf 89' lang='lat' dir='ltr'>pars</span> <span class='ocrx_word' id='word_1_46' title='bbox 974 1331 1078 1379; x_wconf 82' lang='lat' dir='ltr'>jure,</span> <span class='ocrx_word' id='word_1_47' title='bbox 1104 1343 1190 1381; x_wconf 88' lang='lat' dir='ltr'>pars</span> <span class='ocrx_word' id='word_1_48' title='bbox 1216 1332 1353 1380; x_wconf 82' lang='lat' dir='ltr'>injuria</span> 
     </span>
     <span class='ocr_line' id='line_1_11' title="bbox 134 1392 1353 1444; baseline 0.001 -12"><span class='ocrx_word' id='word_1_49' title='bbox 134 1393 376 1434; x_wconf 79' lang='lat' dir='ltr'>damnantur.</span> <span class='ocrx_word' id='word_1_50' title='bbox 400 1394 469 1432; x_wconf 88' lang='grc' dir='ltr'><em>ΙΙΙ.</em></span> <span class='ocrx_word' id='word_1_51' title='bbox 487 1392 693 1432; x_wconf 85' lang='lat' dir='ltr'>Eunuchos</span> <span class='ocrx_word' id='word_1_52' title='bbox 713 1406 868 1442; x_wconf 85' lang='lat' dir='ltr'>omncs,</span> <span class='ocrx_word' id='word_1_53' title='bbox 891 1395 925 1432; x_wconf 67' lang='grc' dir='ltr'>ἃ</span> <span class='ocrx_word' id='word_1_54' title='bbox 948 1392 1118 1432; x_wconf 86' lang='lat' dir='ltr'>tonsores</span> <span class='ocrx_word' id='word_1_55' title='bbox 1141 1405 1185 1433; x_wconf 87' lang='lat' dir='ltr'>ac</span> <span class='ocrx_word' id='word_1_56' title='bbox 1208 1406 1353 1444; x_wconf 77' lang='lat' dir='ltr'>coquos</span> 
     </span>
     <span class='ocr_line' id='line_1_12' title="bbox 131 1454 1353 1506; baseline 0.001 -11"><span class='ocrx_word' id='word_1_57' title='bbox 131 1454 273 1506; x_wconf 86' lang='lat' dir='ltr'>palatio</span> <span class='ocrx_word' id='word_1_58' title='bbox 290 1455 448 1506; x_wconf 82' lang='lat' dir='ltr'>expellit</span> <span class='ocrx_word' id='word_1_59' title='bbox 471 1456 641 1503; x_wconf 80' lang='lat' dir='ltr'>Julianus</span> <span class='ocrx_word' id='word_1_60' title='bbox 666 1457 708 1496; x_wconf 84' lang='lat' dir='ltr'>A.</span> <span class='ocrx_word' id='word_1_61' title='bbox 731 1457 765 1495; x_wconf 70' lang='grc' dir='ltr'>ἃ</span> <span class='ocrx_word' id='word_1_62' title='bbox 785 1456 831 1494; x_wconf 88' lang='lat' dir='ltr'>dc</span> <span class='ocrx_word' id='word_1_63' title='bbox 856 1455 1111 1506; x_wconf 84' lang='lat' dir='ltr'>palatinorum</span> <span class='ocrx_word' id='word_1_64' title='bbox 1137 1455 1353 1506; x_wconf 86' lang='lat' dir='ltr'>spadonum</span> 
     </span>
     <span class='ocr_line' id='line_1_13' title="bbox 130 1516 1350 1568; baseline 0.003 -13"><span class='ocrx_word' id='word_1_65' title='bbox 130 1518 256 1565; x_wconf 84' lang='lat' dir='ltr'>vitiis,</span> <span class='ocrx_word' id='word_1_66' title='bbox 275 1530 319 1556; x_wconf 86' lang='lat' dir='ltr'>ac</span> <span class='ocrx_word' id='word_1_67' title='bbox 344 1518 391 1556; x_wconf 91' lang='lat' dir='ltr'>de</span> <span class='ocrx_word' id='word_1_68' title='bbox 413 1528 589 1568; x_wconf 88' lang='lat' dir='ltr'>corrupta</span> <span class='ocrx_word' id='word_1_69' title='bbox 613 1517 808 1568; x_wconf 80' lang='lat' dir='ltr'>disciplina</span> <span class='ocrx_word' id='word_1_70' title='bbox 833 1517 1004 1557; x_wconf 72' lang='lat' dir='ltr'>militari.</span> <span class='ocrx_word' id='word_1_71' title='bbox 1021 1516 1086 1557; x_wconf 89' lang='lat' dir='ltr'>IV.</span> <span class='ocrx_word' id='word_1_72' title='bbox 1111 1518 1285 1567; x_wconf 86' lang='lat' dir='ltr'>Julianus</span> <span class='ocrx_word' id='word_1_73' title='bbox 1310 1520 1350 1559; x_wconf 81' lang='lat' dir='ltr'>A.</span> 
     </span>
     <span class='ocr_line' id='line_1_14' title="bbox 131 1577 1352 1629; baseline 0.002 -13"><span class='ocrx_word' id='word_1_74' title='bbox 131 1577 279 1616; x_wconf 90' lang='lat' dir='ltr'>cultum</span> <span class='ocrx_word' id='word_1_75' title='bbox 317 1578 508 1627; x_wconf 84' lang='lat' dir='ltr'>Deorum,</span> <span class='ocrx_word' id='word_1_76' title='bbox 538 1588 649 1617; x_wconf 85' lang='lat' dir='ltr'>antea</span> <span class='ocrx_word' id='word_1_77' title='bbox 680 1577 977 1627; x_wconf 84' lang='lat' dir='ltr'>diffimulatum,</span> <span class='ocrx_word' id='word_1_78' title='bbox 1009 1578 1135 1629; x_wconf 87' lang='lat' dir='ltr'>palam</span> <span class='ocrx_word' id='word_1_79' title='bbox 1170 1581 1205 1619; x_wconf 73' lang='grc' dir='ltr'>ἃ</span> <span class='ocrx_word' id='word_1_80' title='bbox 1232 1579 1352 1619; x_wconf 86' lang='lat' dir='ltr'>libere</span> 
     </span>
     <span class='ocr_line' id='line_1_15' title="bbox 129 1638 1353 1690; baseline 0.002 -13"><span class='ocrx_word' id='word_1_81' title='bbox 129 1638 330 1689; x_wconf 85' lang='lat' dir='ltr'>profitetur</span> <span class='ocrx_word' id='word_1_82' title='bbox 342 1669 352 1688; x_wconf 96' lang='lat'>,</span> <span class='ocrx_word' id='word_1_83' title='bbox 373 1641 407 1679; x_wconf 71' lang='grc' dir='ltr'>δε</span> <span class='ocrx_word' id='word_1_84' title='bbox 422 1639 723 1679; x_wconf 87' lang='lat' dir='ltr'>Christianorum</span> <span class='ocrx_word' id='word_1_85' title='bbox 739 1640 940 1690; x_wconf 80' lang='lat' dir='ltr'>episcopos</span> <span class='ocrx_word' id='word_1_86' title='bbox 959 1640 1057 1678; x_wconf 87' lang='lat' dir='ltr'>inter</span> <span class='ocrx_word' id='word_1_87' title='bbox 1072 1639 1109 1678; x_wconf 87' lang='lat' dir='ltr'>se</span> <span class='ocrx_word' id='word_1_88' title='bbox 1132 1642 1353 1681; x_wconf 83' lang='lat' dir='ltr'>committit,</span> 
     </span>
     <span class='ocr_line' id='line_1_16' title="bbox 135 1701 1353 1752; baseline 0.001 -12"><span class='ocrx_word' id='word_1_89' title='bbox 135 1702 180 1741; x_wconf 90' lang='lat' dir='ltr'>V.</span> <span class='ocrx_word' id='word_1_90' title='bbox 219 1702 306 1752; x_wconf 87' lang='lat' dir='ltr'>Qua</span> <span class='ocrx_word' id='word_1_91' title='bbox 336 1711 414 1741; x_wconf 84' lang='lat' dir='ltr'>arte</span> <span class='ocrx_word' id='word_1_92' title='bbox 445 1701 661 1752; x_wconf 82' lang='lat' dir='ltr'>complures</span> <span class='ocrx_word' id='word_1_93' title='bbox 687 1701 897 1752; x_wconf 84' lang='lat' dir='ltr'>litigatores</span> <span class='ocrx_word' id='word_1_94' title='bbox 924 1701 1145 1752; x_wconf 77' lang='lat' dir='ltr'>AEgyptios,</span> <span class='ocrx_word' id='word_1_95' title='bbox 1168 1714 1188 1740; x_wconf 85' lang='lat' dir='ltr'>a</span> <span class='ocrx_word' id='word_1_96' title='bbox 1214 1702 1353 1752; x_wconf 76' lang='lat' dir='ltr'>quibus</span> 
     </span>
     <span class='ocr_line' id='line_1_17' title="bbox 129 1762 1354 1815; baseline 0 -13"><span class='ocrx_word' id='word_1_97' title='bbox 129 1762 287 1802; x_wconf 89' lang='lat' dir='ltr'>moleste</span> <span class='ocrx_word' id='word_1_98' title='bbox 311 1763 646 1815; x_wconf 66' lang='lat' dir='ltr'>interpellabatur,</span> <span class='ocrx_word' id='word_1_99' title='bbox 665 1764 824 1803; x_wconf 88' lang='lat' dir='ltr'>domum</span> <span class='ocrx_word' id='word_1_100' title='bbox 845 1764 966 1802; x_wconf 85' lang='lat' dir='ltr'>redire</span> <span class='ocrx_word' id='word_1_101' title='bbox 985 1765 1165 1814; x_wconf 86' lang='lat' dir='ltr'>coegerit.</span> <span class='ocrx_word' id='word_1_102' title='bbox 1192 1766 1254 1804; x_wconf 87' lang='lat' dir='ltr'>VI.</span> <span class='ocrx_word' id='word_1_103' title='bbox 1278 1765 1354 1813; x_wconf 82' lang='lat' dir='ltr'>Ju-</span> 
     </span>
     <span class='ocr_line' id='line_1_18' title="bbox 128 1826 1352 1878; baseline 0.002 -12"><span class='ocrx_word' id='word_1_104' title='bbox 128 1826 253 1867; x_wconf 83' lang='lat' dir='ltr'>lian‘us</span> <span class='ocrx_word' id='word_1_105' title='bbox 282 1827 606 1878; x_wconf 88' lang='lat' dir='ltr'>Constantinopoli</span> <span class='ocrx_word' id='word_1_106' title='bbox 640 1827 736 1878; x_wconf 70' lang='lat' dir='ltr'>saepe</span> <span class='ocrx_word' id='word_1_107' title='bbox 768 1830 828 1877; x_wconf 86' lang='lat' dir='ltr'>jus</span> <span class='ocrx_word' id='word_1_108' title='bbox 857 1828 949 1867; x_wconf 87' lang='lat' dir='ltr'>dicit</span> <span class='ocrx_word' id='word_1_109' title='bbox 973 1827 1011 1867; x_wconf 91' lang='lat' dir='ltr'>in</span> <span class='ocrx_word' id='word_1_110' title='bbox 1045 1828 1172 1876; x_wconf 84' lang='lat' dir='ltr'>curia,</span> <span class='ocrx_word' id='word_1_111' title='bbox 1196 1830 1232 1868; x_wconf 64' lang='grc' dir='ltr'>ἅ</span> <span class='ocrx_word' id='word_1_112' title='bbox 1257 1829 1352 1868; x_wconf 88' lang='lat' dir='ltr'>dum</span> 
     </span>
     <span class='ocr_line' id='line_1_19' title="bbox 126 1887 1351 1940; baseline 0.002 -13"><span class='ocrx_word' id='word_1_113' title='bbox 126 1887 185 1927; x_wconf 84' lang='lat' dir='ltr'>ibi</span> <span class='ocrx_word' id='word_1_114' title='bbox 212 1887 460 1928; x_wconf 89' lang='lat' dir='ltr'>Thraciarum</span> <span class='ocrx_word' id='word_1_115' title='bbox 491 1903 548 1929; x_wconf 91' lang='lat' dir='ltr'>res</span> <span class='ocrx_word' id='word_1_116' title='bbox 582 1891 755 1936; x_wconf 85' lang='lat' dir='ltr'>ordinat,</span> <span class='ocrx_word' id='word_1_117' title='bbox 788 1890 902 1928; x_wconf 86' lang='lat' dir='ltr'>variis</span> <span class='ocrx_word' id='word_1_118' title='bbox 935 1900 1149 1929; x_wconf 78' lang='lat' dir='ltr'>exterarum</span> <span class='ocrx_word' id='word_1_119' title='bbox 1176 1891 1351 1940; x_wconf 83' lang='lat' dir='ltr'>gentium</span> 
     </span>
     <span class='ocr_line' id='line_1_20' title="bbox 127 1949 1350 2003; baseline 0.002 -14"><span class='ocrx_word' id='word_1_120' title='bbox 127 1949 382 2002; x_wconf 85' lang='lat' dir='ltr'>legationibus</span> <span class='ocrx_word' id='word_1_121' title='bbox 399 1953 538 1992; x_wconf 83' lang='lat' dir='ltr'>aditur.</span> <span class='ocrx_word' id='word_1_122' title='bbox 560 1953 643 1993; x_wconf 89' lang='lat' dir='ltr'><em>VII.</em></span> <span class='ocrx_word' id='word_1_123' title='bbox 666 1952 877 2003; x_wconf 84' lang='lat' dir='ltr'>Descriptio</span> <span class='ocrx_word' id='word_1_124' title='bbox 898 1951 1171 2000; x_wconf 79' lang='lat' dir='ltr'>Thraciarum,</span> <span class='ocrx_word' id='word_1_125' title='bbox 1198 1955 1233 1992; x_wconf 65' lang='lat' dir='ltr'>Sc</span> <span class='ocrx_word' id='word_1_126' title='bbox 1251 1953 1350 1992; x_wconf 77' lang='lat' dir='ltr'>sinus</span> 
     </span>
     <span class='ocr_line' id='line_1_21' title="bbox 127 2013 1348 2065; baseline -0.002 -12"><span class='ocrx_word' id='word_1_127' title='bbox 127 2013 299 2060; x_wconf 87' lang='lat' dir='ltr'>Pontici,</span> <span class='ocrx_word' id='word_1_128' title='bbox 326 2014 602 2065; x_wconf 85' lang='lat' dir='ltr'>regionumque</span> <span class='ocrx_word' id='word_1_129' title='bbox 630 2027 674 2053; x_wconf 86' lang='lat' dir='ltr'>ac</span> <span class='ocrx_word' id='word_1_130' title='bbox 700 2014 899 2053; x_wconf 85' lang='lat' dir='ltr'>nationum</span> <span class='ocrx_word' id='word_1_131' title='bbox 930 2014 1052 2053; x_wconf 91' lang='lat' dir='ltr'>Ponto</span> <span class='ocrx_word' id='word_1_132' title='bbox 1079 2015 1348 2063; x_wconf 84' lang='lat' dir='ltr'>adjacentium.</span> 
     </span>
     <span class='ocr_line' id='line_1_22' title="bbox 132 2072 1352 2125; baseline 0.002 -14"><span class='ocrx_word' id='word_1_133' title='bbox 132 2072 237 2112; x_wconf 88' lang='lat' dir='ltr'><em>VIII.</em></span> <span class='ocrx_word' id='word_1_134' title='bbox 263 2072 435 2122; x_wconf 85' lang='lat' dir='ltr'>Julianus</span> <span class='ocrx_word' id='word_1_135' title='bbox 460 2075 500 2114; x_wconf 91' lang='lat' dir='ltr'>A.</span> <span class='ocrx_word' id='word_1_136' title='bbox 525 2076 635 2114; x_wconf 55' lang='lat' dir='ltr'>aucta</span> <span class='ocrx_word' id='word_1_137' title='bbox 656 2082 863 2124; x_wconf 84' lang='lat' dir='ltr'>ornataque</span> <span class='ocrx_word' id='word_1_138' title='bbox 889 2073 1241 2125; x_wconf 85' lang='lat' dir='ltr'>Constantinopoli,</span> <span class='ocrx_word' id='word_1_139' title='bbox 1270 2077 1352 2114; x_wconf 81' lang='lat' dir='ltr'>An·-</span> 
     </span>
     <span class='ocr_line' id='line_1_23' title="bbox 129 2134 1350 2187; baseline 0.003 -15"><span class='ocrx_word' id='word_1_140' title='bbox 129 2134 314 2175; x_wconf 85' lang='lat' dir='ltr'>tiochiam</span> <span class='ocrx_word' id='word_1_141' title='bbox 338 2137 460 2187; x_wconf 90' lang='lat' dir='ltr'>petit,</span> <span class='ocrx_word' id='word_1_142' title='bbox 486 2149 531 2176; x_wconf 88' lang='lat' dir='ltr'>ac</span> <span class='ocrx_word' id='word_1_143' title='bbox 562 2139 602 2176; x_wconf 90' lang='lat' dir='ltr'>in</span> <span class='ocrx_word' id='word_1_144' title='bbox 630 2137 762 2176; x_wconf 86' lang='lat' dir='ltr'>itinere</span> <span class='ocrx_word' id='word_1_145' title='bbox 789 2136 1143 2177; x_wconf 81' lang='lat' dir='ltr'>Nicomedienfibus</span> <span class='ocrx_word' id='word_1_146' title='bbox 1167 2138 1216 2177; x_wconf 90' lang='lat' dir='ltr'>ad</span> <span class='ocrx_word' id='word_1_147' title='bbox 1241 2150 1350 2187; x_wconf 85' lang='lat' dir='ltr'>repa·</span> 
     </span>
     <span class='ocr_line' id='line_1_24' title="bbox 129 2196 1352 2250; baseline 0.003 -17"><span class='ocrx_word' id='word_1_148' title='bbox 129 2196 268 2236; x_wconf 82' lang='lat' dir='ltr'>randas</span> <span class='ocrx_word' id='word_1_149' title='bbox 291 2198 396 2237; x_wconf 87' lang='lat' dir='ltr'>urbis</span> <span class='ocrx_word' id='word_1_150' title='bbox 419 2199 546 2238; x_wconf 87' lang='lat' dir='ltr'>ruinas</span> <span class='ocrx_word' id='word_1_151' title='bbox 570 2200 751 2250; x_wconf 81' lang='lat' dir='ltr'>pecunias</span> <span class='ocrx_word' id='word_1_152' title='bbox 773 2199 922 2247; x_wconf 77' lang='lat' dir='ltr'>tribuit,</span> <span class='ocrx_word' id='word_1_153' title='bbox 942 2200 1096 2250; x_wconf 81' lang='lat' dir='ltr'>Ancyrae</span> <span class='ocrx_word' id='word_1_154' title='bbox 1115 2199 1352 2248; x_wconf 64' lang='lat' dir='ltr'>jurisdictio-</span> 
     </span>
     <span class='ocr_line' id='line_1_25' title="bbox 129 2256 1347 2309; baseline 0.004 -16"><span class='ocrx_word' id='word_1_155' title='bbox 129 2256 242 2296; x_wconf 87' lang='lat' dir='ltr'>nibus</span> <span class='ocrx_word' id='word_1_156' title='bbox 256 2267 374 2298; x_wconf 91' lang='lat' dir='ltr'>vacat.</span> <span class='ocrx_word' id='word_1_157' title='bbox 393 2261 466 2300; x_wconf 86' lang='lat' dir='ltr'>IX.</span> <span class='ocrx_word' id='word_1_158' title='bbox 490 2259 699 2298; x_wconf 83' lang='lat' dir='ltr'>Antiochiae</span> <span class='ocrx_word' id='word_1_159' title='bbox 720 2258 891 2298; x_wconf 84' lang='lat' dir='ltr'>hiemans</span> <span class='ocrx_word' id='word_1_160' title='bbox 912 2259 1081 2308; x_wconf 86' lang='lat' dir='ltr'>Julianus</span> <span class='ocrx_word' id='word_1_161' title='bbox 1099 2261 1181 2309; x_wconf 87' lang='lat' dir='ltr'>jura</span> <span class='ocrx_word' id='word_1_162' title='bbox 1201 2260 1347 2307; x_wconf 86' lang='lat' dir='ltr'>reddit,</span> 
     </span>
     <span class='ocr_line' id='line_1_26' title="bbox 130 2319 1348 2370; baseline 0.005 -17"><span class='ocrx_word' id='word_1_163' title='bbox 130 2328 202 2354; x_wconf 89' lang='lat' dir='ltr'>nec</span> <span class='ocrx_word' id='word_1_164' title='bbox 232 2330 460 2369; x_wconf 88' lang='lat' dir='ltr'>quemquam</span> <span class='ocrx_word' id='word_1_165' title='bbox 484 2328 640 2370; x_wconf 88' lang='lat' dir='ltr'>propter</span> <span class='ocrx_word' id='word_1_166' title='bbox 666 2319 891 2370; x_wconf 71' lang='lat' dir='ltr'>religionem</span> <span class='ocrx_word' id='word_1_167' title='bbox 916 2329 1052 2370; x_wconf 81' lang='lat' dir='ltr'>gravat.</span> <span class='ocrx_word' id='word_1_168' title='bbox 1079 2322 1131 2359; x_wconf 91' lang='lat' dir='ltr'>X.</span> <span class='ocrx_word' id='word_1_169' title='bbox 1162 2320 1348 2370; x_wconf 77' lang='lat' dir='ltr'>Georgius</span> 
     </span>
     <span class='ocr_line' id='line_1_27' title="bbox 132 2378 1350 2432; baseline 0.002 -14"><span class='ocrx_word' id='word_1_170' title='bbox 132 2378 367 2420; x_wconf 80' lang='lat' dir='ltr'>Alexandriae</span> <span class='ocrx_word' id='word_1_171' title='bbox 390 2381 590 2432; x_wconf 83' lang='lat' dir='ltr'>episcopus</span> <span class='ocrx_word' id='word_1_172' title='bbox 606 2382 651 2421; x_wconf 87' lang='lat' dir='ltr'>ab</span> <span class='ocrx_word' id='word_1_173' title='bbox 675 2381 836 2420; x_wconf 77' lang='lat' dir='ltr'>ethnicis</span> <span class='ocrx_word' id='word_1_174' title='bbox 856 2380 1119 2421; x_wconf 79' lang='lat' dir='ltr'>Alexandrinis</span> <span class='ocrx_word' id='word_1_175' title='bbox 1134 2393 1222 2420; x_wconf 90' lang='lat' dir='ltr'>cum</span> <span class='ocrx_word' id='word_1_176' title='bbox 1247 2382 1350 2420; x_wconf 81' lang='lat' dir='ltr'>duo·-</span> 
     </span>
     <span class='ocr_line' id='line_1_28' title="bbox 132 2440 1348 2494; baseline 0.002 -15"><span class='ocrx_word' id='word_1_177' title='bbox 132 2440 204 2479; x_wconf 87' lang='lat' dir='ltr'>bus</span> <span class='ocrx_word' id='word_1_178' title='bbox 235 2441 314 2481; x_wconf 85' lang='lat' dir='ltr'>aliis</span> <span class='ocrx_word' id='word_1_179' title='bbox 340 2456 405 2493; x_wconf 90' lang='lat' dir='ltr'>per</span> <span class='ocrx_word' id='word_1_180' title='bbox 431 2444 535 2483; x_wconf 89' lang='lat' dir='ltr'>vicos</span> <span class='ocrx_word' id='word_1_181' title='bbox 562 2443 743 2492; x_wconf 88' lang='lat' dir='ltr'>trahitur,</span> <span class='ocrx_word' id='word_1_182' title='bbox 771 2442 1067 2494; x_wconf 79' lang='lat' dir='ltr'>discerpiturque</span> <span class='ocrx_word' id='word_1_183' title='bbox 1091 2456 1135 2484; x_wconf 87' lang='lat' dir='ltr'>ac</span> <span class='ocrx_word' id='word_1_184' title='bbox 1161 2453 1348 2483; x_wconf 80' lang='lat' dir='ltr'>crematur</span> 
     </span>
     <span class='ocr_line' id='line_1_29' title="bbox 131 2501 1349 2557; baseline 0.004 -18"><span class='ocrx_word' id='word_1_185' title='bbox 131 2501 303 2553; x_wconf 85' lang='lat' dir='ltr'>impune.</span> <span class='ocrx_word' id='word_1_186' title='bbox 326 2504 398 2546; x_wconf 87' lang='lat' dir='ltr'>XI.</span> <span class='ocrx_word' id='word_1_187' title='bbox 430 2505 727 2557; x_wconf 77' lang='lat' dir='ltr'>Expeditionem</span> <span class='ocrx_word' id='word_1_188' title='bbox 753 2504 925 2555; x_wconf 87' lang='lat' dir='ltr'>Julianus</span> <span class='ocrx_word' id='word_1_189' title='bbox 949 2514 1056 2557; x_wconf 73' lang='lat' dir='ltr'>parat</span> <span class='ocrx_word' id='word_1_190' title='bbox 1081 2505 1121 2546; x_wconf 87' lang='lat' dir='ltr'>in</span> <span class='ocrx_word' id='word_1_191' title='bbox 1145 2504 1287 2550; x_wconf 76' lang='lat' dir='ltr'>Persas,</span> <span class='ocrx_word' id='word_1_192' title='bbox 1313 2506 1349 2544; x_wconf 62' lang='grc' dir='ltr'>ἀ</span> 
     </span>
    </p>
   </div>
  </div>
 </body>
</html>
