1626 2917
270 171 492 220 RERUM
526 171 868 220 GESTARUM
903 173 1007 219 LIB.
1041 172 1191 219 XXII.
1292 190 1379 236 293

93 279 299 344 AEgyptii
319 295 487 327 venere
509 279 794 342 complures,
824 295 962 344 genus
995 278 1233 326 hominum
1265 295 1383 325 con-

92 351 349 398 troversum
365 387 379 409 ,
403 352 454 399 δε
471 351 748 398 assuetudine
769 352 1021 414 perplexius
1042 350 1244 414 litigandi
1266 350 1382 396 sem-

89 440 168 487 per
185 423 449 471 laetiffimum
467 460 482 483 ,
510 425 792 488 maximeque
822 425 1006 471 avidum
1031 423 1380 488 multiplicatum

87 498 324 561 reposcere
339 534 353 557 ‚
372 498 404 544 fi
423 497 702 561 compulsori
725 498 967 562 quidquam
999 499 1171 545 dederit
1195 535 1210 556 ‚
1232 511 1283 546 ut
1313 499 1380 545 le-

87 570 187 618 vari
219 570 373 618 debito
395 570 555 632 poflit,
588 561 663 619 vel
696 582 815 617 certe
841 572 1130 618 commodius
1157 589 1237 635 per
1265 572 1379 618 dila-

88 643 259 691 tionem
281 643 470 700 inferre,
488 660 589 706 quae
612 644 888 707 flagitantur,
910 657 987 691 aut
1006 645 1208 691 criminis
1231 645 1378 692 vitan-

86 717 131 763 di
150 717 393 764 formidine
408 754 422 774 ,
444 717 609 764 divites
626 716 919 778 pecuniarum
941 719 1289 780 repetundarum
1307 719 1378 764 in-

84 805 329 854 terrogare.
342 791 399 837 Hi
416 807 572 838 omnes
593 789 761 837 densati
779 790 824 836 in
845 808 984 837 unum
1003 827 1016 848 ,
1033 792 1287 854 Principem
1308 793 1375 854 ip-

83 863 177 911 sum
197 899 210 921 ,
234 865 284 912 &
311 864 548 927 praefeElos
574 864 793 927 praetorio
813 865 1099 928 graculorum
1120 883 1246 912 more
1265 866 1374 916 stre-

82 949 238 1000 pentes
259 938 601 1001 interpellabant
620 936 880 993 incondite,
906 938 1048 984 modo
1069 955 1164 985 non
1184 951 1286 984 ante
1304 939 1373 985 se-

81 1009 405 1074 ptuagefimum
437 1024 604 1054 annum
641 1021 966 1072 extorquentes
986 1046 1001 1066 ,
1026 1027 1127 1073 quae
1147 1011 1310 1057 dedisse
1329 1012 1373 1058 se

79 1082 202 1144 jure,
224 1081 300 1128 vel
319 1080 468 1138 secus,
491 1079 698 1142 plurimis
718 1081 1014 1128 affirmabant.
1034 1084 1241 1146 Cumque
1259 1083 1372 1129 nihil

81 1154 202 1203 aliud
228 1152 297 1216 agi
332 1152 668 1215 permitterent,
698 1153 847 1200 edisio
867 1155 1104 1218 proposito
1137 1156 1374 1203 universos

77 1227 198 1292 juflit
214 1227 397 1274 transire
409 1226 720 1285 Chalcedona,
738 1228 991 1290 pollicitus,
1005 1230 1132 1293 quod
1147 1229 1238 1292 ipse
1257 1247 1367 1291 quo-

78 1318 166 1365 que
190 1300 397 1362 protinus
416 1300 621 1357 veniret,
645 1301 801 1347 cuncta
831 1318 988 1348 eorum
1011 1302 1192 1366 negotia
1213 1302 1370 1350 finitu-

79 1391 168 1422 rus.
195 1373 373 1434 Quibus
393 1372 665 1436 transgreffis
680 1410 693 1432 ,
714 1374 972 1421 mandatum
992 1375 1054 1421 est
1076 1376 1368 1439 navigiorum

78 1446 298 1510 magistris
336 1447 457 1492 ultro
504 1445 711 1508 citroque
756 1447 1130 1506 discurrentium,
1164 1465 1221 1495 ne
1265 1451 1370 1512 quis
1444 1487 1447 1489 Α

76 1518 361 1566 transfretare
387 1518 570 1565 auderet
591 1519 882 1582 AEgyptium:
909 1521 1091 1584 hocque
1121 1521 1368 1569 observato

78 1608 185 1639 cura
220 1590 513 1654 propensiore
540 1600 555 1646 ,'
591 1590 778 1637 evanuit
815 1592 1022 1654 pertinax
1059 1593 1365 1641 calumniandi

79 1665 386 1729 propositum,
412 1666 463 1712 δε
485 1680 646 1711 ornnes
677 1664 750 1727 spe
781 1665 1015 1727 praesumta
1042 1666 1236 1713 frustrati
1260 1668 1364 1714 red-

77 1738 227 1786 ierunt
246 1739 301 1785 ad
320 1738 444 1785 lares.
468 1737 628 1795 Unde,
649 1738 776 1784 velut
800 1739 1008 1802 aequitate
1030 1739 1120 1803 ipsa
1139 1740 1332 1787 difflante
1347 1772 1364 1797 ,
1422 1784 1425 1785 ⁷

74 1811 149 1858 lex
169 1812 230 1858 e'st
245 1811 547 1875 promulgata,
567 1828 654 1875 qua
674 1826 877 1870 cavetur,
896 1812 1068 1859 nullum
1085 1813 1364 1877 interpellari

73 1885 409 1950 suffragatorem
442 1884 575 1949 super
600 1884 669 1931 his
690 1921 705 1943 ,
734 1901 834 1950 quae
862 1901 965 1932 eum
995 1885 1113 1933 recle
1145 1887 1364 1935 constite-

73 1958 133 2006 rit
165 1959 394 2021 accepisse.

141 2035 253 2078 Vll.
294 2030 476 2094 Allapso
514 2031 665 2094 itaque
704 2030 1007 2078 Kalendarum
1042 2032 1356 2080 Januariarum

74 2102 168 2159 die,
184 2121 284 2150 cum
305 2104 562 2151 Mamertini
583 2107 631 2153 &
651 2104 849 2152 Nevittae
867 2105 1052 2152 nomina
1071 2105 1357 2168 suscepissent

72 2176 246 2238 paginae
265 2177 544 2236 consulares,
568 2177 788 2223 humilior
810 2178 1024 2240 Princeps
1053 2177 1173 2224 visus
1198 2179 1258 2224 est
1275 2214 1288 2236 ,
1309 2177 1359 2224 in

74 2248 232 2296 officio
271 2250 460 2312 pedibus
499 2252 744 2315 gradiendo
782 2268 885 2297 cum
922 2252 1159 2298 honoratis
1188 2270 1199 2298 z
1231 2252 1359 2315 quod

73 2321 312 2369 laudabant
327 2324 426 2382 alii,
445 2325 644 2389 quidam,
662 2339 710 2372 ut
730 2326 977 2373 affeEtatum
997 2329 1047 2375 &
1067 2327 1179 2384 vile,
1199 2343 1358 2388 carpe-

77 2395 198 2442 bant.
219 2395 341 2443 Dein
359 2400 634 2445 Mamertino
659 2399 793 2446 ludos
811 2400 967 2447 edente
984 2401 1239 2459 Circenses,
1262 2417 1358 2446 ma-

75 2467 366 2517 numittendis
386 2487 442 2517 ex
457 2487 586 2519 more
604 2472 797 2520 induetis
815 2489 895 2536 per
916 2474 1230 2521 admissionum
1251 2490 1361 2537 pro-
