1626 2917
204 145 291 199 1¹06
408 152 754 200 AMMIANI
803 151 1274 198 MARCELLINI

197 260 455 323 exemplum
474 296 487 316 ,
509 275 562 304 ne
582 258 710 305 latius
733 273 974 320 evagemur
991 292 1004 313 ‚
1023 257 1114 303 hoc
1134 274 1271 303 unum
1295 253 1479 302 sufficiet

195 333 341 395 poni,
372 333 471 378 leve
505 332 710 396 quidem,
741 329 813 377 sed
842 330 1092 376 cavendum
1127 329 1361 390 judicibus.
1395 329 1478 373 Per

194 404 350 450 omnia
394 403 512 450 enim
550 402 747 450 civitatis
787 401 1017 458 membra,
1062 418 1162 464 quae
1198 401 1477 449 diversorum

194 475 455 538 Principum
485 488 761 522 exornarunt
786 472 993 537 impensae
1010 509 1022 529 ,
1050 488 1216 519 nomen
1243 471 1478 534 proprium

194 547 488 594 inscribebat:
510 565 605 595 non
627 562 676 594 ut
710 560 915 595 veterum
945 544 1240 601 instaurator,
1262 543 1335 590 sed
1367 560 1478 590 con·

195 620 331 668 ditor.
361 621 472 680 Quo
506 620 625 667 vitio
656 619 870 667 laborasse
902 617 1119 678 Traianus
1151 616 1313 663 dicitur
1350 615 1479 662 Prin-

195 709 298 754 ceps
323 711 334 739 :
365 692 485 739 unde
516 709 619 739 eum
650 693 832 739 herbam
862 689 1122 753 parietinam
1156 687 1357 748 'jocando
1392 704 1477 735 co-

194 764 532 827 gnominarunt.
564 764 652 811 Hic
681 763 914 826 praefectus
931 761 1179 824 exagitatus
1201 759 1261 806 est
1280 760 1480 806 motibus

195 836 359 884 crebris
381 855 391 883 :
412 853 506 883 uno
538 836 745 883 omnium
771 834 997 893 maxim0‚
1024 851 1127 881 cum
1149 832 1331 880 colle&a
1354 832 1480 894 plebs

193 909 346 956 infima
366 945 379 967 ,
408 909 593 955 domum
621 908 714 970 ejus
736 924 880 971 prope
911 904 1333 954 Constantinianum
1353 905 1477 951 lava-

194 1001 320 1030 crum
351 982 522 1044 injeffis
553 982 726 1030 facibus
762 982 1022 1029 incenderat
1057 982 1105 1029 &
1139 979 1393 1037 malleolis,
1429 978 1478 1026 ni

191 1057 448 1103 vicinorum
479 1058 530 1103 &
563 1055 847 1101 familiarium
879 1053 1029 1101 veloci
1065 1052 1286 1100 concursu
1309 1070 1331 1098 a
1357 1052 1476 1098 sum-

191 1131 277 1178 mis
298 1130 516 1177 tectorum
537 1129 809 1176 culminibus
833 1129 968 1192 petita
984 1127 1097 1174 saxis
1119 1130 1167 1175 δι
1195 1127 1357 1191 tegulis
1378 1125 1475 1173 abs-

193 1202 389 1251 ceffiffet.
433 1203 585 1264 anue
618 1200 669 1247 vi
706 1201 887 1248 territus
922 1198 1011 1262 ipse
1053 1199 1257 1260 primitus
1294 1198 1475 1245 crebre-

190 1275 350 1323 scentis
393 1274 624 1320 seditionis
658 1274 704 1319 in
740 1273 882 1332 majus
903 1309 916 1330 ,
951 1272 1117 1320 seceffit
1153 1272 1206 1318 ad
1239 1261 1474 1317 Mulvium

189 1362 376 1412 pontem
408 1346 570 1410 (quem
601 1345 804 1392 struxisse
833 1345 1033 1408 superior
1059 1344 1222 1391 dicitur
1248 1342 1474 1406 Scaurus)

189 1420 490 1467 adlenimenta
509 1417 672 1464 ibidem
692 1417 910 1464 tumultus
926 1416 1188 1479 opperiens,
1207 1432 1338 1478 quem
1365 1432 1472 1461 cau-

187 1493 230 1539 sa
272 1492 581 1543 concitaverat
613 1490 775 1555 gravis.
814 1489 1021 1538 AEdificia
1054 1490 1223 1553 erigere
1260 1489 1475 1536 exoriens

188 1583 314 1613 nova
333 1601 346 1622 ,
373 1565 448 1611 vel
477 1563 653 1610 vetusta
678 1563 880 1626 quaedam
906 1562 1151 1609 instaurans
1173 1598 1186 1620 ‚
1209 1578 1304 1609 non
1333 1579 1389 1608 ex
1413 1562 1474 1609 ti-

187 1638 294 1685 tulis
327 1637 468 1684 solitis
496 1636 639 1700 parari
674 1635 855 1696 jubebat
880 1635 1130 1698 impensas:
1154 1635 1225 1681 sed
1252 1635 1282 1681 fi
1305 1634 1472 1682 ferrum

189 1710 497 1773 quaerebatur,
528 1722 606 1755 aut
635 1709 867 1772 plumbum
886 1744 899 1764 ,
929 1721 1005 1754 aut
1023 1725 1102 1766 aes,
1123 1721 1198 1754 aut
1225 1707 1472 1771 quidquam

188 1782 326 1829 simile
345 1817 359 1839 ,
379 1781 652 1844 apparitores
673 1780 1050 1838 immittebantur,
1069 1780 1147 1842 qui
1170 1780 1297 1827 velut
1316 1797 1471 1826 emen-

186 1871 253 1901 tes
271 1853 441 1900 diversa
455 1888 468 1910 ‚
488 1865 694 1914 raperent
716 1851 879 1914 species
900 1852 1021 1898 nulla
1047 1852 1187 1914 pretia
1208 1851 1470 1914 persolven-

187 1929 247 1973 do
270 1946 279 1973 :
302 1927 420 1972 unde
442 1926 728 1973 accensorum
749 1925 1024 1972 iracundiam
1042 1941 1288 1987 pauperum
1308 1924 1468 1971 damna

188 1999 446 2045 deflentium
467 1999 619 2044 crebra
647 2014 762 2060 aegre
782 1997 932 2059 potuit
951 1996 1081 2042 celeri
1105 1997 1246 2043 vitare
1267 1994 1469 2057 digressu.

187 2071 388 2119 Advenit
421 2070 637 2118 successor
663 2069 756 2131 ejus
782 2086 839 2116 ex
863 2068 1097 2132 quaefitore
1128 2067 1278 2130 palatii
1297 2069 1469 2114 Juven-

188 2145 278 2191 tius
299 2181 311 2199 ‚
353 2144 524 2206 integer
564 2146 612 2191 δι
645 2144 842 2206 prudens
865 2179 879 2201 ,
915 2141 1205 2199 Pannonius,
1237 2141 1362 2201 cujus
1389 2141 1467 2186 ad-

187 2217 454 2265 ministratio
488 2218 639 2279 quieta
683 2216 765 2262 fuit
808 2218 858 2264 &
898 2215 1068 2278 placida
1091 2249 1104 2271 ‚
1142 2213 1275 2275 copia
1320 2229 1468 2259 rerum

188 2291 393 2338 omnium
420 2290 577 2336 fluens.
605 2290 659 2335 Et
689 2290 811 2336 hunc
842 2303 1026 2350 quoque
1059 2285 1353 2332 discordantis
1380 2302 1467 2347 po-

188 2365 283 2427 puli
312 2362 549 2409 seditiones
583 2376 778 2408 terruere
809 2374 1002 2408 cruentae
1024 2395 1037 2415 ‚
1065 2376 1163 2422 quae
1198 2359 1283 2405 tale
1323 2373 1466 2420 nego-

188 2437 300 2483 tium
325 2435 594 2484 excitavere.
623 2433 842 2482 Damasus
866 2434 915 2482 ὅ(
942 2431 1126 2481 Ursinus
1152 2430 1278 2495 supra
1306 2431 1467 2479 huma*
