1626 2917
201 203 475 251 AMMIANI
511 199 888 248 MARCELLINI
922 199 1024 246 [ΑΒ.
1059 199 1228 246 XVIII.
1300 216 1388 264 ¹59

109 383 143 430 I.
179 318 394 432 HAEC
420 396 501 443 per
528 379 651 427 orbis
675 379 820 427 varias
840 390 984 442 partes
1013 394 1107 425 uno
1138 378 1393 443 eodemque

109 469 231 501 anno
255 452 356 498 sunt
379 451 509 514 gesta.
539 453 598 497 At
622 450 667 496 in
690 451 850 498 Galliis
877 467 979 497 cum
1002 450 1048 497 in
1069 451 1257 498 meliore
1278 451 1393 499 statu

110 543 179 573 res
193 525 348 581 effent,
369 528 419 572 &
440 523 677 571 Eusebium
692 537 825 587 atque
847 524 1095 588 Hypatium
1113 524 1268 574 fratres
1291 525 1394 572 sub-

108 597 320 644 limarent
352 596 578 644 vocabula
613 597 879 655 consulum,
906 597 1103 644 Julianus
1121 633 1134 655 ‚
1166 598 1394 646 contextis

110 668 374 717 succeffibus
408 670 578 727 clarus,
605 670 722 732 apud
757 669 975 727 hiberna,
1011 668 1287 733 sequestratis
1317 671 1392 716 in-

110 741 240 788 terim
279 738 653 788 sollicitudinibus
692 738 890 796 bellicis,
919 738 1036 785 haud
1073 738 1249 785 minore
1285 756 1395 786 cura

110 812 456 876 provinciarum
480 811 674 859 fortunis
697 811 835 858 multa
861 810 1163 859 conducentia
1182 810 1393 874 dispone-

111 887 210 932 bat:
232 885 465 949 diligenter
487 883 751 941 observans,
770 900 828 929 ne
847 900 981 946 quem
1000 883 1276 930 tributorum
1303 884 1394 930 sar-

113 960 213 1007 cina
237 970 557 1024 praegravaret,
587 974 706 1004 neve
734 957 936 1019 potentia
965 956 1253 1020 praesumeret
1282 957 1396 1003 alie-

111 1049 191 1090 na,
210 1045 284 1079 aut
300 1032 332 1078 ii
349 1030 631 1078 versarentur
650 1029 695 1074 in
715 1029 864 1075 medio
877 1064 890 1086 ,
910 1045 1105 1091 quorum
1123 1028 1396 1091 patrimonia

112 1104 302 1167 publicae
328 1103 473 1150 clades
495 1102 743 1166 augebant,
764 1101 839 1148 vel
859 1100 1061 1162 judicum
1082 1101 1312 1166 quisquam
1338 1101 1394 1147 ab

111 1176 324 1240 aequitate
353 1174 555 1222 deviaret
582 1174 779 1238 impune.
802 1174 940 1237 quue
969 1190 1021 1220 ea
1045 1190 1092 1220 re
1120 1173 1210 1220 levi
1237 1173 1394 1220 labore

111 1252 338 1309 correxit,
357 1250 483 1314 quod
512 1247 603 1311 ipse
622 1248 765 1312 jurgia
794 1247 1035 1313 dirimens,
1058 1248 1136 1294 ubi
1164 1247 1396 1296 causarum

114 1325 304 1387 cogebat
332 1322 596 1386 magnitudo
629 1323 705 1368 vel
736 1321 1022 1385 personarum
1039 1356 1054 1380 ,
1082 1333 1174 1368 erat
1202 1321 1396 1368 indecli-

113 1396 273 1443 nabilis
294 1395 509 1457 justorum
541 1393 898 1456 injustorumque
930 1392 1173 1440 distinfilor.
1205 1395 1260 1439 Et
1288 1393 1396 1441 lIcet

113 1471 253 1517 multa
282 1470 366 1516 fint
391 1467 483 1529 ejus
508 1467 725 1514 laudanda
747 1467 795 1512 in
825 1466 1082 1528 hujusmodi
1115 1483 1395 1514 controven-

113 1542 206 1601 fiis,
225 1559 364 1588 unum
384 1557 533 1588 tamen
555 1539 743 1586 sufficiet
761 1538 898 1602 poni,
917 1538 971 1585 ad
993 1537 1119 1599 cujus
1141 1538 1396 1585 similitudi-

116 1631 220 1661 nem
255 1615 373 1672 acta,
410 1612 486 1660 vel
523 1612 635 1658 dieta
655 1611 769 1657 sunt.
806 1610 1070 1657 Numerium
1092 1610 1395 1656 Narbonensis

116 1683 254 1745 paulo
275 1695 376 1730 ante
398 1683 616 1729 rectorem
645 1681 896 1728 accusatum
923 1694 970 1728 ut
992 1682 1134 1728 furem
1148 1718 1160 1740 ‚
1182 1682 1394 1729 inusitato

117 1755 325 1803 censorio
343 1756 503 1818 vigore
523 1772 605 1817 pro
624 1753 836 1800 tribunali
857 1754 999 1816 palam
1019 1755 1207 1801 admiffis
1226 1756 1394 1803 volen-

115 1820 233 1875 tibus
254 1829 475 1876 audiebat.
497 1828 574 1891 qui
595 1845 695 1874 cum
724 1826 995 1874 infitiatione
1030 1828 1286 1874 defenderet
1304 1829 1393 1874 ob-

113 1899 248 1964 jecta,
265 1918 348 1948 nec
369 1901 511 1963 posset
530 1900 577 1946 in
597 1914 825 1963 quoquam
852 1899 1102 1957 confutari3
1122 1901 1394 1964 Delphidius

115 1987 274 2022 orator
292 1975 550 2033 acerrimus,
573 1975 863 2021 vehementer
878 1991 978 2021 eum
999 1975 1288 2039 impugnans,
1309 1976 1393 2022 do·

114 2065 430 2096 cumentorum
459 2048 613 2110 inopia
644 2048 837 2110 percitus
871 2047 1142 2094 exclamavit
1170 2067 1180 2096 :
1210 2051 1393 2110 Ecquis,

104 2121 386 2184 florentfflme
417 2123 573 2183 Ceasar,
596 2139 745 2167 nocens
768 2119 836 2184 ff
862 2125 1013 2181 poterit
1030 2123 1225 2182 usfquam,
1248 2121 1293 2185 st
1316 2141 1392 2167 ne-

115 2194 458 2258 garefiffcerit?
480 2208 638 2242 contra
658 2212 790 2258 quem
810 2194 1003 2242 Julianus
1027 2195 1267 2256 prudenter
1288 2211 1391 2241 mo-

116 2277 189 2312 tus
205 2283 261 2312 ex
285 2280 513 2331 tempore,
533 2271 691 2329 Ecquis
707 2303 720 2325 ,
741 2268 821 2326 ait,
843 2271 1038 2313 innocens
1065 2265 1136 2330 effi
1146 2270 1326 2328 poterit,
1342 2268 1394 2331 si

118 2340 314 2404 accusaffiz
340 2344 561 2406 fhfficiet?
603 2344 658 2389 Et
697 2343 794 2390 haec
828 2342 1009 2406 quidem
1047 2344 1095 2389 δε
1133 2338 1391 2403 hujusmodi

118 2415 256 2462 multa
284 2415 450 2463 civilia.

183 2490 234 2536 11.
263 2488 519 2554 Egreffurus
552 2503 698 2540 autem
732 2490 786 2538 ad
819 2491 1102 2555 procinctum
1133 2500 1393 2553 urgentem,
