1626 2917
328 204 545 252 RERUM
578 204 919 251 GESTARUM
948 205 1052 252 LIB.
1083 205 1228 252 XVII.
1334 221 1422 269 137

159 323 310 360 torum
343 311 462 374 apud
490 327 575 357 nos
610 309 846 374 spiramina
876 310 998 357 nulla
1020 309 1202 373 sentiri,
1225 311 1348 373 quod
1379 311 1430 357 in

158 384 326 432 ultimis
342 383 436 447 ejus
451 383 675 432 secessibus
694 397 987 447 occupantur.
1009 385 1334 432 Anaximander
1352 383 1431 441 air,

158 455 426 504 arescentem
449 456 583 503 nimia
613 456 791 503 aestuum
811 457 1002 504 siccitate
1017 493 1030 514 ‚
1056 470 1132 505 aut
1154 456 1254 520 post
1273 457 1433 503 mado-

157 545 229 576 res
261 529 470 577 imbrium
499 565 513 588 ‚
549 541 709 577 terram
745 530 874 577 rimas
906 530 1098 593 pandere
1133 529 1389 592 grandiores
1416 563 1433 586 ,

157 618 270 664 quas
303 614 504 665 penetrat
538 601 750 664 supernus
781 620 855 649 aer
882 602 1112 649 violentus
1149 604 1197 649 δε
1229 601 1390 647 nimius
1417 636 1434 660 ‚

159 690 211 720 ac
237 691 317 735 pet·
345 691 416 720 eas
447 675 700 721 vehementi
728 673 880 736 spiritu
918 674 1154 737 quassatam
1188 674 1294 721 cieri
1324 690 1438 736 pro÷

159 745 269 808 priis
289 745 472 793 sedibus.
508 748 610 806 Qua
636 747 688 792 de
720 747 845 794 causa
867 762 1061 793 terrores
1079 745 1331 807 hujusmodi
1354 763 1438 791 va-

161 818 331 881 poratis
358 820 663 882 temporibus,
684 833 760 867 aut
788 820 922 866 nimia
950 837 1162 883 aquarum
1187 819 1436 867 coelestium

162 890 466 953 superfusione
497 893 780 955 contingunt.
814 893 1010 954 Ideoque
1045 892 1306 953 Neptunum
1348 892 1436 938 hu-

163 963 324 1011 mentis
356 963 604 1011 substantiae
631 965 920 1027 potestatem,
944 963 1245 1026 Ennosigaeon
1284 965 1333 1010 &c
1368 963 1439 1009 Si-

163 1037 394 1084 fichthona
422 1051 567 1099 poetae
595 1051 766 1084 veteres
803 1039 851 1084 &
886 1036 1092 1099 theologi
1137 1054 1439 1099 nuncupave-

164 1121 282 1156 runt.
314 1110 444 1157 Fiunt
472 1122 619 1157 autem
650 1122 865 1156 terrarum
891 1121 1040 1155 motus
1062 1109 1207 1155 modis
1231 1123 1441 1172 quatuor.

164 1182 257 1228 Aut
283 1181 401 1228 enim
426 1181 669 1229 brasmatiae
698 1181 798 1228 sunt
818 1217 832 1240 ,
863 1183 970 1244 qui,
998 1181 1180 1227 humum
1213 1182 1440 1229 molestius

165 1252 441 1311 suscitantes,
463 1255 624 1301 sursum
646 1254 906 1317 propellunt
926 1253 1255 1300 immaniffimas
1276 1255 1442 1310 moles;

165 1337 216 1371 ut
237 1325 283 1371 in
311 1326 410 1372 Afia
441 1326 586 1374 Delos
613 1326 810 1383 emersit,
832 1329 879 1373 &
905 1326 1040 1372 Hiera
1060 1361 1072 1382 ,
1094 1327 1141 1372 δέ
1160 1325 1342 1386 Anaphe
1357 1361 1372 1382 ‚
1391 1327 1442 1372 &

166 1399 354 1446 Rhodus
374 1435 387 1458 ,
422 1399 626 1462 Ophiusa
654 1402 702 1446 &
740 1399 911 1462 Pelagia
936 1398 1158 1461 prioribus
1186 1398 1342 1445 seculis
1373 1401 1444 1446 di-

168 1472 318 1519 &itata
337 1509 352 1529 ,
379 1490 516 1520 aureo
538 1475 768 1536 quondam
799 1473 933 1519 imbri
963 1472 1162 1535 perfusa,
1187 1474 1235 1519 &
1267 1473 1445 1520 Eleusin

167 1545 215 1593 ia
250 1545 454 1603 Boeotia,
472 1547 521 1593 ὅ(
548 1547 664 1608 apud
683 1546 950 1610 Tyrrhenos
978 1545 1210 1592 Vulcanus
1229 1581 1242 1603 ‚
1264 1546 1442 1592 insulae-

171 1633 262 1680 que
289 1618 436 1680 plures
456 1636 466 1665 :
487 1632 563 1664 aut
585 1618 790 1664 climatiae
808 1654 819 1676 ‚
835 1619 916 1681 qui
943 1618 1067 1664 limes
1090 1634 1269 1665 ruentes
1291 1620 1339 1666 &
1358 1619 1446 1665 ob-

171 1689 304 1752 liqui,
324 1691 480 1749 urbes,
502 1689 687 1737 aedificia
704 1726 718 1749 ,
739 1689 1002 1754 montesque
1030 1691 1346 1753 complanant:
1372 1702 1447 1737 aut

171 1761 447 1819 chasmatiae‚
467 1762 545 1826 qui
566 1762 793 1826 grandiori
811 1776 937 1809 motu
957 1762 1177 1825 patefaffis
1198 1762 1345 1810 subito
1364 1779 1447 1809 vo-

171 1826 349 1880 rati-inis
368 1870 382 1892 ‚
414 1847 628 1882 terrarum
662 1847 808 1897 partes
840 1833 1111 1891 absorbent3
1142 1846 1191 1881 ut
1224 1835 1268 1881 in
1293 1836 1449 1883 Atlan-

171 1907 266 1954 tico
305 1907 416 1953 mari
451 1911 679 1969 Europaeo
718 1907 828 1953 orbe
860 1906 1092 1969 spatiosior
1125 1906 1293 1966 insula,
1324 1910 1372 1955 ὃς
1401 1908 1449 1955 in

172 1979 354 2027 Criffaeo
388 1980 483 2026 sinu
516 1980 671 2027 Helice
701 1981 751 2026 &
779 1980 915 2037 Bura,
939 1980 1054 2027 &in
1087 1980 1282 2027 Ciminia
1313 1982 1451 2028 Italiae

174 2064 300 2114 parte
316 2052 532 2115 oppidum
553 2053 816 2098 Saccumum
828 2087 840 2110 ‚
863 2052 916 2098 ad
935 2051 1067 2098 Erebi
1086 2052 1336 2114 profundos
1356 2054 1452 2101 hia-

174 2135 247 2170 tus
267 2125 452 2181 aba&ae‚
477 2124 653 2171 aeternis
671 2124 864 2172 tenebris
889 2125 1188 2173 occultantur.
1211 2129 1330 2173 Inter
1350 2127 1448 2175 haec

176 2195 261 2241 tria
287 2213 445 2260 genera
465 2210 592 2244 terrae
613 2211 817 2245 motuum
836 2234 848 2255 ‚
874 2199 1159 2262 mycematiae
1187 2199 1338 2246 sonitu
1369 2217 1452 2246 au-

179 2267 361 2316 diuntur
382 2269 546 2318 minaci
564 2307 578 2330 ‚
603 2288 705 2319 cum
734 2271 950 2319 dissolutis
970 2272 1187 2320 elementa
1214 2274 1451 2337 compagi-

179 2340 262 2389 bus
298 2342 416 2390 ultro
451 2343 677 2402 affiiiunt‚
715 2343 789 2391 vel
825 2343 1084 2391 relabuntur
1118 2345 1452 2392 confidentibus

180 2414 322 2465 terris,
341 2417 471 2466 Tunc
483 2417 601 2465 enim
623 2417 792 2466 neceffe
813 2415 898 2478 est,
918 2417 1045 2468 velut
1063 2417 1246 2485 taurinis
1265 2417 1451 2465 reboare
1490 2473 1492 2475 .
