1626 2917
317 215 539 264 RERUM
574 214 916 262 GESTARUM
954 214 1061 260 ΠΒ.
1095 213 1243 260 XXII.
1344 231 1432 276 325

140 343 274 391 quam
309 324 460 373 fixerit
502 325 699 382 reelum,
735 323 811 371 vel
847 323 1081 370 hominem
1117 337 1193 369 aut
1223 321 1440 369 arborem-

145 399 313 449 viderit
333 399 515 447 stantem
541 433 556 457 ,
589 397 709 445 circa
736 397 1113 445 lineamentorum
1140 396 1251 460 ipsas
1284 408 1436 444 extre·-

139 475 315 522 mitates
347 472 732 536 contemplabitur
749 473 928 521 umbras
952 472 1124 520 absumi
1147 490 1160 519 ;
1185 472 1296 520 sicut
1315 473 1437 535 apud

104 589 118 601 ,
143 550 355 606 Meroen,
369 547 613 610 AEthiopiae
626 559 794 610 partem
812 547 1116 611 aequinoctiali
1131 548 1304 595 circulo
1326 564 1437 611 pro—

139 623 309 670 ximam
329 658 343 681 ‚
381 622 544 669 dicitur
587 621 774 668 evenire
796 657 810 679 ,
835 621 912 668 ubi
940 638 1021 684 per
1056 622 1305 685 nonaginta
1340 622 1441 669 dies.

137 697 313 744 umbrae-
342 696 506 743 nostris
542 696 588 742 in
626 695 901 744 contrarium
940 695 1133 752 cadunt,
1170 695 1289 743 unde
1310 696 1437 743 Anti-

137 769 253 818 scios
278 770 371 832 ejus
405 770 582 818 incolas
618 782 805 817 vocant.
834 771 955 830 Quae
976 769 1196 834 quoniam
1216 770 1439 818 miracula⁴

137 847 279 894 multa
309 846 410 894 sunt
428 882 442 905 ,
473 845 679 909 opusculi
711 844 855 892 nostri
886 843 1170 907 propofitum
1205 845 1436 892 exceden-

137 919 228 976 tia,
257 920 314 966 ad
343 920 520 983 ingenia
553 918 667 967 celsa
697 918 984 981 rejiciamus,
1003 933 1146 981 pauca
1172 916 1302 981 super
1325 935 1436 981 pro·

135 991 304 1040 vinciis
339 992 575 1086 narraturi

201 1065 470 1112 XV1.¹res
500 1061 767 1127 provincias
804 1064 1030 1129 AEgyptus
1059 1064 1204 1112 fertur
1226 1064 1439 1112 habuiffe

138 1136 417 1200 temporibus
449 1136 636 1199 priscis,
670 1137 922 1201 AEgyptum
956 1137 1122 1200 ipsam,
1154 1141 1203 1186 &
1233 1138 1434 1184 Thebai-

137 1209 262 1264 dam,
285 1211 335 1258 ὃς
364 1210 560 1274 Libyam
591 1229 601 1256 :
630 1211 792 1274 quibus
827 1211 935 1258 duas
963 1211 1125 1273 adjecit
1159 1213 1394 1275 posteritas
1413 1247 1439 1270 9.,

136 1282 192 1328 ab
209 1283 408 1348 AEgypto
429 1283 822 1348 Augustamnicam
838 1322 850 1340 ‚
871 1285 922 1331 δέ
939 1285 1221 1348 Pentapolim
1241 1304 1263 1333 a
1283 1286 1433 1351 Libya

143 1354 332 1402 ficciore
352 1356 642 1403 diffociatam.
662 1356 802 1419 Igitur
823 1356 1021 1404 Thebais
1042 1359 1201 1405 multas
1221 1360 1337 1406 inter
1357 1377 1437 1406 ur¹²

146 1427 501 1486 bes'‚=clariores
541 1429 639 1477 aliis
678 1429 998 1492 Hermopolim
1037 1432 1173 1479 habet
1196 1468 1210 1491 ‚
1248 1435 1298 1481 &
1334 1433 1444 1480 Co*

143 1511 260 1562 pton
284 1536 299 1559 ‚
329 1504 378 1551 &
405 1500 618 1550 Antinoi:
635 1539 650 1559 ,
680 1520 816 1567 quam
843 1505 1097 1553 Hadrianus
1130 1506 1178 1552 in
1206 1506 1438 1555 honorem

142 1574 336 1622 Antinoi
371 1575 575 1623 condidit
604 1575 668 1621 sui
691 1595 700 1623 :
724 1576 1073 1642 hecatompylos
1100 1579 1221 1626 enim
1254 1580 1446 1629 Thebas,

139 1662 279 1693 nemo
302 1663 398 1694 non
419 1648 566 1697 novit.
587 1650 636 1694 In
657 1649 1006 1713 Augustamnica
1024 1650 1244 1698 Pelufium
1265 1651 1328 1698 est
1347 1669 1432 1716 op·

142 1720 299 1785 pidum
320 1722 478 1769 nobile
497 1758 510 1780 ,
532 1723 659 1786 quod
678 1724 833 1771 Peleus
852 1759 866 1782 ,
888 1725 1075 1773 Achillis
1094 1739 1221 1788 pater
1235 1761 1248 1784 ‚
1265 1726 1434 1774 dicitur

141 1794 417 1851 condidisse,
445 1794 620 1842 lustrari
643 1796 854 1843 Deorum
881 1797 1061 1844 monitu
1079 1798 1216 1860 juffus
1233 1799 1282 1845 in
1302 1799 1401 1846 lacu
1416 1836 1444 1858 9,

142 1862 222 1931 qui
254 1867 451 1928 ejusdem
480 1869 677 1917 civitatis
705 1870 831 1917 alluit
857 1872 1030 1918 moenia
1049 1907 1065 1931 ,
1091 1889 1193 1920 cum
1230 1873 1332 1937 post
1359 1874 1438 1920 in—

143 1939 378 1988 terfectum
407 1941 590 1989 fratrem
622 1942 809 1993 nomine
844 1945 1049 1992 Phocum
1085 1945 1328 1994 horrendis
1363 1947 1443 1993 fu-

140 2016 310 2064 riarum
351 2018 624 2082 imaginibus
667 2031 917 2082 raptaretur
950 2037 961 2066 :
999 2020 1049 2067 &
1084 2019 1318 2078 Caffium,
1355 2021 1436 2067 ubi

143 2090 348 2153 Pompeii
385 2090 636 2154 sepulcrum
669 2093 731 2139 est
759 2093 949 2157 Magni,
987 2095 1038 2157 &
1075 2093 1348 2154 Ostracine,
1383 2097 1443 2145 &2

145 2161 475 2212 Rhinocolura.
499 2166 549 2211 In
580 2165 819 2227 Pentapoli
848 2166 997 2229 Libya
1015 2167 1200 2230 Cyrene
1228 2167 1290 2215 est
1311 2168 1437 2229 pofi==

148 2243 219 2290 ta,
246 2233 352 2281 urbs
373 2237 582 2300 antiqua,
599 2236 671 2282 sed
691 2237 858 2284 deserta
876 2254 1040 2301 ‚quam
1061 2239 1304 2299 Spartanus
1325 2256 1436 2288 con·

147 2303 260 2351 didit
292 2306 444 2354 Battus
463 2343 478 2366 ,
508 2311 558 2356 δε
584 2308 851 2367 Ptolemai5‚
877 2312 927 2358 δε
965 2311 1155 2359 Arfinoe
1187 2313 1445 2377 eademque-

145 2378 370 2426 Teuchira
386 2416 400 2437 ‚
421 2382 470 2428 &
500 2381 669 2429 Dar-nis
688 2418 702 2439 ,
731 2384 780 2430 &
805 2383 1017 2430 Berenice
1034 2418 1047 2437 ,
1075 2401 1184 2447 quas
1223 2386 1435 2449 Hesperi-

147 2451 224 2496 das
254 2452 493 2514 appellanwt
527 2456 579 2501 In
605 2455 794 2503 sicciore
812 2472 928 2503 vero
944 2456 1091 2521 Libya
1109 2458 1440 2517 Paraetonion
1443 2508 1446 2513 ,

147 2525 198 2574 &
221 2526 479 2614 Chaerecla‚
499 2531 547 2579 ὅ(
562 2530 806 2594 Neapolis,
827 2530 943 2579 inter
963 2531 1208 2595 municipia
1228 2536 1447 2597 pauca&

1068 2608 1115 2654 X
1152 2623 1173 2669 3
