1626 2917
228 247 320 295 354
415 229 754 277 AMMIANl
803 229 1301 278 MARCELLINI

224 339 310 386 bus
343 337 582 383 dedicatur.
597 338 874 398 Feruntque,
889 335 920 380 fi
938 334 1097 396 justum
1118 336 1178 383 est
1199 337 1341 395 credi,
1356 337 1486 386 etiam

224 414 373 474 ignem
400 409 575 457 coelitus
602 409 767 471 lapsum
795 410 913 470 apud
942 409 983 455 se
1019 409 1290 472 sempiternis
1329 411 1490 460 foculis

219 481 434 530 custodiri
448 517 462 539 ‚
482 479 604 541 cujus
624 480 877 542 portionem
899 481 1104 543 exiguam
1123 494 1171 527 ut
1189 481 1365 552 faustam
1381 501 1489 546 pra:-

222 557 298 603 iffe
329 555 557 617 quondam
588 553 789 599 Asiaticis
808 552 982 615 regibus
1002 552 1168 600 dicunt.
1194 552 1335 614 Hujus
1352 555 1490 618 origi-

222 629 292 676 nis
313 628 427 690 apud
449 639 621 674 veteres
640 643 847 673 numerus
867 638 958 670 erat
978 624 1107 672 exilis
1126 661 1140 682 ,
1159 624 1336 692 ejusque
1353 629 1490 675 mini-

222 701 360 748 steriis
387 700 566 746 Persicae
596 698 831 760 potestates
861 697 907 743 in
934 697 1145 744 faciendis
1172 698 1303 744 rebus
1325 700 1488 746 divinis

221 772 479 820 solemniter
503 772 755 817 utebantur.
777 772 966 832 Eratque
985 770 1207 832 piaculum
1226 786 1320 816 aras
1337 771 1457 818 adire
1472 809 1487 831 ,

218 846 297 893 vel
325 845 512 891 hostiam
544 845 817 891 contrefilare
839 880 852 899 ‚
879 856 1111 904 antequam
1139 860 1291 906 magus
1324 860 1488 891 conce·

219 919 308 982 ptis
336 917 666 979 precationibus
690 917 922 963 libamenta
950 915 1215 962 diffunderet
1244 917 1487 979 praecurso-

214 990 296 1036 ria.
321 992 487 1035 Verum
507 989 617 1034 auffi
644 988 851 1050 paulatim
873 1024 888 1047 ‚
910 988 954 1033 in
991 989 1324 1051 amplitudinem
1346 990 1486 1052 gentis

217 1061 370 1108 solidae
416 1061 725 1108 concesserunt
753 1063 803 1109 &
834 1077 1032 1108 nomen:
1065 1061 1287 1126 villasque
1314 1061 1485 1110 inhabi-

214 1147 357 1182 tantes
377 1134 498 1179 nulla
533 1150 764 1179 murorum
793 1132 1066 1179 firmitudine
1084 1135 1406 1193 communitas,
1437 1140 1487 1185 ὅ(

214 1206 386 1269 legibus
422 1205 506 1251 suis
539 1205 603 1251 uti
633 1205 824 1268 permiffi
854 1240 868 1263 ‚
900 1205 1130 1268 religionis
1162 1205 1356 1268 respectu
1384 1208 1484 1256 sunt

211 1277 442 1326 honorati.
485 1279 552 1323 Ex
595 1278 694 1340 hoc*
719 1294 946 1339 magorum
981 1277 1143 1323 semine
1183 1277 1343 1340 septem
1383 1281 1482 1341 post

210 1364 404 1398 mortem
434 1349 667 1411 Cambysis
695 1365 879 1412 regumn
911 1349 1033 1394 inisse
1063 1349 1285 1408 Persidos,
1310 1353 1481 1414 antiqui

209 1434 463 1469 memorant
480 1421 597 1477 libri,
613 1421 842 1478 docentes,
862 1437 939 1467 eos
953 1421 1078 1468 Darii
1095 1421 1289 1469 faffione
1306 1425 1481 1486 oppres-

209 1495 282 1543 sos
301 1531 314 1552 ‚
339 1493 620 1557 imperitandi
643 1493 817 1539 initium
837 1494 1007 1556 equino
1042 1493 1219 1541 hinnitu
1241 1494 1395 1542 sortiti.
1429 1500 1480 1545 In

212 1569 296 1615 hac
322 1568 507 1631 regione
537 1567 686 1613 oleum
723 1565 961 1614 conficitur
990 1567 1210 1614 medicum
1229 1603 1242 1625 ,
1271 1585 1364 1631 quo
1390 1570 1480 1617 illi-

209 1654 305 1688 tum
339 1641 476 1685 telum
508 1639 539 1685 fi
574 1639 769 1685 emiffum
805 1639 966 1685 lentius
998 1639 1170 1686 laxiore
1200 1657 1304 1687 arcu
1336 1640 1477 1704 (nam

208 1713 297 1760 iau
315 1712 602 1775 exstinguitur
618 1711 818 1776 rapido)
840 1712 1010 1758 haeserit
1032 1713 1243 1776 usquam,
1262 1715 1476 1762 tenaciter

208 1799 412 1833 cremat:
457 1787 505 1832 &
555 1783 583 1830 fi
619 1802 734 1849 aqua
768 1785 965 1832 voluerit
996 1786 1173 1833 abluere
1209 1787 1435 1850 quisquam
1457 1824 1474 1848 ,

209 1858 340 1904 aestus
358 1858 523 1904 excitat
540 1857 732 1904 acriores
747 1857 1057 1905 incendiorum
1069 1894 1082 1915 ,
1096 1876 1177 1906 nec
1194 1861 1390 1908 remedio
1406 1863 1474 1908 ul·

207 1933 256 1977 lo
270 1967 283 1988 ,
302 1948 432 1993 quam
452 1929 565 1991 jaClu
588 1930 810 1992 pulveris,
829 1930 1102 1993 consopitur.
1126 1933 1308 1979 Paratur
1325 1947 1471 1981 autem

206 2004 296 2049 hoc
335 2004 489 2051 tnodo.
511 2004 680 2050 Oleum
714 2003 810 2049 usus
836 2003 1087 2050 communis
1115 2004 1247 2050 herba
1282 2006 1470 2067 quadam

203 2072 413 2119 infelilum
435 2074 654 2120 condiunt
673 2074 827 2120 harum
857 2090 1001 2120 rerum
1034 2074 1194 2135 periti,
1214 2076 1268 2121 ad
1297 2076 1470 2122 diutur-

204 2144 388 2191 nitatem
420 2145 674 2204 servantes,
706 2149 754 2194 &
789 2147 1040 2193 coalescens
1067 2147 1226 2194 durant
1244 2164 1298 2193 ex
1327 2164 1469 2195 mate-

201 2217 268 2263 ria
293 2234 421 2263 venae
450 2219 658 2265 naturalis
675 2255 687 2275 ‚
715 2219 864 2265 similis
881 2219 987 2266 oleo
1006 2219 1200 2266 crassiori
1220 2238 1231 2266 :
1251 2237 1351 2283 quae
1369 2221 1468 2283 spe-

199 2287 288 2334 cies
319 2287 510 2350 gignitur
545 2289 660 2351 apud
685 2289 831 2336 Persas
848 2324 862 2346 ,
889 2305 1020 2351 quam
1037 2326 1051 2346 ‚
1070 2302 1118 2336 ut
1141 2291 1329 2338 diximus
1348 2328 1361 2350 ,
1386 2310 1468 2339 na-

198 2361 381 2422 phtham
409 2361 635 2408 vocabulo
655 2363 935 2424 appellavere
956 2363 1123 2425 gentili.
1144 2364 1225 2410 Per
1245 2366 1339 2412 haec
1360 2366 1462 2412 loca

195 2431 400 2476 civitates
425 2430 622 2491 dispersae
650 2433 747 2478 sunt
765 2433 908 2494 plures
926 2469 938 2487 ‚
959 2434 1083 2496 queis
1112 2436 1320 2482 omnibus
1341 2454 1458 2499 prae-

196 2501 309 2549 stant
338 2502 519 2549 Zombis
539 2538 553 2562 ,
581 2504 628 2553 δι
654 2504 884 2569 Patigran,
903 2507 952 2554 &
979 2508 1179 2558 Gazaca:
1203 2508 1319 2559 inter
1346 2525 1457 2575 guas

1578 736 1587 745 ι

1609 618 1626 791 ςκηιεὶ-ηκ-
1623 600 1626 605 .
1620 566 1626 583 —
1623 495 1626 507 it
