1626 2917
320 211 538 257 RERUM
568 209 906 256 GESTARUM
940 209 1042 256 LIB.
1075 208 1186 255 XX.
1299 224 1390 272 239

113 317 265 366 omnia
289 317 581 364 Constantius
603 316 864 377 improbans
880 350 895 373 ,
917 314 1104 369 Caesaris
1125 314 1392 376 potestatem

114 391 315 437 sufficere
342 388 520 436 Juliano
558 388 792 445 censebat,
825 386 1156 434 exclamabatur
1193 388 1393 451 undique

112 482 285 512 vocum
315 462 586 510 terribilium
615 461 755 508 sonu:
782 463 968 527 Auguste
1001 463 1171 508 Juliane
1190 496 1203 518 ,
1233 478 1279 507 ut
1292 483 1393 524 pro-

111 539 307 584 vincialis
318 572 334 594 ,
355 534 397 582 δ’
413 539 551 591 miles,
571 534 614 582 δ’
636 536 860 596 reipublic-a:
880 538 1049 580 decrevit
1068 534 1312 592 aufforitas,
1334 557 1391 583 re·

111 625 248 655 creatae
274 612 437 670 quidem
457 644 471 666 ‚
489 611 574 669 fid
605 611 741 653 adhuc
771 612 986 653 metuentis
1015 611 1222 653 redivivos
1239 612 1393 655 barba-

111 701 248 728 rorum
267 684 475 742 excursus.
493 683 672 741 Quibus
693 682 852 729 auditis
872 684 1046 729 Leonas
1064 717 1078 740 ,
1105 698 1206 728 cum
1232 682 1393 731 juliani

110 753 250 801 literis
274 755 371 801 haec
404 755 557 801 eadem
581 754 887 802 indicantibus
911 754 1098 801 revertit
1124 754 1393 802 incolumis:

109 827 317 889 solusque
349 828 556 875 admissus
590 828 653 875 est
688 828 742 874 ad
772 827 1084 890 praefefi‘curam
1125 826 1392 875 Nebridius:

108 900 155 947 id
188 901 309 947 enim
333 900 481 948 Caesar
499 917 683 965 quoque
723 901 948 957 scribens,
990 917 1045 947 ex
1074 899 1288 946 sententia
1319 899 1393 948 sua

107 973 209 1020 fore
245 986 396 1036 aperte
432 974 653 1036 praedixit.
685 973 947 1037 Magistrum
978 973 1097 1019 enim
1130 972 1392 1020 officiorum

106 1046 368 1109 jampridem
394 1046 484 1109 ipse
501 1045 766 1093 Anatolium
793 1045 1024 1092 ordinavit
1040 1080 1054 1102 ‚
1082 1044 1243 1091 libellis
1263 1058 1392 1093 antea

106 1120 449 1182 respondentem
471 1157 485 1176 ‚
514 1122 564 1167 &
583 1119 802 1182 quosdam
840 1119 980 1176 alios,
1016 1131 1065 1165 ut
1090 1119 1168 1165 fibi
1191 1119 1300 1165 utile
1320 1120 1391 1166 vi·-

78 1189 83 1197 '
107 1193 294 1239 debatur
316 1194 367 1240 δι
389 1204 550 1240 tutum.
570 1195 626 1238 Et
643 1193 863 1256 quoniam
877 1228 891 1251 ,
910 1209 1012 1240 cum
1034 1192 1131 1239 haec
1147 1191 1206 1238 ita
1227 1208 1389 1255 proce-

105 1268 262 1314 derent
278 1302 292 1323 ,
320 1265 561 1312 timebatur
591 1265 839 1328 Lupicinus
855 1299 868 1322 ‚
893 1264 998 1311 licet
1028 1263 1181 1310 absens
1199 1300 1212 1322 ‚
1235 1264 1391 1328 agens·-

104 1355 192 1401 que
204 1338 335 1385 etiam
357 1351 452 1384 tum
471 1338 588 1400 apud
607 1337 866 1394 Britannos,
885 1336 1027 1382 homo
1049 1335 1246 1396 superbae
1266 1354 1390 1383 men-

106 1410 161 1457 tis
183 1412 231 1458 &
249 1409 468 1472 turgidaeg
489 1423 673 1471 eratque
689 1407 880 1469 suspicio
896 1442 911 1465 ‚
939 1407 1087 1470 quod,
1106 1407 1136 1453 fi
1155 1408 1252 1455 haec
1271 1422 1391 1455 trans

105 1499 227 1529 mare
251 1481 500 1537 didicisset,
538 1497 762 1528 novarum
794 1496 942 1526 rerum
980 1479 1187 1527 materias
1218 1482 1391 1528 excita-

106 1567 174 1601 ret
193 1573 204 1601 :
224 1554 425 1600 notarius
447 1553 704 1600 Bononiam
726 1551 917 1598 mittitur
931 1587 947 1610 ‚
967 1550 1282 1600 observa-turus
1303 1553 1390 1600 sol-

103 1627 225 1675 licite
244 1663 259 1686 ,
287 1644 342 1674 ne
378 1625 609 1690 quisquam
630 1626 790 1672 fretum
813 1625 974 1673 oceani
995 1626 1177 1671 transire
1201 1627 1388 1688 permit-

103 1712 286 1746 teretur.
304 1701 414 1759 Quo
437 1699 582 1745 vetito
601 1735 614 1757 ‚
634 1696 838 1744 reversus
858 1696 1127 1759 Lupicinus,
1146 1710 1387 1761 antequam

105 1773 267 1832 hortun
289 1772 531 1835 quidquam
553 1771 711 1827 sciret,
735 1770 877 1816 nullas
907 1771 1024 1816 ciere
1049 1771 1201 1832 potuit
1219 1772 1386 1821 turbas.

169 1849 229 1896 X.
246 1846 446 1895 Julianus
466 1859 614 1893 tamen
632 1845 717 1907 jam
737 1845 920 1892 celsiore
944 1843 1127 1891 fortuna
1148 1846 1388 1909 militisque

104 1917 266 1967 fiducia
293 1918 464 1977 laetior,
484 1935 539 1965 ne
559 1917 878 1980 intepesceret,
900 1934 1015 1965 neve
1035 1931 1083 1964 ut
1101 1918 1299 1967 remissus
1315 1937 1386 1966 ar-

103 2004 312 2054 gueretur
335 1994 384 2039 &
415 1991 563 2049 deses,
595 1991 748 2055 legatis
778 1992 834 2037 ad
870 1989 1185 2037 Constantium
1217 1991 1349 2038 mistis
1369 2028 1383 2050 ,

103 2062 148 2109 in
179 2063 364 2110 limitem
392 2064 647 2110 Germaniae
679 2063 879 2110 secundae
900 2063 961 2109 est
981 2063 1194 2126 egressus,
1230 2064 1384 2109 omni-

103 2150 192 2198 que
214 2148 452 2198 apparatu,
491 2153 623 2199 quem
659 2135 884 2199 flagitabat
922 2133 1082 2180 instans
1113 2136 1345 2199 negotium
1368 2172 1384 2194 ,

104 2210 406 2255 communitus
439 2244 452 2266 ,
488 2209 776 2256 Tricensimae
818 2208 991 2271 oppido
1038 2208 1383 2271 propinquabat.

104 2278 266 2326 Rheno
286 2279 444 2327 exinde
461 2281 708 2327 transmiss'o
723 2318 734 2337 ‚
764 2281 995 2344 regionem
1016 2279 1161 2327 subito
1186 2281 1381 2342 pervasit

105 2355 540 2418 Francorum‚quos
571 2355 801 2401 Attuarios
838 2368 1034 2412 vocant,
1070 2354 1378 2416 inquietorum

103 2424 338 2472 hominum
355 2461 370 2482 ,
391 2426 597 2474 licentius
618 2428 749 2473 etiam
772 2440 865 2473 tum
887 2427 1238 2488 percursantium
1260 2428 1380 2473 exti-

107 2513 183 2552 ma
199 2497 458 2547 Galliarum,
478 2501 611 2561 Quos
629 2501 812 2546 adortus
831 2499 979 2546 subito
999 2499 1107 2545 nihil
1133 2511 1378 2545 metuentes
