1626 2917
216 230 308 275 252
423 210 758 261 ‘AMMIANI
809 213 1287 261 MARCELLINI

212 334 396 371 natura,
419 318 501 377 fid
526 320 738 363 hominum
769 317 996 375 conjeHura
1024 321 1224 378 peccavit.
1261 319 1328 364 Ne
1360 315 1497 381 igitur

215 402 339 435 extra
373 390 566 446 calcem,
598 392 725 453 quod
755 391 951 448 dicitur,
980 390 1124 438 sermo
1159 392 1396 439 decurrens
1429 390 1497 436 le-

213 463 341 509 &uro
373 462 593 511 fastidium
619 463 758 523 ferat,
785 464 839 511 ad
873 464 1136 527 explicanda
1167 465 1396 528 prospe&a
1424 480 1497 511 re·

217 548 466 583 vertamur.

278 608 339 653 ΙΙ.
380 608 499 654 Cum
534 605 655 668 apud
691 605 880 654 Parisios
916 608 1061 657 adhuc
1089 609 1235 658 Caesar
1266 610 1498 669 Julianus,

212 680 416 742 quatiens
433 679 603 726 scutum
626 679 762 727 variis
781 680 980 728 motibus
1003 695 1289 728 exerceretur
1307 682 1349 728 in
1372 700 1497 730 cam-

212 769 275 816 po
290 789 303 811 ,
324 753 510 801 axiculis
525 789 539 810 ,
564 753 689 816 queis
711 753 833 800 orbis
857 766 951 800 erat
972 755 1334 819 compaginatus,
1352 755 1399 802 in
1418 773 1498 802 va-

212 842 321 872 num
344 826 557 883 excuffis,
583 825 683 872 ansa
704 826 970 874 remanserat
999 827 1090 875 sola
1111 846 1121 874 :
1143 845 1274 892 quam
1301 829 1496 876 retinens
1565 838 1567 841 ’

212 898 361 945 valida
380 916 515 945 manu
537 897 790 960 stringebat.
808 899 1109 962 Territisque,
1129 916 1179 946 ut
1201 900 1354 946 omine
1372 901 1495 958 diro,

213 973 504 1036 praesentibus
530 974 723 1028 cunffis,
748 957 1083 1039 NemoJiiiquit
1099 1012 1113 1033 ,
1137 992 1348 1023 vereatur:
1369 979 1496 1023 habeo

201 1051 409 1110 firmiter,
444 1052 556 1110 quod
591 1052 788 1096 tenebam.
831 1053 938 1096 Item
975 1068 1077 1097 cum
1115 1051 1233 1113 apud
1273 1050 1496 1098 Viennam

213 1123 362 1186 postea
402 1123 645 1185 quiesceret
683 1122 882 1180 sobrius,
926 1125 1121 1172 horrore
1164 1124 1315 1171 medio
1352 1124 1498 1171 noffis

212 1195 364 1260 imago
388 1196 592 1260 quaedam
614 1194 705 1241 visa
738 1194 1040 1257 splendidior,
1071 1196 1154 1243 hos
1174 1197 1213 1243 ei
1238 1194 1389 1242 versus
1414 1197 1496 1242 he·-

202 1285 323 1315 ·roos
354 1269 493 1315 modo
524 1283 618 1314 non
649 1267 853 1330 vigilanti
883 1281 1034 1331 aperte
1061 1268 1203 1324 dixit,
1230 1269 1382 1315 eadem
1414 1269 1497 1314 saed

213 1341 314 1405 pius
347 1340 638 1403 replicando:
665 1339 828 1402 quibus
862 1341 1000 1388 fretus
1037 1341 1146 1389 nihil
1182 1341 1382 1405 asperum
1415 1339 1497 1390 fibi

212 1415 426 1480 superesse
457 1414 752 1462 existimabat.

267 1520 358 1561 Ζεὺς
379 1520 470 1560 ὅταν
499 1520 551 1563 εἰς
576 1518 712 1559 πλατὺ
731 1518 855 1573 τέρμα
872 1518 969 1572 μόλῃ
993 1518 1138 1560 κλυτοῦ
1163 1516 1386 1573 ὑὲροχόοιο,

268 1592 505 1647 Repete-miv}
524 1593 570 1633 S}
593 1594 716 1646 Κρόνος
738 1592 840 1646 μοίρῃ
865 1592 970 1644 βαίνῃ
997 1593 1061 1633 ἐπὶ
1090 1593 1255 1644 πέμπτῃ

268 1665 454 1717 Bima-727,
479 1664 665 1711 βασιλεὺς
695 1663 952 1704 Κωνστέιντιος
981 1663 1131 1704 Ἀσίδος
1151 1663 1237 1704 εωής

268 1736 398 1791 Τέρμιι
420 1735 532 1788 φίλου
558 1735 686 1783 βιοτοῧ
713 1738 903 1790 στυγερὴν
925 1734 991 1774 καὶ
1019 1733 1208 1774 ἑπώὸυνον
1233 1731 1321 1788 ἕξει.

215 1843 387 1906 Agebat
410 1841 557 1907 itaque
578 1842 688 1891 nihil
712 1841 891 1889 interim
912 1841 966 1888 de
987 1841 1099 1888 flatu
1123 1857 1271 1888 rerum
1300 1838 1495 1902 praesend

214 1916 329 1962 tium
350 1929 548 1974 mutans,
567 1916 640 1963 sed
659 1915 812 1962 animo
835 1913 1082 1977 tranquillo
1111 1915 1161 1961 &
1188 1912 1348 1976 quieto
1374 1913 1495 1966 inci-

214 1989 363 2035 dentia
384 1991 539 2036 cunita
557 1989 797 2052 disponens
811 2023 825 2046 ‚
838 1987 1141 2051 paulatimque
1162 1986 1247 2033 sese
1266 1985 1495 2033 corrobo-

213 2078 341 2120 rans,
373 2074 423 2108 ut
451 2061 675 2125 dignitatis
703 2071 946 2124 augmento
978 2058 1143 2104 virium
1165 2073 1346 2121 quoque
1375 2072 1493 2103 con-

215 2147 423 2199 gruerent
460 2135 748 2182 incrementa.
784 2137 938 2197 thue
971 2148 1156 2186 omnes,
1189 2130 1316 2176 nullo
1348 2129 1493 2192 impe-

215 2208 395 2266 diente,
426 2209 481 2255 ad
513 2207 577 2255 sui
611 2207 815 2256 favorem
847 2205 1063 2263 illiceret,
1098 2203 1320 2251 adhaerere
1351 2201 1493 2250 cultui

214 2280 467 2327 Christiano
490 2279 708 2343 fingebat,
728 2297 753 2326 a
774 2295 869 2343 quo
894 2276 981 2340 jam
1006 2276 1176 2339 pridem
1206 2275 1383 2323 occulte
1410 2275 1492 2322 de-

215 2352 433 2412 sciverat,
463 2370 730 2417 arcanorum
760 2350 1050 2416 participibus
1077 2348 1255 2412 paucis,
1287 2347 1490 2417 haruspi-

218 2427 332 2474 cinae
351 2426 628 2490 auguriisque
645 2427 842 2473 intentus
855 2461 868 2483 ‚
888 2427 937 2472 &
959 2422 1138 2481 ceteris,
1159 2439 1258 2486 quae
1276 2422 1487 2471 Deorum

215 2499 385 2566 semper
404 2499 549 2549 fecere
578 2501 788 2551 cultores.
816 2501 873 2548 Et
894 2509 944 2546 ut
971 2498 1066 2546 haec
1087 2496 1265 2546 interim
1288 2495 1489 2546 celarem.
