1626 2917
291 171 514 219 RERUM
547 172 887 220 GESTARUM
919 173 1024 220 LlB.
1060 173 1186 220 XVI.
1321 187 1378 238 83

100 277 354 338 invalidos,
379 279 674 326 barbarorum
706 280 876 343 impetu
906 278 1145 342 repentino
1173 278 1385 339 insessos,

99 365 308 416 torpente
325 354 607 418 praesentium
627 354 819 401 militum
837 371 997 413 manu‚·
1013 365 1250 402 veteranos
1271 370 1387 400 con-

99 425 352 473 cursatione
390 426 605 489 pervigili
645 425 885 473 defendisse
920 444 932 473 :
966 437 1015 472 ut
1042 425 1155 473 solet
1196 426 1384 488 abrupta

99 498 215 562 saepe
243 497 499 547 discrimina
519 498 667 546 salutis
694 499 850 545 ultima
879 497 1125 561 desperassio
1149 498 1387 561 propulsa-

98 588 160 618 re.
190 571 313 618 Nihil
340 572 493 636 itaque
524 571 855 619 remittentibus
886 571 1030 628 curis,
1053 570 1253 619 ancillari
1275 572 1388 618 adu-

99 643 270 692 latione
296 645 548 707 posthabita
568 681 582 703 ,
617 662 705 709 qua
734 661 837 691 eum
875 643 1075 707 proximi
1105 644 1159 690 ad
1190 644 1388 691 amoeni-

98 731 236 766 tatem
270 718 506 766 flectebant
535 720 586 766 δε
611 719 767 766 luxum
788 754 803 777 ,
833 718 932 766 satis
960 717 1172 765 omnibus
1197 735 1387 781 compa-

97 793 234 851 ratis,
266 808 362 840 vm
408 792 602 840 Kalend.
633 792 766 840 Julias
804 791 1183 856 Augustodunum
1221 803 1389 853 perved

100 865 192 922 nit,
219 866 348 912 velut
376 865 469 912 dux
496 864 759 923 diuturnus,
782 862 956 910 viribus
977 863 1177 910 eminens
1195 865 1245 912 &
1270 881 1387 910 con-

102 938 236 997 filiis,
267 956 346 1002 per
376 937 551 987 diversa
574 937 772 999 palantes
804 936 1020 984 barbaros
1049 971 1064 994 ,
1100 936 1177 982 ubi
1202 936 1386 991 dediss'et

101 1011 195 1059 fors
225 1012 435 1074 copiam,
461 1009 747 1073 aggressurus.
780 1009 943 1056 Habita
973 1009 1126 1073 itaque
1162 1009 1386 1060 delibera-

97 1086 225 1133 tione
243 1121 258 1141 ,
285 1083 577 1132 assistentibus
605 1083 817 1131 locorum
840 1081 994 1146 peritiS
1011 1118 1024 1139 ‚
1047 1083 1281 1146 quodnam
1302 1073 1385 1130 iter

99 1155 338 1222 eligeretur
367 1170 417 1205 ut
441 1169 588 1204 tutum
616 1193 632 1215 ‚
669 1157 808 1204 multa
848 1156 973 1211 ultro
1013 1155 1222 1220 citroque
1260 1157 1386 1206 dice-

99 1231 284 1290 bantur,
312 1231 408 1279 aliis
437 1247 516 1294 per
541 1231 809 1279 A1·bor.....
843 1228 1108 1292 quibusdam
1145 1246 1225 1292 per
1252 1230 1388 1276 Sede-

98 1303 274 1352 laucum
305 1306 354 1353 δι
387 1305 557 1351 Coram
587 1303 645 1350 iri
672 1304 831 1350 debere
855 1302 1150 1349 firmantibus.
1169 1303 1254 1348 Sed
1281 1320 1386 1350 cum

99 1375 375 1424 subsererent
415 1376 596 1440 quidam
622 1411 637 1434 ‚
670 1375 902 1422 Silvanum
936 1375 1075 1438 paulo
1107 1391 1208 1422 ante
1239 1378 1386 1441 magi-

101 1449 238 1499 strum
262 1450 463 1513 peditum
482 1486 496 1508 ‚
521 1467 599 1512 per
617 1450 959 1513 compendiosas
996 1450 1088 1498 vias
1103 1485 1116 1507 ‚
1136 1468 1294 1499 verum
1317 1452 1387 1513 su-

101 1521 294 1584 spectas,
319 1522 423 1585 quia
445 1522 641 1570 tenebris
662 1521 812 1569 multis
830 1523 1094 1569 umbrantur
1110 1558 1124 1581 ‚
1151 1541 1255 1571 cum
1276 1526 1388 1572 otilo

102 1594 387 1649 auxiliarium
405 1595 601 1642 millibus
623 1612 738 1658 aegre
754 1594 948 1642 tranfiss'e
961 1631 976 1653 ,
1004 1594 1216 1642 fidentius
1235 1597 1387 1645 Caesar

101 1667 333 1716 audaciam
360 1668 449 1716 viri
476 1669 606 1716 fortis
635 1669 799 1716 imitari
830 1686 1106 1734 magnopere
1145 1670 1385 1720 nitebatur.

99 1742 157 1788 Et
182 1757 238 1787 ne
269 1758 356 1805 qua
387 1740 682 1789 interveniret
715 1759 875 1801 mora,
901 1743 1108 1790 adhibitis
1148 1747 1384 1808 cataphra-

103 1812 248 1870 &ariis
279 1812 415 1870 solis,
441 1815 491 1861 &
516 1813 792 1872 ballistariis,
810 1832 966 1878 parum
998 1816 1054 1862 ad
1078 1818 1293 1865 tuendum
1314 1836 1384 1866 re-

103 1885 271 1932 &orem
304 1886 506 1945 idoneis,
531 1887 744 1950 percurso
765 1888 923 1935 eodem
953 1888 1112 1935 itinere
1141 1892 1386 1939 Autolido-

100 1975 199 2005 rum
226 1959 458 2022 pervenit:
470 1959 563 2007 Ubi
595 1959 753 2016 brevi,
774 1959 884 2006 ficut
910 1959 1109 2018 solebat,
1141 1962 1243 2008 otio
1279 1980 1384 2010 cum

71 2033 73 2035 ’
103 2029 244 2077 milite
274 2043 522 2090 recreatus,
553 2032 608 2078 ad
640 2031 913 2079 Tricastinos
943 2033 1153 2080 tendebat
1175 2053 1185 2081 :
1206 2035 1256 2082 &
1284 2036 1384 2082 bar-

104 2101 238 2150 baros
269 2103 315 2151 in
341 2103 383 2151 se
405 2103 670 2153 catervatim
695 2116 874 2151 ruentes
893 2139 908 2160 ‚
941 2105 1104 2167 partim
1130 2124 1232 2154 cum
1256 2108 1386 2156 time·

106 2186 173 2221 ret
201 2187 252 2223 ut
274 2175 514 2239 ampliores
532 2213 546 2235 ‚
582 2176 1043 2240 confertis—lateribus
1081 2179 1382 2234 observabat:

106 2246 220 2295 alios
250 2249 483 2312 occupatis
508 2249 732 2296 habilibus
764 2249 878 2297 locis
903 2250 1089 2297 decursu
1120 2251 1240 2299 facili
1272 2272 1386 2317 pro-

105 2328 276 2378 terens,
297 2323 543 2370 nonnullos
567 2339 738 2386 pavore
764 2323 951 2370 traditos
980 2324 1128 2386 cepit:
1155 2326 1353 2374 refiduos
1368 2363 1384 2386 ‚

106 2390 153 2438 in
170 2409 317 2441 curam
334 2395 570 2444 celeritatis
592 2413 728 2444 omne
755 2397 880 2460 quod
905 2410 1116 2461 poterant
1139 2399 1386 2447 conferen-

27 2536 38 2542 .
103 2476 168 2512 tes
187 2500 202 2525 ,
234 2465 483 2534 quiasequi
522 2487 618 2518 non
653 2470 830 2522 valebat
860 2466 1086 2537 gravitate
1112 2473 1386 2536 praepeditus

1030 2548 1062 2593 F
1099 2563 1125 2593 2
