1626 2917
7 2459 10 2503 l

283 151 500 197 RERUM
537 150 876 197 GESTARUM
908 151 1012 196 L113.
1048 151 1174 199 XIV.
1321 166 1370 215 15

91 254 268 313 tiplices
304 272 357 304 ac
391 254 571 312 ruinas,
603 255 799 302 vinculis
832 256 1034 303 membra
1073 257 1377 320 ingenuorum

89 328 317 391 affligens,
350 329 401 376 &
436 327 654 392 quosdam
693 328 905 376 obterens
949 328 1157 389 manicis,
1189 331 1379 378 crimina

90 400 258 448 scilicet
284 400 423 448 multa
445 400 835 457 confflrcinando,
860 419 885 448 a
912 401 1103 449 veritate
1127 402 1263 467 longe
1289 403 1379 449 dis-

90 490 226 522 creta.
259 474 393 521 Unde
423 474 655 520 admiffum
687 473 747 520 est
785 473 958 522 facinus
1000 474 1189 537 impium
1209 511 1224 535 ‚
1251 475 1378 539 quod

90 546 344 594 Constantii
373 558 549 609 tempus
575 558 683 592 nota
711 546 924 593 inusserat
944 546 1224 610 sempiterna.
1251 549 1378 594 Mar-

87 621 228 680 tinus,
245 636 379 684 agens
397 620 494 668 illas
511 620 773 684 provincias
790 637 875 684 pro
891 621 1139 680 ffiaefeffls,
1156 638 1378 668 aerumnas

86 695 403 743 innocentium
428 694 625 758 graviter
650 710 856 758 gemens,
878 693 1085 758 saepeque
1113 693 1381 751 obsecrans,

87 780 136 814 ut
159 768 213 814 ab
234 768 362 815 omni
392 769 525 831 culpa
544 767 818 815 immunibus
845 780 1130 830 parceretur,
1159 785 1259 815 cum
1282 784 1379 815 non

86 841 374 903 impetraret,
401 842 652 888 minabatur
677 840 720 886 se
741 839 1026 887 discessurum
1047 859 1060 888 ε
1090 853 1138 888 ut
1158 842 1307 889 saltem
1331 842 1378 888 id

85 925 288 960 metuens
321 912 594 976 perquifitor
627 911 914 969 malevolus,
945 912 1121 960 tandem
1161 913 1378 960 delineret

85 984 226 1048 quieti
246 983 437 1031 coalitos
457 983 666 1030 homines
691 983 738 1029 in
761 994 913 1046 aperta
938 984 1134 1046 pericula
1156 984 1377 1047 projefila·

83 1073 146 1103 re.
162 1058 243 1102 Per
257 1056 347 1104 hoc
367 1055 513 1103 minui
531 1055 721 1103 studium
743 1055 869 1102 suum
887 1056 1142 1103 existimans
1162 1058 1343 1104 Paullus
1359 1096 1373 1115 ‚

85 1142 136 1178 ut
154 1142 248 1178 erat
265 1131 313 1178 in
341 1130 668 1194 complicandis
690 1130 884 1195 negotiis
906 1130 1069 1178 artifex
1088 1131 1208 1178 dirus
1222 1168 1235 1190 ,
1254 1132 1374 1180 uncle

83 1203 126 1251 ei
165 1205 350 1252 Catenae
388 1203 580 1251 inditum
617 1203 679 1250 est
715 1215 1072 1267 cognomentum
1087 1240 1100 1262 ,
1142 1204 1374 1252 Vicarium

84 1276 228 1339 ipsum
250 1294 354 1337 eos,
374 1276 538 1341 quibus
556 1288 742 1340 praeerat
756 1312 769 1334 ‚
790 1277 935 1323 adhuc
958 1276 1260 1324 defensantem
1278 1314 1291 1335 ‚
1319 1277 1374 1324 ad

83 1352 247 1410 sortem
263 1349 570 1412 periculorum
589 1347 899 1395 communium
921 1347 1065 1395 traxit.
1088 1350 1143 1394 Et
1160 1348 1373 1407 instabat,

84 1434 135 1468 ut
159 1439 258 1468 eum
282 1438 492 1486 quoque,
519 1438 620 1468 cum
641 1421 859 1467 Tribunis
879 1422 929 1467 ὃ(
947 1421 1043 1467 aliis
1063 1420 1265 1483 pluribus
1280 1458 1292 1479 ‚
1316 1420 1373 1468 ad

84 1494 351 1542 comitatum
387 1492 672 1556 imperatoris
707 1493 909 1540 vinffiim
946 1493 1249 1556 perduceret:
1276 1511 1373 1556 quo

83 1566 282 1629 percitus
300 1566 403 1626 ille,
420 1566 562 1613 exitio
586 1578 771 1630 urgente
791 1566 986 1629 abrupto
1002 1602 1017 1624 ‚
1037 1565 1157 1612 ferro
1180 1567 1371 1613 eundem

83 1640 288 1688 adoritur
299 1640 516 1687 Paullum.
536 1643 590 1686 Et
606 1640 710 1703 quia
729 1641 966 1704 languente
978 1642 1160 1687 dextera
1180 1640 1372 1687 letaliter

82 1711 217 1760 ferire
235 1729 330 1760 non
350 1711 529 1776 potuit,
548 1711 634 1772 jam
654 1712 892 1760 districtum
910 1730 1178 1761 mucronem
1198 1713 1244 1760 in
1263 1731 1371 1777 pro„

82 1786 232 1848 prium
251 1784 596 1848 latus·impegit:
615 1785 792 1850 hocque
814 1784 1007 1832 deformi
1027 1803 1190 1849 genere
1209 1787 1371 1833 mortis

81 1861 265 1908 exceffit
287 1877 312 1907 e
331 1859 427 1908 vita
450 1859 704 1922 justiffimus
718 1894 732 1916 ‚
757 1875 935 1906 remora
953 1859 1080 1907 ausus
1100 1858 1370 1907 miserabiles

83 1932 206 1982 casus
225 1933 372 1982 levare
390 1932 653 1980 multorum.
673 1931 852 1993 Quibus
871 1931 931 1979 ita
954 1932 1130 1979 sceleste
1152 1934 1334 1995 patratis
1354 1970 1368 1990 ,

82 2005 265 2053 Paullus
295 2021 458 2054 cruore
484 2004 712 2068 perfusus,
738 2003 1031 2068 reversusque
1062 2005 1116 2051 ad
1152 2005 1368 2068 principis

83 2075 220 2124 castra
234 2113 251 2135 ‚
269 2077 436 2125 multos
460 2089 709 2140 coopertos
739 2080 867 2140 paene'
902 2077 1069 2125 catenis
1090 2077 1298 2136 adduxit,
1320 2078 1369 2124 iu

81 2151 338 2214 squalorem
368 2151 565 2213 dejeEtos
592 2163 725 2214 atque
752 2151 1009 2199 moestitiam
1032 2170 1043 2198 ε
1063 2168 1260 2215 quorum
1288 2152 1371 2198 ad·-

82 2234 226 2270 ventu
243 2223 584 2271 intendebantur
608 2222 779 2281 eculei,
799 2222 1031 2285 uncosque
1060 2223 1240 2285 parabat
1268 2240 1369 2270 car-

83 2293 211 2342 nifex
237 2298 288 2344 &
312 2308 551 2344 tormenta.
586 2299 643 2343 Et
661 2313 716 2342 ex
734 2295 788 2343 iis
813 2295 1055 2359 proscripti
1077 2295 1179 2343 sunt
1196 2297 1369 2359 plures,

84 2367 258 2432 a&ique
287 2369 334 2416 in
365 2369 568 2416 exsilium
589 2369 688 2416 alii:
711 2370 960 2417 nonnullos
987 2369 1123 2432 gladii
1156 2369 1370 2417 consum-

87 2438 179 2488 sere
210 2441 426 2505 poenales·
449 2442 548 2492 Nec
573 2440 695 2491 enim
725 2441 957 2510 quisquam
982 2441 1112 2491 facile
1139 2439 1369 2501 meminit,
