1626 2917
346 219 566 267 RERUM
602 219 938 267 GESTARUM
974 221 1076 265 ΠΒ.
1113 220 1237 266 XVI.
1347 236 1426 267 101

158 337 284 376 reret.
302 327 500 390 Cupiens
519 325 669 391 itaque
686 326 977 391 augussiffima
999 326 1201 374 omnium
1221 327 1317 373 sede
1334 338 1435 374 mo-'

155 400 244 446 rari
275 400 439 446 diutius
472 403 746 463 Imperator,
780 412 828 446 ut
862 400 961 447 otio
991 400 1172 463 puriore
1210 399 1435 447 frueretur

155 474 207 520 &
230 473 496 534 voluptate,
522 473 700 520 affiduis
731 473 901 520 nuntiis
926 474 1173 522 terrebatur
1197 475 1247 520 &
1276 473 1434 531 certis,

152 545 453 592 indicantibus
485 547 662 593 Suevos
683 546 846 593 Raetias
876 546 1128 601 incursare,
1159 547 1434 608 Quadosque

157 618 406 676 Valeriam,
442 620 491 666 &
523 621 767 677 Sarmatas,
801 619 1099 665 latrocinandi
1131 619 1436 681 peritiffimum

155 706 321 752 genus,
351 689 622 752 superiorem
655 691 853 737 Moefiam
883 693 932 738 δὲ
961 691 1194 737 secundam
1225 689 1436 753 populari

156 763 434 809 Pannoniam
458 781 469 809 :
489 763 650 825 quibus
680 763 899 825 percitus,
935 763 1161 809 tricesimo
1198 762 1434 826 postquam

155 835 373 899 ingressus
398 835 459 882 est
485 836 556 883 die
572 872 586 895 ‚
608 851 661 882 lv
688 837 876 882 Kalend.
899 836 1044 882 Junias
1068 836 1121 882 ab
1142 836 1250 882 urhe
1283 835 1435 898 profe-

158 907 280 963 ἃιιε,
314 925 393 970 per
428 908 695 955 Tridentum
727 909 810 955 iter
845 909 892 954 in
930 909 1161 972 Illyricum
1194 909 1436 957 festinavit.

158 980 291 1026 Unde
322 979 447 1026 misso
478 979 524 1026 in
555 980 707 1027 locum
751 980 954 1027 Marcelli
983 982 1177 1038 Severo,
1211 982 1434 1028 bellorum

155 1053 238 1100 usu
261 1054 311 1100 &
330 1053 582 1099 maturitate
616 1052 795 1100 firmato
811 1090 826 1110 ,
854 1053 1108 1101 Urficinum
1140 1055 1194 1101 ad
1214 1055 1255 1101 se
1277 1056 1432 1103 venire

155 1126 449 1190 praecepit.,Et
467 1126 564 1184 ille,
582 1126 720 1174 literis
739 1138 963 1191 gratanter
983 1128 1200 1190 acceptis,
1220 1128 1431 1176 Sirmium

157 1199 314 1257 venit,
345 1199 664 1247 comitantibus
694 1200 825 1248 sociis
859 1218 869 1246 :
904 1199 1160 1265 libratisque
1195 1201 1269 1247 diu
1305 1201 1434 1264 super

155 1289 264 1336 pace
290 1273 512 1331 consiliis,
534 1290 666 1337 quam
687 1274 865 1321 fundari
891 1275 1013 1336 poffe
1044 1292 1144 1322 cum
1165 1275 1300 1321 Persis
1321 1277 1431 1321 Mu-

154 1344 364 1393 sonianus
383 1347 622 1403 retulerat,
645 1346 691 1393 in
714 1347 948 1393 Orientem
973 1364 1071 1394 cum
1094 1347 1330 1410 magisterii
1357 1364 1431 1394 re-

153 1418 349 1465 mittitur
377 1419 620 1481 potestate:
642 1419 866 1482 proveffis
891 1437 914 1466 e
944 1418 1177 1466 consortl’o
1202 1420 1357 1466 nostro
1377 1420 1433 1466 ad

156 1489 376 1551 regendos
401 1489 563 1536 milites
591 1503 694 1536 natu
719 1490 990 1551 majoribus,
1009 1491 1310 1538 adolescentes
1329 1508 1432 1538 eum

157 1560 279 1624 sequi
305 1561 510 1623 jubemur
527 1598 542 1621 ,
564 1562 782 1628 quidquid
801 1581 885 1627 pro
903 1565 1131 1627 republica
1152 1564 1432 1612 mandaverit

156 1633 398 1698 impleturi.

220 1710 298 1756 X1.
317 1710 376 1756 At
392 1709 562 1765 Caesar,
580 1710 728 1757 exaEta
745 1711 861 1771 apud·
883 1712 1082 1758 Senonas
1104 1710 1248 1758 hieme
1268 1711 1430 1758 turbu-

156 1782 301 1842 lenta,
319 1783 517 1846 ⁸Augusto
546 1784 730 1842 novies,
752 1785 879 1848 seque
906 1784 1063 1831 iterum
1085 1787 1214 1833 Coss.
1239 1788 1430 1833 Germa·

157 1855 269 1903 nicis
305 1857 501 1920 undique
538 1857 998 1905 circumfrementibus
1031 1858 1162 1905 minis
1182 1894 1194 1916 ‚
1228 1858 1433 1908 secundis

158 1928 385 1975 ominibus
410 1942 587 1988 motus,
617 1929 783 1976 Remos
808 1931 1096 1995 properavit,
1115 1932 1305 1979 alacrior
1332 1950 1429 1979 ma-

158 2001 308 2065 gisque
329 2002 455 2050 laetus
470 2038 486 2062 ,
504 2005 628 2068 quod
647 2005 891 2052 exercitum
915 2005 1094 2070 regebat
1112 2006 1324 2065 Severus,
1346 2023 1433 2055 nec

157 2075 348 2132 discors,
369 2093 452 2125 nec
480 2095 715 2142 arrogans,
734 2079 806 2126 sed
825 2079 958 2142 longa
988 2079 1159 2126 militiae
1180 2079 1430 2143 frugalitate

157 2160 438 2210 compertus,
466 2151 515 2198 &
535 2167 635 2197 eum
658 2152 769 2197 recla
801 2164 1072 2214 praeeuntem
1100 2151 1353 2211 secuturus,
1380 2166 1430 2199 ut

156 2221 382 2268 ductorem
406 2222 653 2286 morigerus
673 2223 811 2270 miles.
841 2224 966 2271 Parte
987 2224 1069 2271 alia
1100 2225 1306 2272 Barbatio
1328 2225 1435 2288 post

157 2292 329 2339 Silvani
362 2293 587 2342 interitum
627 2308 863 2358 promotus
900 2297 955 2342 ad
989 2296 1193 2358 peditum
1225 2297 1430 2360 magiste-

158 2364 300 2420 rium,
332 2382 386 2412 ex
417 2367 537 2414 Italia
567 2367 681 2431 juffu
716 2368 930 2432 principis
960 2385 1064 2416 cum
1094 2384 1204 2415 xxv
1233 2370 1433 2419 millibus

159 2451 428 2486 armatorum
462 2441 688 2489 Rauracos
722 2442 858 2490 venit.
899 2442 1145 2506 cogitatum
1177 2443 1240 2490 est
1280 2443 1429 2500 enim,

158 2511 435 2577 solliciteque
453 2515 753 2584 praestrttffitm
767 2551 786 2577 ,
804 2529 852 2564 ut
866 2517 1100 2568 saevientes
1114 2516 1229 2564 ultra
1247 2516 1433 2568 solitum

1048 2592 1092 2636 G
1119 2606 1140 2651 3
