<?xml version="1.0" encoding="UTF-8"?>
<!DOCTYPE html PUBLIC "-//W3C//DTD XHTML 1.0 Transitional//EN"
    "http://www.w3.org/TR/xhtml1/DTD/xhtml1-transitional.dtd">
<html xmlns="http://www.w3.org/1999/xhtml" xml:lang="en" lang="en">
 <head>
  <title>
</title>
<meta http-equiv="Content-Type" content="text/html;charset=utf-8" />
  <meta name='ocr-system' content='tesseract 3.04.00' />
  <meta name='ocr-capabilities' content='ocr_page ocr_carea ocr_par ocr_line ocrx_word'/>
</head>
<body>
  <div class='ocr_page' id='page_1' title='image "./rerumgestarumqui00ammiuoft_0252.png"; bbox 0 0 1626 2917; ppageno 0'>
   <div class='ocr_carea' id='block_1_1' title="bbox 217 210 1280 262">
    <p class='ocr_par' dir='ltr' id='par_1_1' title="bbox 217 210 1280 262">
     <span class='ocr_line' id='line_1_1' title="bbox 217 210 1280 262; baseline -0.005 0"><span class='ocrx_word' id='word_1_1' title='bbox 217 211 304 262; x_wconf 85' lang='lat'>188</span> <span class='ocrx_word' id='word_1_2' title='bbox 431 212 769 261; x_wconf 87' lang='lat' dir='ltr'><strong>AMMIANI</strong></span> <span class='ocrx_word' id='word_1_3' title='bbox 815 210 1280 260; x_wconf 79' lang='lat' dir='ltr'>MARCELLINt</span> 
     </span>
    </p>
   </div>
   <div class='ocr_carea' id='block_1_2' title="bbox 205 318 1492 2576">
    <p class='ocr_par' dir='ltr' id='par_1_2' title="bbox 205 318 1487 750">
     <span class='ocr_line' id='line_1_2' title="bbox 209 318 1485 384; baseline -0.002 -18"><span class='ocrx_word' id='word_1_4' title='bbox 209 320 382 368; x_wconf 88' lang='lat' dir='ltr'>niarum</span> <span class='ocrx_word' id='word_1_5' title='bbox 395 356 409 377; x_wconf 93' lang='lat'><em>‚</em></span> <span class='ocrx_word' id='word_1_6' title='bbox 428 320 595 384; x_wconf 83' lang='lat' dir='ltr'>regium</span> <span class='ocrx_word' id='word_1_7' title='bbox 611 319 821 380; x_wconf 87' lang='lat' dir='ltr'>juvenem</span> <span class='ocrx_word' id='word_1_8' title='bbox 835 318 1138 368; x_wconf 81' lang='lat' dir='ltr'>lamentantes.</span> <span class='ocrx_word' id='word_1_9' title='bbox 1158 318 1351 366; x_wconf 85' lang='lat' dir='ltr'>Feminae</span> <span class='ocrx_word' id='word_1_10' title='bbox 1368 331 1485 364; x_wconf 86' lang='lat' dir='ltr'>vero</span> 
     </span>
     <span class='ocr_line' id='line_1_3' title="bbox 207 392 1484 455; baseline -0.002 -15"><span class='ocrx_word' id='word_1_11' title='bbox 207 394 445 441; x_wconf 81' lang='lat' dir='ltr'>miserabili</span> <span class='ocrx_word' id='word_1_12' title='bbox 467 394 643 455; x_wconf 68' lang='lat' dir='ltr'>planElu</span> <span class='ocrx_word' id='word_1_13' title='bbox 659 428 674 451; x_wconf 89' lang='lat'><em>‚</em></span> <span class='ocrx_word' id='word_1_14' title='bbox 698 392 743 438; x_wconf 90' lang='lat' dir='ltr'>in</span> <span class='ocrx_word' id='word_1_15' title='bbox 762 392 983 455; x_wconf 79' lang='lat' dir='ltr'>primaevo</span> <span class='ocrx_word' id='word_1_16' title='bbox 1003 393 1115 440; x_wconf 85' lang='lat' dir='ltr'>flore</span> <span class='ocrx_word' id='word_1_17' title='bbox 1132 393 1340 442; x_wconf 82' lang='lat' dir='ltr'>succisam</span> <span class='ocrx_word' id='word_1_18' title='bbox 1363 392 1484 454; x_wconf 90' lang='lat' dir='ltr'>spem</span> 
     </span>
     <span class='ocr_line' id='line_1_4' title="bbox 207 464 1485 530; baseline -0.003 -17"><span class='ocrx_word' id='word_1_19' title='bbox 207 467 349 530; x_wconf 83' lang='lat' dir='ltr'>gentis</span> <span class='ocrx_word' id='word_1_20' title='bbox 379 465 520 512; x_wconf 88' lang='lat' dir='ltr'>solitis</span> <span class='ocrx_word' id='word_1_21' title='bbox 555 465 733 512; x_wconf 82' lang='lat' dir='ltr'>fletibus</span> <span class='ocrx_word' id='word_1_22' title='bbox 769 465 1142 522; x_wconf 88' lang='lat' dir='ltr'>conclamabant;</span> <span class='ocrx_word' id='word_1_23' title='bbox 1170 479 1218 513; x_wconf 92' lang='lat' dir='ltr'>ut</span> <span class='ocrx_word' id='word_1_24' title='bbox 1256 464 1485 513; x_wconf 81' lang='lat' dir='ltr'>lacrimare</span> 
     </span>
     <span class='ocr_line' id='line_1_5' title="bbox 207 539 1487 602; baseline 0 -15"><span class='ocrx_word' id='word_1_25' title='bbox 207 541 414 587; x_wconf 83' lang='lat' dir='ltr'>cultrices</span> <span class='ocrx_word' id='word_1_26' title='bbox 429 540 617 586; x_wconf 86' lang='lat' dir='ltr'>Veneris</span> <span class='ocrx_word' id='word_1_27' title='bbox 632 539 744 600; x_wconf 84' lang='lat' dir='ltr'>saepe</span> <span class='ocrx_word' id='word_1_28' title='bbox 761 539 1008 602; x_wconf 64' lang='lat' dir='ltr'>spefilantur</span> <span class='ocrx_word' id='word_1_29' title='bbox 1022 541 1068 586; x_wconf 86' lang='lat' dir='ltr'>in</span> <span class='ocrx_word' id='word_1_30' title='bbox 1081 539 1351 587; x_wconf 83' lang='lat' dir='ltr'>solemnibus</span> <span class='ocrx_word' id='word_1_31' title='bbox 1369 539 1487 587; x_wconf 80' lang='lat' dir='ltr'>Ado-</span> 
     </span>
     <span class='ocr_line' id='line_1_6' title="bbox 206 611 1486 677; baseline 0.002 -19"><span class='ocrx_word' id='word_1_32' title='bbox 206 613 321 658; x_wconf 84' lang='lat' dir='ltr'>nidis</span> <span class='ocrx_word' id='word_1_33' title='bbox 348 612 507 669; x_wconf 88' lang='lat' dir='ltr'>sacris,</span> <span class='ocrx_word' id='word_1_34' title='bbox 531 613 657 675; x_wconf 91' lang='lat' dir='ltr'>quod</span> <span class='ocrx_word' id='word_1_35' title='bbox 690 611 974 659; x_wconf 81' lang='lat' dir='ltr'>simulacrum</span> <span class='ocrx_word' id='word_1_36' title='bbox 992 612 1179 677; x_wconf 82' lang='lat' dir='ltr'>aliquod</span> <span class='ocrx_word' id='word_1_37' title='bbox 1195 611 1279 660; x_wconf 80' lang='lat' dir='ltr'>effe</span> <span class='ocrx_word' id='word_1_38' title='bbox 1308 611 1486 676; x_wconf 84' lang='lat' dir='ltr'>frugum</span> 
     </span>
     <span class='ocr_line' id='line_1_7' title="bbox 205 685 1167 750; baseline -0.001 -17"><span class='ocrx_word' id='word_1_39' title='bbox 205 686 455 733; x_wconf 87' lang='lat' dir='ltr'>adultarum</span> <span class='ocrx_word' id='word_1_40' title='bbox 487 685 726 749; x_wconf 77' lang='lat' dir='ltr'><strong>religiones</strong></span> <span class='ocrx_word' id='word_1_41' title='bbox 756 685 958 750; x_wconf 77' lang='lat' dir='ltr'>mysticae</span> <span class='ocrx_word' id='word_1_42' title='bbox 988 686 1167 734; x_wconf 86' lang='lat' dir='ltr'>docent.</span> 
     </span>
    </p>

    <p class='ocr_par' dir='ltr' id='par_1_3' title="bbox 205 758 1492 2576">
     <span class='ocr_line' id='line_1_8' title="bbox 272 758 1488 824; baseline 0.002 -19"><span class='ocrx_word' id='word_1_43' title='bbox 272 761 325 807; x_wconf 91' lang='grc' dir='ltr'>ΙΙ.</span> <span class='ocrx_word' id='word_1_44' title='bbox 348 759 451 806; x_wconf 79' lang='lat' dir='ltr'>Post</span> <span class='ocrx_word' id='word_1_45' title='bbox 483 758 716 806; x_wconf 86' lang='lat' dir='ltr'>incensum</span> <span class='ocrx_word' id='word_1_46' title='bbox 737 775 927 822; x_wconf 75' lang='lat' dir='ltr'>corPUS,</span> <span class='ocrx_word' id='word_1_47' title='bbox 960 760 1141 823; x_wconf 78' lang='lat' dir='ltr'>ossaque</span> <span class='ocrx_word' id='word_1_48' title='bbox 1171 759 1219 806; x_wconf 87' lang='lat' dir='ltr'>in</span> <span class='ocrx_word' id='word_1_49' title='bbox 1236 771 1488 824; x_wconf 83' lang='lat' dir='ltr'>argenteam</span> 
     </span>
     <span class='ocr_line' id='line_1_9' title="bbox 205 831 1488 897; baseline 0.004 -21"><span class='ocrx_word' id='word_1_50' title='bbox 205 847 363 879; x_wconf 83' lang='lat' dir='ltr'>urnam</span> <span class='ocrx_word' id='word_1_51' title='bbox 391 831 593 894; x_wconf 70' lang='lat' dir='ltr'>conje&amp;a</span> <span class='ocrx_word' id='word_1_52' title='bbox 609 868 625 893; x_wconf 86' lang='lat'><strong>,</strong></span> <span class='ocrx_word' id='word_1_53' title='bbox 657 849 760 896; x_wconf 84' lang='lat' dir='ltr'>quae</span> <span class='ocrx_word' id='word_1_54' title='bbox 791 833 847 880; x_wconf 92' lang='lat' dir='ltr'>ad</span> <span class='ocrx_word' id='word_1_55' title='bbox 870 845 1048 897; x_wconf 87' lang='lat' dir='ltr'>gentem</span> <span class='ocrx_word' id='word_1_56' title='bbox 1078 834 1218 880; x_wconf 91' lang='lat' dir='ltr'>humo</span> <span class='ocrx_word' id='word_1_57' title='bbox 1239 834 1488 881; x_wconf 88' lang='lat' dir='ltr'>mandanda</span> 
     </span>
     <span class='ocr_line' id='line_1_10' title="bbox 206 906 1487 970; baseline 0 -18"><span class='ocrx_word' id='word_1_58' title='bbox 206 907 379 969; x_wconf 91' lang='lat' dir='ltr'>portari</span> <span class='ocrx_word' id='word_1_59' title='bbox 402 906 610 954; x_wconf 87' lang='lat' dir='ltr'>statuerat</span> <span class='ocrx_word' id='word_1_60' title='bbox 635 918 785 969; x_wconf 89' lang='lat' dir='ltr'>pater,</span> <span class='ocrx_word' id='word_1_61' title='bbox 807 906 965 970; x_wconf 86' lang='lat' dir='ltr'>agitata</span> <span class='ocrx_word' id='word_1_62' title='bbox 992 906 1160 952; x_wconf 89' lang='lat' dir='ltr'>summa</span> <span class='ocrx_word' id='word_1_63' title='bbox 1190 906 1487 953; x_wconf 78' lang='lat' dir='ltr'>consiliorum</span> 
     </span>
     <span class='ocr_line' id='line_1_11' title="bbox 205 980 1488 1045; baseline 0.002 -19"><span class='ocrx_word' id='word_1_64' title='bbox 205 981 433 1043; x_wconf 85' lang='lat' dir='ltr'>placuerat</span> <span class='ocrx_word' id='word_1_65' title='bbox 461 1016 475 1041; x_wconf 90' lang='lat'>,</span> <span class='ocrx_word' id='word_1_66' title='bbox 516 981 647 1028; x_wconf 89' lang='lat' dir='ltr'>busto</span> <span class='ocrx_word' id='word_1_67' title='bbox 673 981 796 1028; x_wconf 89' lang='lat' dir='ltr'>urbis</span> <span class='ocrx_word' id='word_1_68' title='bbox 827 980 1051 1028; x_wconf 86' lang='lat' dir='ltr'>subversae</span> <span class='ocrx_word' id='word_1_69' title='bbox 1084 981 1266 1045; x_wconf 85' lang='lat' dir='ltr'>expiare</span> <span class='ocrx_word' id='word_1_70' title='bbox 1298 980 1488 1044; x_wconf 87' lang='lat' dir='ltr'>peremti</span> 
     </span>
     <span class='ocr_line' id='line_1_12' title="bbox 205 1053 1488 1117; baseline 0.002 -17"><span class='ocrx_word' id='word_1_71' title='bbox 205 1053 384 1117; x_wconf 87' lang='lat' dir='ltr'>juvenis</span> <span class='ocrx_word' id='word_1_72' title='bbox 419 1072 596 1102; x_wconf 87' lang='lat' dir='ltr'>manes:</span> <span class='ocrx_word' id='word_1_73' title='bbox 637 1072 721 1102; x_wconf 90' lang='lat' dir='ltr'>nec</span> <span class='ocrx_word' id='word_1_74' title='bbox 745 1055 866 1102; x_wconf 90' lang='lat' dir='ltr'>enim</span> <span class='ocrx_word' id='word_1_75' title='bbox 897 1056 1168 1102; x_wconf 89' lang='lat' dir='ltr'>Grumbates</span> <span class='ocrx_word' id='word_1_76' title='bbox 1193 1055 1334 1102; x_wconf 87' lang='lat' dir='ltr'>inulta</span> <span class='ocrx_word' id='word_1_77' title='bbox 1365 1055 1488 1102; x_wconf 87' lang='lat' dir='ltr'>unici</span> 
     </span>
     <span class='ocr_line' id='line_1_13' title="bbox 205 1130 1490 1193; baseline 0.001 -17"><span class='ocrx_word' id='word_1_78' title='bbox 205 1130 409 1193; x_wconf 76' lang='lat' dir='ltr'>pignoris</span> <span class='ocrx_word' id='word_1_79' title='bbox 436 1131 592 1178; x_wconf 88' lang='lat' dir='ltr'>umbra</span> <span class='ocrx_word' id='word_1_80' title='bbox 622 1131 686 1177; x_wconf 84' lang='lat' dir='ltr'>ire</span> <span class='ocrx_word' id='word_1_81' title='bbox 721 1132 835 1178; x_wconf 87' lang='lat' dir='ltr'>ultra</span> <span class='ocrx_word' id='word_1_82' title='bbox 869 1131 1133 1193; x_wconf 88' lang='lat' dir='ltr'>patiebatur.</span> <span class='ocrx_word' id='word_1_83' title='bbox 1162 1130 1398 1193; x_wconf 88' lang='lat' dir='ltr'>Biduoque</span> <span class='ocrx_word' id='word_1_84' title='bbox 1433 1130 1490 1177; x_wconf 92' lang='lat' dir='ltr'>ad</span> 
     </span>
     <span class='ocr_line' id='line_1_14' title="bbox 207 1202 1490 1267; baseline 0.002 -19"><span class='ocrx_word' id='word_1_85' title='bbox 207 1202 353 1249; x_wconf 88' lang='lat' dir='ltr'>otium</span> <span class='ocrx_word' id='word_1_86' title='bbox 371 1203 503 1261; x_wconf 88' lang='lat' dir='ltr'>dato,</span> <span class='ocrx_word' id='word_1_87' title='bbox 535 1220 585 1250; x_wconf 91' lang='lat' dir='ltr'>ac</span> <span class='ocrx_word' id='word_1_88' title='bbox 605 1203 739 1249; x_wconf 86' lang='lat' dir='ltr'>miffis</span> <span class='ocrx_word' id='word_1_89' title='bbox 764 1204 939 1251; x_wconf 84' lang='lat' dir='ltr'>abunde</span> <span class='ocrx_word' id='word_1_90' title='bbox 958 1239 971 1261; x_wconf 95' lang='lat'>‚</span> <span class='ocrx_word' id='word_1_91' title='bbox 996 1204 1073 1267; x_wconf 91' lang='lat' dir='ltr'>qui</span> <span class='ocrx_word' id='word_1_92' title='bbox 1094 1203 1216 1266; x_wconf 85' lang='lat' dir='ltr'>pacis</span> <span class='ocrx_word' id='word_1_93' title='bbox 1236 1203 1381 1250; x_wconf 58' lang='lat' dir='ltr'>‘modo</span> <span class='ocrx_word' id='word_1_94' title='bbox 1408 1220 1490 1266; x_wconf 89' lang='lat' dir='ltr'>pa-</span> 
     </span>
     <span class='ocr_line' id='line_1_15' title="bbox 207 1275 1489 1340; baseline 0.002 -19"><span class='ocrx_word' id='word_1_95' title='bbox 207 1286 350 1322; x_wconf 84' lang='lat' dir='ltr'>tentes</span> <span class='ocrx_word' id='word_1_96' title='bbox 370 1292 498 1338; x_wconf 78' lang='lat' dir='ltr'>agros</span> <span class='ocrx_word' id='word_1_97' title='bbox 519 1275 706 1339; x_wconf 82' lang='lat' dir='ltr'>pingues</span> <span class='ocrx_word' id='word_1_98' title='bbox 726 1275 963 1340; x_wconf 90' lang='lat' dir='ltr'>cultosque</span> <span class='ocrx_word' id='word_1_99' title='bbox 980 1276 1205 1324; x_wconf 84' lang='lat' dir='ltr'>vastarent</span> <span class='ocrx_word' id='word_1_100' title='bbox 1218 1312 1232 1334; x_wconf 88' lang='lat'>‚</span> <span class='ocrx_word' id='word_1_101' title='bbox 1251 1276 1489 1339; x_wconf 83' lang='lat' dir='ltr'>quinquies</span> 
     </span>
     <span class='ocr_line' id='line_1_16' title="bbox 209 1348 1490 1413; baseline 0.001 -18"><span class='ocrx_word' id='word_1_102' title='bbox 209 1348 369 1395; x_wconf 89' lang='lat' dir='ltr'>ordine</span> <span class='ocrx_word' id='word_1_103' title='bbox 403 1349 705 1411; x_wconf 87' lang='lat' dir='ltr'>multiplicato</span> <span class='ocrx_word' id='word_1_104' title='bbox 734 1349 963 1396; x_wconf 90' lang='lat' dir='ltr'>scutorum</span> <span class='ocrx_word' id='word_1_105' title='bbox 994 1349 1187 1413; x_wconf 85' lang='lat' dir='ltr'>cingitur</span> <span class='ocrx_word' id='word_1_106' title='bbox 1216 1349 1409 1396; x_wconf 85' lang='lat' dir='ltr'>civitas:</span> <span class='ocrx_word' id='word_1_107' title='bbox 1438 1365 1490 1396; x_wconf 90' lang='lat' dir='ltr'>ac</span> 
     </span>
     <span class='ocr_line' id='line_1_17' title="bbox 207 1422 1489 1486; baseline -0.001 -17"><span class='ocrx_word' id='word_1_108' title='bbox 207 1422 350 1469; x_wconf 80' lang='lat' dir='ltr'>tertiae</span> <span class='ocrx_word' id='word_1_109' title='bbox 374 1422 600 1484; x_wconf 72' lang='lat' dir='ltr'>principio</span> <span class='ocrx_word' id='word_1_110' title='bbox 636 1422 747 1470; x_wconf 88' lang='lat' dir='ltr'>lucis</span> <span class='ocrx_word' id='word_1_111' title='bbox 777 1422 952 1470; x_wconf 90' lang='lat' dir='ltr'>corusci</span> <span class='ocrx_word' id='word_1_112' title='bbox 978 1423 1103 1486; x_wconf 87' lang='lat' dir='ltr'>globi</span> <span class='ocrx_word' id='word_1_113' title='bbox 1126 1435 1372 1469; x_wconf 89' lang='lat' dir='ltr'>turmarum</span> <span class='ocrx_word' id='word_1_114' title='bbox 1406 1422 1489 1468; x_wconf 90' lang='lat' dir='ltr'>im-</span> 
     </span>
     <span class='ocr_line' id='line_1_18' title="bbox 208 1496 1492 1560; baseline 0.002 -19"><span class='ocrx_word' id='word_1_115' title='bbox 208 1496 450 1559; x_wconf 88' lang='lat' dir='ltr'>pleverunt</span> <span class='ocrx_word' id='word_1_116' title='bbox 479 1496 638 1543; x_wconf 70' lang='lat' dir='ltr'>cun&amp;a</span> <span class='ocrx_word' id='word_1_117' title='bbox 656 1531 670 1554; x_wconf 94' lang='lat'>,</span> <span class='ocrx_word' id='word_1_118' title='bbox 693 1513 793 1560; x_wconf 83' lang='lat' dir='ltr'>quae</span> <span class='ocrx_word' id='word_1_119' title='bbox 816 1496 1071 1560; x_wconf 64' lang='lat' dir='ltr'>prospefilus</span> <span class='ocrx_word' id='word_1_120' title='bbox 1090 1496 1309 1545; x_wconf 89' lang='lat' dir='ltr'>humanus</span> <span class='ocrx_word' id='word_1_121' title='bbox 1338 1496 1492 1560; x_wconf 86' lang='lat' dir='ltr'>potuit</span> 
     </span>
     <span class='ocr_line' id='line_1_19' title="bbox 208 1569 1491 1632; baseline 0.002 -18"><span class='ocrx_word' id='word_1_122' title='bbox 208 1569 408 1632; x_wconf 89' lang='lat' dir='ltr'>undique</span> <span class='ocrx_word' id='word_1_123' title='bbox 444 1569 651 1617; x_wconf 87' lang='lat' dir='ltr'>contueri</span> <span class='ocrx_word' id='word_1_124' title='bbox 678 1587 689 1617; x_wconf 91' lang='lat'>:</span> <span class='ocrx_word' id='word_1_125' title='bbox 734 1571 786 1617; x_wconf 88' lang='lat'>&amp;</span> <span class='ocrx_word' id='word_1_126' title='bbox 814 1569 932 1617; x_wconf 89' lang='lat' dir='ltr'>sorte</span> <span class='ocrx_word' id='word_1_127' title='bbox 974 1570 1078 1617; x_wconf 88' lang='lat' dir='ltr'>loca</span> <span class='ocrx_word' id='word_1_128' title='bbox 1110 1569 1250 1617; x_wconf 91' lang='lat' dir='ltr'>divisa</span> <span class='ocrx_word' id='word_1_129' title='bbox 1281 1569 1491 1618; x_wconf 88' lang='lat' dir='ltr'>clementi</span> 
     </span>
     <span class='ocr_line' id='line_1_20' title="bbox 209 1642 1491 1706; baseline 0.001 -17"><span class='ocrx_word' id='word_1_130' title='bbox 209 1643 348 1706; x_wconf 81' lang='lat' dir='ltr'>gradu</span> <span class='ocrx_word' id='word_1_131' title='bbox 370 1642 628 1690; x_wconf 88' lang='lat' dir='ltr'>incedentes</span> <span class='ocrx_word' id='word_1_132' title='bbox 651 1642 834 1689; x_wconf 89' lang='lat' dir='ltr'>ordines</span> <span class='ocrx_word' id='word_1_133' title='bbox 857 1658 1155 1706; x_wconf 87' lang='lat' dir='ltr'>occuparunt.</span> <span class='ocrx_word' id='word_1_134' title='bbox 1173 1642 1311 1691; x_wconf 81' lang='lat' dir='ltr'>Persae</span> <span class='ocrx_word' id='word_1_135' title='bbox 1332 1659 1491 1690; x_wconf 90' lang='lat' dir='ltr'>omnes</span> 
     </span>
     <span class='ocr_line' id='line_1_21' title="bbox 208 1715 1489 1779; baseline 0 -17"><span class='ocrx_word' id='word_1_136' title='bbox 208 1731 443 1762; x_wconf 86' lang='lat' dir='ltr'>murorum</span> <span class='ocrx_word' id='word_1_137' title='bbox 468 1716 661 1762; x_wconf 86' lang='lat' dir='ltr'>ambitus</span> <span class='ocrx_word' id='word_1_138' title='bbox 683 1715 957 1764; x_wconf 76' lang='lat' dir='ltr'>obsidebant.</span> <span class='ocrx_word' id='word_1_139' title='bbox 981 1717 1108 1773; x_wconf 89' lang='lat' dir='ltr'>Pars,</span> <span class='ocrx_word' id='word_1_140' title='bbox 1137 1733 1238 1779; x_wconf 82' lang='lat' dir='ltr'>quae</span> <span class='ocrx_word' id='word_1_141' title='bbox 1266 1715 1489 1762; x_wconf 89' lang='lat' dir='ltr'>orientem</span> 
     </span>
     <span class='ocr_line' id='line_1_22' title="bbox 209 1788 1490 1853; baseline 0.001 -19"><span class='ocrx_word' id='word_1_142' title='bbox 209 1788 430 1852; x_wconf 59' lang='lat' dir='ltr'>spefilabat</span> <span class='ocrx_word' id='word_1_143' title='bbox 449 1824 461 1844; x_wconf 83' lang='lat'>‚</span> <span class='ocrx_word' id='word_1_144' title='bbox 481 1789 709 1835; x_wconf 89' lang='lat' dir='ltr'>Chionitis</span> <span class='ocrx_word' id='word_1_145' title='bbox 728 1790 880 1836; x_wconf 90' lang='lat' dir='ltr'>evenit</span> <span class='ocrx_word' id='word_1_146' title='bbox 898 1825 913 1848; x_wconf 87' lang='lat'>,</span> <span class='ocrx_word' id='word_1_147' title='bbox 939 1807 1027 1853; x_wconf 88' lang='lat' dir='ltr'>qua</span> <span class='ocrx_word' id='word_1_148' title='bbox 1047 1789 1241 1836; x_wconf 81' lang='lat' dir='ltr'>funestus</span> <span class='ocrx_word' id='word_1_149' title='bbox 1264 1788 1395 1835; x_wconf 91' lang='lat' dir='ltr'>nobis</span> <span class='ocrx_word' id='word_1_150' title='bbox 1415 1805 1490 1836; x_wconf 90' lang='lat' dir='ltr'>ce·</span> 
     </span>
     <span class='ocr_line' id='line_1_23' title="bbox 209 1858 1490 1907; baseline -0.001 -1"><span class='ocrx_word' id='word_1_151' title='bbox 209 1859 378 1907; x_wconf 87' lang='lat' dir='ltr'>ciderat</span> <span class='ocrx_word' id='word_1_152' title='bbox 396 1859 668 1907; x_wconf 88' lang='lat' dir='ltr'>adolescens.</span> <span class='ocrx_word' id='word_1_153' title='bbox 687 1863 838 1907; x_wconf 84' lang='lat' dir='ltr'>Vertae</span> <span class='ocrx_word' id='word_1_154' title='bbox 865 1860 1113 1907; x_wconf 89' lang='lat' dir='ltr'>meridiano</span> <span class='ocrx_word' id='word_1_155' title='bbox 1132 1858 1260 1906; x_wconf 89' lang='lat' dir='ltr'>lateri</span> <span class='ocrx_word' id='word_1_156' title='bbox 1288 1859 1387 1905; x_wconf 90' lang='lat' dir='ltr'>sunt</span> <span class='ocrx_word' id='word_1_157' title='bbox 1410 1860 1490 1906; x_wconf 85' lang='lat' dir='ltr'>de-</span> 
     </span>
     <span class='ocr_line' id='line_1_24' title="bbox 210 1932 1489 1996; baseline 0.002 -18"><span class='ocrx_word' id='word_1_158' title='bbox 210 1932 392 1979; x_wconf 84' lang='lat' dir='ltr'>stinati:</span> <span class='ocrx_word' id='word_1_159' title='bbox 434 1934 618 1980; x_wconf 67' lang='lat' dir='ltr'>tractum</span> <span class='ocrx_word' id='word_1_160' title='bbox 662 1934 898 1982; x_wconf 86' lang='lat' dir='ltr'>servabant</span> <span class='ocrx_word' id='word_1_161' title='bbox 932 1932 1260 1996; x_wconf 88' lang='lat' dir='ltr'>septemtrionis</span> <span class='ocrx_word' id='word_1_162' title='bbox 1294 1933 1489 1980; x_wconf 88' lang='lat' dir='ltr'>Albani:</span> 
     </span>
     <span class='ocr_line' id='line_1_25' title="bbox 210 2002 1488 2068; baseline -0.002 -16"><span class='ocrx_word' id='word_1_163' title='bbox 210 2005 482 2052; x_wconf 85' lang='lat' dir='ltr'>occidentali</span> <span class='ocrx_word' id='word_1_164' title='bbox 506 2016 650 2067; x_wconf 82' lang='lat' dir='ltr'>portae</span> <span class='ocrx_word' id='word_1_165' title='bbox 678 2003 876 2068; x_wconf 78' lang='lat' dir='ltr'>oppositi</span> <span class='ocrx_word' id='word_1_166' title='bbox 896 2004 995 2052; x_wconf 90' lang='lat' dir='ltr'>sunt</span> <span class='ocrx_word' id='word_1_167' title='bbox 1013 2003 1263 2068; x_wconf 86' lang='lat' dir='ltr'>Segestani,</span> <span class='ocrx_word' id='word_1_168' title='bbox 1283 2002 1488 2050; x_wconf 87' lang='lat' dir='ltr'>acerrimi</span> 
     </span>
     <span class='ocr_line' id='line_1_26' title="bbox 211 2077 1488 2142; baseline 0 -18"><span class='ocrx_word' id='word_1_169' title='bbox 211 2078 417 2126; x_wconf 89' lang='lat' dir='ltr'>omnium</span> <span class='ocrx_word' id='word_1_170' title='bbox 448 2079 720 2127; x_wconf 85' lang='lat' dir='ltr'>bellatores:</span> <span class='ocrx_word' id='word_1_171' title='bbox 757 2095 859 2127; x_wconf 89' lang='lat' dir='ltr'>cum</span> <span class='ocrx_word' id='word_1_172' title='bbox 889 2078 1052 2142; x_wconf 89' lang='lat' dir='ltr'>quibus</span> <span class='ocrx_word' id='word_1_173' title='bbox 1078 2077 1191 2124; x_wconf 89' lang='lat' dir='ltr'>elata</span> <span class='ocrx_word' id='word_1_174' title='bbox 1225 2077 1272 2123; x_wconf 89' lang='lat' dir='ltr'>in</span> <span class='ocrx_word' id='word_1_175' title='bbox 1303 2077 1488 2124; x_wconf 89' lang='lat' dir='ltr'>arduum</span> 
     </span>
     <span class='ocr_line' id='line_1_27' title="bbox 211 2150 1488 2214; baseline 0.001 -17"><span class='ocrx_word' id='word_1_176' title='bbox 211 2151 355 2213; x_wconf 87' lang='lat' dir='ltr'>specie</span> <span class='ocrx_word' id='word_1_177' title='bbox 396 2152 740 2214; x_wconf 88' lang='lat' dir='ltr'>elephantorum</span> <span class='ocrx_word' id='word_1_178' title='bbox 786 2151 962 2214; x_wconf 79' lang='lat' dir='ltr'>agmina</span> <span class='ocrx_word' id='word_1_179' title='bbox 992 2186 1007 2208; x_wconf 90' lang='lat'>,</span> <span class='ocrx_word' id='word_1_180' title='bbox 1049 2150 1221 2214; x_wconf 66' lang='lat' dir='ltr'>rugosis</span> <span class='ocrx_word' id='word_1_181' title='bbox 1264 2150 1488 2198; x_wconf 85' lang='lat' dir='ltr'>horrenda</span> 
     </span>
     <span class='ocr_line' id='line_1_28' title="bbox 211 2222 1487 2285; baseline -0.002 -15"><span class='ocrx_word' id='word_1_182' title='bbox 211 2223 482 2285; x_wconf 85' lang='lat' dir='ltr'>corporibus</span> <span class='ocrx_word' id='word_1_183' title='bbox 498 2259 511 2282; x_wconf 90' lang='lat'>‚</span> <span class='ocrx_word' id='word_1_184' title='bbox 535 2225 694 2271; x_wconf 90' lang='lat' dir='ltr'>leniter</span> <span class='ocrx_word' id='word_1_185' title='bbox 723 2223 991 2270; x_wconf 85' lang='lat' dir='ltr'>incedebant</span> <span class='ocrx_word' id='word_1_186' title='bbox 1008 2223 1184 2268; x_wconf 80' lang='lat' dir='ltr'>armatis</span> <span class='ocrx_word' id='word_1_187' title='bbox 1204 2222 1362 2269; x_wconf 81' lang='lat' dir='ltr'>onusta</span> <span class='ocrx_word' id='word_1_188' title='bbox 1381 2256 1394 2278; x_wconf 86' lang='lat'>,</span> <span class='ocrx_word' id='word_1_189' title='bbox 1415 2222 1487 2268; x_wconf 88' lang='lat' dir='ltr'>ul-</span> 
     </span>
     <span class='ocr_line' id='line_1_29' title="bbox 210 2293 1489 2358; baseline -0.001 -17"><span class='ocrx_word' id='word_1_190' title='bbox 210 2305 277 2342; x_wconf 89' lang='lat' dir='ltr'>tra</span> <span class='ocrx_word' id='word_1_191' title='bbox 301 2312 482 2342; x_wconf 85' lang='lat' dir='ltr'>omnem</span> <span class='ocrx_word' id='word_1_192' title='bbox 506 2296 729 2343; x_wconf 85' lang='lat' dir='ltr'>diritatem</span> <span class='ocrx_word' id='word_1_193' title='bbox 757 2295 875 2343; x_wconf 83' lang='lat' dir='ltr'>taetri</span> <span class='ocrx_word' id='word_1_194' title='bbox 905 2294 1141 2358; x_wconf 62' lang='lat' dir='ltr'>speEtaculi</span> <span class='ocrx_word' id='word_1_195' title='bbox 1171 2293 1454 2341; x_wconf 82' lang='lat' dir='ltr'>formidanda</span> <span class='ocrx_word' id='word_1_196' title='bbox 1474 2329 1489 2352; x_wconf 89' lang='lat'>‚</span> 
     </span>
     <span class='ocr_line' id='line_1_30' title="bbox 211 2367 1488 2432; baseline -0.002 -17"><span class='ocrx_word' id='word_1_197' title='bbox 211 2381 263 2415; x_wconf 91' lang='lat' dir='ltr'>ut</span> <span class='ocrx_word' id='word_1_198' title='bbox 290 2369 524 2416; x_wconf 87' lang='lat' dir='ltr'>retulimus</span> <span class='ocrx_word' id='word_1_199' title='bbox 563 2369 690 2432; x_wconf 80' lang='lat' dir='ltr'>saepe.</span> <span class='ocrx_word' id='word_1_200' title='bbox 730 2371 978 2416; x_wconf 85' lang='lat' dir='ltr'>Cernentes</span> <span class='ocrx_word' id='word_1_201' title='bbox 1008 2367 1205 2431; x_wconf 88' lang='lat' dir='ltr'>populos</span> <span class='ocrx_word' id='word_1_202' title='bbox 1242 2380 1331 2414; x_wconf 88' lang='lat' dir='ltr'>tam</span> <span class='ocrx_word' id='word_1_203' title='bbox 1369 2367 1488 2412; x_wconf 89' lang='lat' dir='ltr'>indi-</span> 
     </span>
     <span class='ocr_line' id='line_1_31' title="bbox 210 2438 1487 2503; baseline -0.004 -15"><span class='ocrx_word' id='word_1_204' title='bbox 210 2440 407 2494; x_wconf 88' lang='lat' dir='ltr'>mensos,</span> <span class='ocrx_word' id='word_1_205' title='bbox 426 2441 480 2486; x_wconf 92' lang='lat' dir='ltr'>ad</span> <span class='ocrx_word' id='word_1_206' title='bbox 504 2442 626 2487; x_wconf 88' lang='lat' dir='ltr'>orbis</span> <span class='ocrx_word' id='word_1_207' title='bbox 647 2441 843 2488; x_wconf 84' lang='lat' dir='ltr'>Romani</span> <span class='ocrx_word' id='word_1_208' title='bbox 867 2442 1122 2489; x_wconf 88' lang='lat' dir='ltr'>incendium</span> <span class='ocrx_word' id='word_1_209' title='bbox 1143 2439 1218 2486; x_wconf 87' lang='lat' dir='ltr'>diu</span> <span class='ocrx_word' id='word_1_210' title='bbox 1246 2438 1455 2503; x_wconf 77' lang='lat' dir='ltr'>quaesitos</span> <span class='ocrx_word' id='word_1_211' title='bbox 1472 2472 1487 2494; x_wconf 88' lang='lat'>,</span> 
     </span>
     <span class='ocr_line' id='line_1_32' title="bbox 210 2512 1485 2576; baseline -0.002 -15"><span class='ocrx_word' id='word_1_212' title='bbox 210 2515 259 2562; x_wconf 87' lang='lat' dir='ltr'>in</span> <span class='ocrx_word' id='word_1_213' title='bbox 287 2514 486 2562; x_wconf 84' lang='lat' dir='ltr'>nostrum</span> <span class='ocrx_word' id='word_1_214' title='bbox 511 2515 756 2564; x_wconf 88' lang='lat' dir='ltr'>conversos</span> <span class='ocrx_word' id='word_1_215' title='bbox 777 2516 966 2564; x_wconf 86' lang='lat' dir='ltr'>exitium</span> <span class='ocrx_word' id='word_1_216' title='bbox 989 2551 1004 2573; x_wconf 94' lang='lat'>,</span> <span class='ocrx_word' id='word_1_217' title='bbox 1038 2513 1188 2563; x_wconf 82' lang='lat' dir='ltr'>salutis</span> <span class='ocrx_word' id='word_1_218' title='bbox 1216 2526 1309 2562; x_wconf 87' lang='lat' dir='ltr'>rata</span> <span class='ocrx_word' id='word_1_219' title='bbox 1330 2512 1485 2576; x_wconf 88' lang='lat' dir='ltr'>despe-</span> 
     </span>
    </p>
   </div>
  </div>
 </body>
</html>
