1626 2917
348 190 577 252 'RERUM
611 207 960 254 GESTARUM.
989 209 1092 254 ΜΒ.
1118 207 1225 254 aa.
1341 224 1425 270 ψ

158 311 349 374 adusque
374 312 570 360 tentoria
599 312 713 377 regis
743 313 933 362 acceffit.
966 314 1057 365 Ubi
1086 314 1184 361 data
1205 313 1336 378 copia
1365 313 1434 360 di-

157 387 312 445 cendi,
328 402 429 450 quae
453 387 617 446 vellet,
639 386 847 434 suadebat
865 386 1042 450 placido
1064 385 1268 433 sermone
1292 385 1434 432 disce—

156 457 259 505 dere
286 458 436 506 Persas
467 459 521 506 ad
544 459 616 506 sua
634 494 648 513 ‚
679 459 780 524 post
809 476 1075 508 communes
1102 460 1239 523 partis
1266 459 1432 507 utrius-

154 546 243 591 que
272 531 413 580 lucius
441 532 674 580 formidari
693 533 824 581 etiam
844 532 1036 594 majores
1065 534 1319 593 affirmans,
1339 532 1433 579 sor-

155 601 264 649 fitan
289 605 583 653 adventuros·
607 606 692 652 Sed
719 606 935 669 perstabat
954 606 1163 653 incassum
1195 607 1290 654 haec
1316 605 1434 653 mul-

153 687 287 739 taque
307 676 463 724 fimilia
497 678 747 725 differendo
764 713 778 736 ‚
799 679 975 727 efferata
1004 679 1181 726 vesania
1208 680 1323 743 regis
1351 681 1433 726 ob-

152 747 321 807 stante,
352 767 447 797 non
478 764 580 797 ante
606 751 849 798 castrorum
879 751 1105 798 excidium
1133 752 1300 815 digredi
1328 768 1432 814 per-

153 820 360 868 tinaciter
390 822 645 881 adjurantis.
666 824 928 870 Perstrinxit
958 836 1105 870 tamen
1139 823 1329 886 suspicio
1351 841 1433 871 va-

153 910 211 940 na
238 895 439 957 quaedam
467 895 726 957 episcopum
750 930 764 951 ‚
790 908 839 942 ut
864 896 1056 957 opinor,
1077 895 1182 941 licet
1212 895 1435 941 affevera·

150 966 279 1013 tione
303 968 487 1031 vulgata
518 969 766 1014 multorum
783 1004 797 1026 ,
822 970 948 1031 quod
973 967 1248 1016 clandestino
1281 968 1432 1013 collo-

152 1039 263 1101 quio
292 1041 504 1102 Saporem
540 1040 755 1086 docuerat
774 1075 787 1095 ‚
816 1057 916 1103 quae
945 1039 1167 1086 moenium
1205 1051 1432 1102 appeteret

152 1113 376 1169 membra,
395 1124 445 1159 ut
462 1112 638 1176 fragilia
657 1113 918 1161 intrinsecus
940 1115 987 1161 ὅ(
1004 1113 1218 1160 invalida.
1241 1115 1434 1174 Hocque

150 1186 313 1234 exinde
333 1187 571 1234 verisimile
588 1187 729 1235 visum
750 1187 811 1234 est
824 1223 837 1244 ‚
854 1188 982 1249 quod
997 1187 1149 1250 postea
1165 1186 1310 1233 intuta
1330 1186 1434 1233 loca

151 1259 358 1323 carieque
394 1260 596 1307 nutantia
630 1277 730 1307 cum
757 1259 1057 1306 exsultatione
1083 1276 1241 1323 magna
1259 1295 1273 1315 ‚
1305 1259 1433 1305 velut

150 1333 407 1397 regentibus
451 1333 742 1396 penetralium
783 1332 955 1383 callidis
978 1368 992 1390 ,
1024 1331 1434 1395 contemplabiliter

150 1407 372 1453 machina:
400 1405 620 1453 feriebant
646 1405 842 1453 hostiles.
872 1406 927 1451 Et
960 1421 1232 1469 quamquam
1262 1403 1437 1468 angusti

152 1480 284 1527 calles
306 1479 605 1527 difficiliorem
633 1478 799 1525 aditum
822 1479 984 1524 dabant
1017 1478 1070 1524 ad
1096 1492 1248 1523 muros
1267 1512 1282 1534 ‚
1307 1487 1432 1538 apta-

150 1554 272 1616 tique
300 1554 456 1600 arietes
485 1569 601 1616 aegre
621 1552 1012 1614 promovebantur
1030 1586 1043 1609 ‚
1066 1550 1340 1597 manualium
1361 1548 1430 1597 sa-

150 1622 313 1673 xorum
336 1625 678 1690 sagittarumque
697 1641 816 1670 metu
837 1637 1015 1671 arcente
1034 1640 1142 1671 :nec
1161 1621 1342 1669 ballistae
1362 1636 1432 1668 ta-

154 1715 254 1744 men
276 1698 514 1755 cessavere,
535 1713 618 1744 nec
636 1696 917 1758 scorpiones,
931 1695 1019 1742 illae
1040 1696 1123 1743 tela
1142 1706 1432 1758 torquentes,

154 1769 212 1815 hi.
227 1768 393 1831 lapides
421 1768 626 1825 crebros,
649 1767 860 1830 qualique
890 1765 1016 1812 simul
1039 1765 1242 1812 ardentes
1262 1765 1360 1826 pice
1381 1766 1432 1810 &

152 1840 370 1887 bitumine
395 1840 497 1887 illiti
517 1859 528 1887 :
546 1855 742 1903 quorum
769 1839 1015 1885 afiiduitate
1037 1854 1117 1902 per
1136 1838 1346 1901 proclive
1369 1836 1435 1882 la-

151 1914 351 1961 bentium
390 1914 607 1962 machinae
650 1913 878 1959 haerebant
913 1912 1041 1958 velut
1079 1911 1177 1958 altis
1211 1910 1434 1958 radicibus

153 1985 277 2045 fixae,
294 1987 452 2052 easque
473 1985 670 2034 malleoli
693 1987 741 2033 ἃ
760 1985 876 2032 faces
896 1983 1015 2044 jactae
1044 1983 1297 2030 destinatius
1319 1999 1433 2029 exn·-

153 2060 322 2107 rebant.
338 2060 427 2106 Sed
450 2076 552 2108 cum
575 2059 670 2105 haec
689 2059 748 2104 ita
774 2057 910 2104 eff'ent
926 2093 938 2113 ,
960 2056 1256 2119 caderentque
1275 2054 1434 2101 altrin-

154 2130 275 2180 secus
297 2132 454 2189 multi,
476 2132 689 2179 ardebant
709 2129 845 2193 magis
875 2131 1214 2192 oppugnatores
1244 2125 1435 2174 naturali

151 2204 235 2250 fitu
259 2207 309 2251 &
336 2204 505 2269 ingenti
535 2221 673 2268 opere
693 2203 915 2250 munitum
946 2201 1164 2264 oppidum
1190 2213 1291 2247 ante
1326 2200 1435 2246 bru-

153 2277 268 2324 male
292 2278 407 2325 fidus
425 2277 708 2335 exscindere,
728 2275 892 2322 rabiem
918 2274 1033 2339 regis
1054 2290 1146 2320 non
1169 2285 1271 2320 ante
1295 2271 1436 2320 sedari

155 2349 278 2412 poffe
306 2351 546 2398 credentes.
576 2348 808 2411 Quocirca
833 2364 917 2395 nec
945 2347 1084 2394 multa
1118 2346 1295 2394 cruoris
1317 2345 1436 2391 effu-

155 2423 245 2483 fio,
267 2441 349 2472 nec
370 2424 539 2475 confixi
556 2424 799 2473 mortiferis
822 2422 1086 2471 vulneribus
1113 2420 1295 2485 plurimi
1315 2435 1436 2466 cete-

153 2513 231 2543 ros
257 2498 312 2545 ab
339 2498 516 2547 audacia
545 2497 673 2563 parili
700 2496 995 2547 revocabant.
1013 2495 1099 2542 Sed
1119 2493 1196 2540 diu
1216 2507 1319 2540 cum
1339 2489 1434 2540 exi-

1066 2569 1101 2614 P
1135 2583 1167 2627 4
