1626 2917
183 164 270 228 318
372 159 721 210 AMMIANl
772 158 1274 207 MARCELLlNI

179 287 287 316 metu
322 272 533 316 clemen-tia
569 273 776 330 principis
795 305 809 326 ,
839 271 910 331 qui
950 287 995 317 ut
1022 276 1205 332 prudens
1237 272 1464 332 definivit,'

179 347 444 389 inimicorum
480 345 659 387 minuere
703 361 945 400 numerum,
988 363 1203 407 augereque
1237 348 1465 391 amicorum

168 419 320 478 sponte
335 418 424 477 sua
458 418 669 462 contendit
693 435 742 461 ac
777 418 918 463 libens.
950 416 1065 462 Exin
1100 415 1326 463 sacrorum
1362 432 1467 479 per-

179 490 298 535 fe&0
322 488 410 534 ritu
432 488 622 550 digresso
638 523 651 545 ‚
676 487 931 535 offeruntur
950 489 1134 535 τεξὶοτῐς
1153 490 1339 553 AEgypti
1361 484 1478 536 scri·'

181 578 280 625 pta,
301 561 436 624 Apim
456 561 654 618 bovem,
675 560 864 623 operosa
892 561 1124 623 quaefitum
1142 561 1354 609 industria
1368 597 1382 619 ,
1403 574 1467 607 ta·

181 653 284 683 men
303 634 403 698 post
415 646 587 697 tempus
606 633 801 680 inveniri
821 634 1033 697 potuisse,
1051 633 1294 682 firmantis:
1321 634 1469 699 quod,

180 721 231 754 ut
252 723 403 753 earum
433 707 670 771 regionum
697 706 947 752 existimant
967 706 1130 753 incolae
1147 741 1161 763 ‚
1181 705 1371 753 faustum
1385 741 1399 762 ,
1419 707 1471 752 &

181 783 429 828 ubertatem
451 779 631 844 frugum
648 814 659 835 ,
685 779 950 844 diversaque
980 779 1147 827 indicat
1166 781 1302 827 bona.
1328 782 1471 842 Super

183 872 271 918 qua
290 870 335 900 re
356 871 497 916 pauca
517 853 761 900 conveniet
781 852 1000 916 expediri.
1027 855 1147 899 Inter
1168 852 1374 899 animalia
1393 868 1471 897 an·

182 926 319 990 tiquis
343 925 734 973 observationibus
762 926 1019 974 consecrata
1039 959 1054 982 ‚
1082 926 1264 974 Mnevis
1284 928 1332 974 &
1360 924 1474 988 Apis

185 1000 285 1047 sunt
311 1000 525 1046 notiora:
558 999 738 1046 Mnevis
764 998 861 1046 Soli
888 998 1081 1046 sacratur
1100 1035 1113 1056 ‚
1138 998 1264 1062 super
1288 1015 1381 1063 quo
1402 997 1472 1044 ni-

185 1072 250 1118 hil
280 1070 445 1118 dicitur
469 1070 798 1117 memorabile:
831 1070 1018 1133 sequens
1051 1072 1203 1117 Lunae.
1240 1070 1313 1116 Est
1350 1069 1473 1116 enim

187 1144 299 1208 Apis
332 1144 417 1190 bos
456 1141 638 1190 diversis
678 1142 942 1203 genitalium
971 1155 1182 1189 notarum
1212 1141 1363 1206 figuris
1391 1159 1472 1188 ex—

185 1218 387 1282 preffus,
413 1215 698 1278 maximeque
740 1215 943 1262 omnium
996 1216 1319 1263 corniculantis
1356 1216 1473 1262 lunae

187 1293 334 1356 specie
361 1292 495 1337 latere
522 1290 685 1335 dextro
723 1288 903 1351 infignis
926 1306 936 1334 :
959 1288 1038 1352 qui
1063 1306 1166 1336 cum
1189 1289 1287 1351 post
1310 1288 1473 1337 viven-

187 1367 234 1413 di
257 1363 446 1427 spatium
468 1361 761 1425 praestitutum
787 1361 912 1408 sacro
937 1360 1064 1419 fonte
1083 1361 1310 1408 immersus
1330 1378 1354 1407 e
1378 1360 1473 1408 vita

189 1436 348 1486 abierit
378 1434 502 1501 (nec
531 1433 650 1480 enim
675 1433 788 1479 ultra
814 1450 916 1479 eum
942 1434 1118 1480 trahere
1139 1433 1242 1480 licet
1270 1446 1441 1479 aetatem
1459 1466 1474 1488 ‚

189 1527 325 1576 quam
346 1508 508 1557 secreta
528 1507 747 1554 librorum
775 1505 1021 1569 praescribit
1051 1506 1287 1553 aueloritas
1319 1506 1474 1570 mysti-

190 1602 379 1635 corum:
414 1600 497 1631 nec
518 1582 600 1629 nifi
634 1581 767 1628 semel
791 1581 831 1628 ei
865 1581 911 1627 in
941 1597 1062 1628 anno
1095 1582 1179 1628 bos
1213 1581 1378 1627 femina
1405 1580 1478 1626 in-

191 1672 328 1708 venta
360 1675 462 1706 cum
489 1655 610 1704 notis
638 1654 770 1703 certis
791 1653 1011 1718 offertur)
1035 1654 1144 1701 alter
1164 1671 1265 1701 cum
1287 1653 1476 1716 publico

189 1730 406 1797 quaeritur
429 1729 574 1776 lustu:
604 1730 654 1776 δε
677 1727 709 1774 fi
737 1727 949 1775 omnibus
986 1727 1116 1790 tignis
1141 1727 1475 1774 consummatus

192 1803 378 1868 reperiri
420 1801 653 1866 potuerit,
690 1799 869 1847 ducitur
897 1799 1148 1863 Memphim
1191 1799 1348 1846 urbem
1384 1798 1476 1844 fre-

196 1889 408 1941 quentem
429 1913 443 1936 ‚
474 1874 797 1939 praesentiaque
816 1873 1012 1920 numinis
1039 1873 1278 1935 AEsculapii
1301 1872 1479 1918 claram.

195 1951 432 2012 Cumque,
452 1948 655 1995 initiante
683 1945 931 1994 antistitum
959 1962 1148 1992 numero
1178 1958 1388 2001 centum,
1407 1943 1480 1989 in-

197 2023 353 2070 duElus
380 2020 429 2067 in
449 2020 692 2068 thalamum
714 2019 798 2066 effe
827 2018 1017 2082 coeperit
1043 2017 1187 2074 sacer,
1211 2016 1480 2078 conjecturis

198 2093 359 2158 apertis
379 2093 498 2156 figna
524 2109 669 2139 rerum
688 2091 935 2138 futurarum
957 2091 1119 2138 dicitur
1149 2090 1479 2137 demonstrare:

199 2168 250 2215 &
282 2166 493 2213 adeuntes
514 2165 730 2229 quosdam
765 2164 943 2212 indiciis
967 2164 1113 2212 averti
1140 2163 1320 2210 videtur
1356 2163 1480 2208 obli-

197 2239 298 2304 quis
314 2256 330 2294 ;
348 2251 400 2286 ut
419 2239 682 2288 offerentem
705 2239 856 2288 cibum
888 2237 1132 2303 aliquando
1155 2238 1480 2285 Germanicum

198 2313 417 2360 Caesarem
434 2347 449 2371 ,
473 2311 582 2360 ficut
606 2312 767 2359 lefi‘tum
794 2311 856 2359 est
874 2348 888 2372 ‚
917 2310 1141 2361 aversatus
1156 2347 1171 2370 ,
1191 2312 1481 2375 portenderat

198 2386 338 2451 paulo
370 2385 470 2449 post
503 2398 737 2434 eventura.

260 2461 366 2511 XV.
397 2460 589 2509 Striffim
625 2461 774 2526 itaque
794 2495 810 2522 ,
840 2459 1056 2525 quoniam
1087 2470 1262 2523 tempus
1295 2456 1478 2511 videtui<
