1626 2917
199 207 291 240 200
405 194 739 241 AMMIANI
790 194 1270 243 MARCELLINI

194 296 412 343 retrorsus
431 333 446 354 ,
468 297 659 344 retinere
690 297 885 361 magistri
907 315 1000 346 non
1027 312 1235 361 poterant
1254 319 1264 346 :
1285 299 1475 365 postque

195 370 356 417 exustis
375 371 608 433 operibus,
629 371 750 418 nulla
765 372 889 434 quies
909 373 1222 420 certaminibus
1240 375 1354 421 data.
1374 375 1474 421 Rex

194 444 314 490 enim
336 444 425 507 ipse
442 443 668 492 Persarum
687 481 701 503 ,
716 445 794 508 qui
814 462 1040 509 nunquam
1057 447 1196 494 adesse
1216 447 1474 495 certamini-

195 517 281 564 bus
300 517 504 580 cogitur,
525 517 592 566 his
619 519 848 565 turbinum
867 518 1129 567 infortuniis
1150 521 1367 583 percitus,
1388 538 1473 568 no-

195 606 262 637 vo
278 595 326 639 &
347 608 574 655 nunquam
596 605 697 640 ante
717 592 907 656 cognito
926 610 1075 650 more,
1094 595 1368 657 proeliatoris
1390 596 1473 642 mi-

191 665 285 711 litis
303 666 391 711 ritu
419 667 626 728 prosiluit
645 668 690 713 in
713 667 972 716 confertos:
993 670 1042 716 &
1064 670 1169 733 quia
1190 670 1472 733 conspectior

192 738 441 802 tegentium
475 740 762 788 multitudine
800 742 960 804 procul
992 741 1320 804 speculantibus
1356 742 1474 789 vise-

193 812 324 860 batur
342 849 356 871 ,
386 814 553 876 petitus
581 817 818 864 crebritate
854 817 1048 864 telorum
1066 853 1079 875 ,
1105 817 1256 864 multis
1287 818 1476 880 stipato-

192 886 317 934 ribus
342 888 482 936 stratis
512 888 708 937 absceffit
724 924 738 948 ,
768 889 991 938 alternans
1017 891 1220 954 regibiles
1246 891 1359 939 acies
1382 909 1393 938 :
1426 892 1478 940 &

193 956 252 1004 ad
265 974 516 1007 extremum
537 961 624 1008 diei
644 979 727 1010 nec
748 962 966 1009 mortium
983 963 1099 1008 truci
1119 963 1248 1019 visu,
1268 981 1350 1011 nec
1373 963 1477 1010 vul·

193 1048 355 1079 nerum
398 1034 576 1083 territus
609 1071 623 1095 ,
666 1036 843 1082 tandem
879 1045 1059 1098 tempus·
1089 1034 1299 1098 exiguum
1340 1034 1479 1086 tribui

191 1105 337 1169 quieti
369 1107 577 1168 permifit.

258 1180 377 1226 VIII.
401 1182 569 1226 Verum
594 1181 725 1228 nocte
753 1180 914 1244 proelia
932 1179 1168 1227 dirimente
1183 1215 1195 1236 ,
1217 1179 1377 1226 somno
1397 1197 1478 1244 per

192 1249 334 1298 breve
366 1253 509 1299 otium
538 1267 673 1315 capto
691 1289 704 1310 ,
726 1253 1034 1301 innotescente
1065 1252 1152 1314 jam
1182 1252 1280 1299 luce
1302 1253 1355 1298 ad
1390 1270 1474 1316 po-

192 1322 349 1369 tiunda
378 1323 544 1385 sperata
560 1360 574 1381 ,
594 1325 655 1370 ira
675 1326 725 1372 &
753 1326 914 1371 dolore
940 1325 1195 1382 exundans,
1219 1341 1301 1372 nec
1322 1324 1385 1371 fas
1407 1325 1477 1371 ul-

192 1395 288 1442 lum
319 1414 410 1459 prae
431 1398 576 1444 oculis
595 1397 825 1443 habiturus
842 1431 854 1449 ‚
884 1408 1036 1460 gentes
1056 1396 1102 1442 in
1124 1412 1208 1442 nos
1235 1397 1475 1446 excitabat.

192 1468 404 1530 Cumque
429 1468 642 1515 'crematis
677 1467 890 1530 operibus
906 1503 919 1525 ,
948 1480 997 1514 ut
1023 1466 1261 1514 docuimus
1281 1503 1294 1525 ‚
1325 1485 1474 1531 pugna

190 1555 271 1602 per
302 1557 480 1604 aggeres
511 1541 653 1587 celsos
682 1539 820 1587 muris
853 1539 1091 1602 proximos
1125 1552 1395 1598 tentaretur,
1417 1557 1476 1587 ex

190 1613 370 1675 aggestis
401 1614 554 1660 erectis
575 1614 838 1661 intrinsecus
858 1650 871 1671 ,
897 1625 1113 1677 quantum
1137 1612 1281 1660 facere
1301 1614 1476 1677 nitique

189 1699 433 1747 poterant,
471 1688 611 1735 nostri
648 1688 784 1752 aequis
817 1687 991 1735 viribus
1025 1703 1103 1749 per
1141 1687 1276 1732 ardua
1308 1685 1476 1732 resiste·

189 1757 311 1805 bant.
341 1763 396 1807 Et
431 1762 506 1807 diu
533 1776 771 1809 cruentum
805 1761 1018 1824 proelium
1055 1759 1171 1806 stetit
1191 1795 1205 1816 ,
1234 1776 1317 1806 nec
1350 1772 1475 1807 metu

188 1832 349 1879 mortis
373 1835 606 1897 quisquam
635 1852 692 1882 ex
723 1835 872 1898 aliqua
907 1846 1029 1897 parte
1057 1850 1080 1879 a
1113 1833 1260 1880 studio
1297 1850 1472 1896 propu-

124 1965 130 1973 „
187 1906 353 1966 gnandi
381 1909 697 1955 removebatur
719 1925 729 1954 :
751 1923 897 1971 eoque
916 1905 1131 1969 producta
1152 1905 1474 1964 contentione,

187 1995 289 2026 cum
324 1980 417 2029 sors
448 1982 636 2045 partium
670 1996 835 2030 eventu
871 1996 1097 2044 regeretur
1128 1978 1472 2037 indeclinabili,

186 2053 265 2099 diu
288 2055 488 2104 laborata
507 2057 649 2103 moles
671 2056 745 2103 illa
765 2056 1023 2103 nostrorum
1037 2090 1051 2113 ,
1067 2053 1190 2100 velut
1208 2067 1336 2100 terrae
1356 2069 1473 2115 quo·

187 2128 287 2175 dam
320 2141 515 2176 tremore
544 2131 737 2193 quassata
767 2127 1043 2192 procubuit:
1073 2127 1123 2174 &
1150 2139 1360 2189 tanquam
1396 2126 1468 2173 iti-

186 2201 366 2248 nerario
387 2220 545 2267 aggere
559 2240 571 2261 ,
585 2203 657 2249 vel
682 2203 958 2265 superposito
977 2213 1114 2263 ponte
1134 2200 1471 2262 complanatum

186 2272 373 2334 spatium
395 2310 409 2331 ,
431 2276 557 2337 quod
592 2276 707 2322 inter
738 2292 912 2322 murum
949 2273 1291 2336 congestamque
1329 2272 1472 2319 forin-

188 2344 311 2391 secus
346 2345 506 2392 struem
536 2347 714 2406 hiabat,
746 2346 956 2411 patefecit
979 2345 1178 2392 hostibus
1209 2345 1471 2404 transitum,

186 2419 322 2467 nullis
354 2420 562 2468 obicibus
589 2421 850 2483 impeditum
871 2438 885 2477 ;
910 2422 959 2467 &
982 2436 1080 2483 pars
1112 2420 1318 2483 pleraque
1350 2418 1472 2465 mili-

183 2503 281 2542 tum
315 2492 593 2557 dejectorum
632 2494 840 2558 oppreffa
881 2493 957 2543 vel
1003 2493 1232 2540 debilitata
1263 2491 1467 2541 ceffabat.
