1626 2917
318 231 538 279 RERUM
576 229 914 277 GESTARUM
949 229 1051 276 LlB.
1084 229 1211 277 XXI.
1311 245 1399 292 253

131 349 228 398 tur,
248 338 453 385 feriarum
473 337 544 384 die
558 374 572 395 ,
588 353 720 399 quem
745 336 1013 383 celebrantes
1028 335 1176 382 mense
1195 336 1405 383 Januario

129 409 366 457 Christiani
396 409 643 471 Epiphania
665 408 886 465 dictitant,
904 408 1153 471 progressus
1172 408 1217 454 in
1245 423 1405 453 eorum

128 482 355 529 ecclesiam
372 518 385 538 ‚
406 481 662 527 solemniter
682 480 864 527 numine
891 492 1023 526 orato
1044 480 1244 527 disceffit.

195 557 266 602 111.
287 555 412 601 Dum
432 556 524 601 haec
544 555 602 600 ita
628 569 848 617 aguntur,
868 554 1196 616 propinquante
1211 553 1298 615 jam
1321 562 1408 600 vei

128 643 177 675 re
191 663 205 687 ,
226 628 390 674 nuntio
408 629 603 690 percitus
625 627 818 689 inopino
832 662 845 684 ‚
866 627 920 672 ad
939 626 1154 673 tristitiam
1174 626 1324 673 versus
1345 626 1409 674 est

131 702 183 748 &
208 718 466 748 moerorem.
488 700 663 749 Didicit
684 701 828 756 enim,
849 700 1122 746 Alamannos
1142 718 1164 746 a
1184 716 1297 763 pago
1313 702 1409 752 Vaff

127 772 322 820 domarii
348 773 556 831 exorsos,
585 773 704 819 unde
725 772 836 818 nihil
861 772 959 835 post
981 772 1111 819 iilum
1138 772 1286 820 foedus
1305 773 1410 837 spe-j

125 848 308 894 fabatur
328 847 667 896 incommodum
682 883 696 905 ‚
715 847 888 894 vastare
909 846 1111 893 confines
1140 848 1293 894 Raetiis
1314 860 1409 897 tra-¹
1448 887 1451 890 .

124 921 222 967 &us
242 939 252 967 :
271 921 471 983 nihilque
491 921 628 966 sinere
647 920 913 967 intentatum
945 935 1101 966 manus
1122 922 1408 982 praedatorias

126 994 264 1042 fufius
291 995 597 1042 discurrentes.
632 995 773 1053 Quod
805 1011 860 1039 ne
890 993 1205 1040 diffimulatum
1233 995 1406 1043 redivi-

125 1084 206 1115 vas
226 1067 450 1114 bellorum
469 1066 670 1113 materias
697 1067 935 1123 excitaret,
971 1065 1243 1114 Libinonem
1263 1078 1409 1131 quen-f

125 1140 226 1186 dam
247 1139 457 1187 comitem
479 1155 581 1185 cum
603 1138 744 1185 Celtis
770 1141 819 1186 &
847 1138 1153 1185 Petulantibus
1173 1138 1288 1185 misit
1307 1139 1409 1186 hie--v

122 1209 348 1257 mantibus
369 1209 512 1257 secum
530 1245 544 1266 ‚
563 1210 797 1272 negotium
811 1245 825 1268 ,
841 1221 893 1256 ut
912 1208 1123 1272 poscebat
1140 1209 1279 1266 ratio,
1297 1221 1408 1257 cor-1*

123 1284 360 1330 resturum.
381 1283 596 1344 Quicum
616 1295 786 1329 mature
805 1300 948 1345 prope
966 1283 1183 1346 oppidum
1203 1284 1405 1330 Sanfflo-

123 1373 226 1403 nem
254 1356 467 1413 venisset,
491 1356 624 1419 longe
648 1355 769 1402 visus
791 1373 815 1402 a
843 1356 1040 1402 barbaris
1056 1391 1069 1413 ,
1091 1356 1167 1418 qui
1187 1354 1276 1417 jam
1307 1370 1408 1410 cer-q

123 1429 290 1477 tamina
309 1428 571 1475 meditantes
601 1427 686 1473 sese
707 1444 785 1490 per
814 1428 954 1474 valles
981 1428 1272 1475 abdiderant:
1294 1430 1405 1476 hor-

123 1501 326 1564 tatusque
347 1501 523 1558 milites,
545 1501 649 1548 licet
671 1517 860 1547 numero
883 1501 1092 1564 impares,
1114 1501 1322 1563 cupidine
1342 1516 1404 1549 ta-

123 1590 228 1620 men
264 1573 492 1636 pugnandi
537 1572 845 1619 vehementius
889 1573 1086 1618 irritatos
1101 1607 1115 1630 ‚
1152 1573 1404 1636 aggreditur

124 1645 380 1692 inconsulte
412 1647 690 1702 Germanos,
715 1643 919 1707 interque
945 1643 1185 1690 dimicandi
1216 1647 1404 1693 exordia

124 1717 216 1781 ipse
234 1718 435 1765 concidit
461 1717 667 1763 omnium
688 1716 857 1778 primus
878 1734 888 1762 ;
907 1714 1031 1778 cujus
1049 1715 1232 1764 interitu
1260 1719 1403 1767 erecta

122 1791 414 1839 barbarorum
448 1788 635 1847 fiducia,
665 1788 970 1851 Romanisque
1001 1790 1056 1835 ad
1086 1790 1210 1837 ducis
1245 1792 1403 1838 vindi-

122 1864 236 1910 &am
270 1863 489 1922 accensis,
521 1876 744 1909 certarnen
776 1862 1072 1909 committitur
1104 1864 1402 1914 obstinatum:

121 1938 174 1985 &
193 1948 378 1999 urgente
407 1934 724 1998 magnitudinis
754 1935 876 1980 mole
905 1934 1074 1996 disjeffi
1102 1935 1201 1983 sunt
1232 1937 1400 1997 nostri,

120 2008 280 2056 occisis
301 2008 454 2071 paucis
475 2009 526 2055 &
551 2007 808 2054 vulneratis.
834 2008 949 2054 Cum
980 2008 1069 2055 hoc
1090 2009 1367 2057 Vadomario
1382 2047 1400 2071 ,

122 2083 174 2128 &
192 2082 497 2127 Gundomado
518 2079 612 2142 ejus
632 2079 764 2136 fratre
788 2080 940 2126 itidem
961 2096 1063 2144 rege
1077 2116 1092 2139 ‚
1108 2081 1399 2130 Constantius

123 2156 207 2213 (ut
227 2152 316 2216 jam
348 2154 533 2201 relatum
556 2153 649 2214 est)
679 2152 935 2199 firmaverat
966 2170 1134 2215 pacem.
1166 2155 1269 2200 Post
1296 2172 1399 2218 quae

122 2239 308 2274 mortuo
327 2227 660 2285 Gundomado,
688 2227 809 2274 hunc
832 2226 911 2272 fibi
939 2225 1036 2274 fore
1061 2226 1314 2275 existimans
1341 2227 1402 2280 fi-

76 2352 79 2354 ,
125 2300 233 2345 dum
251 2334 265 2357 ,
301 2298 661 2363 secretorumque
695 2300 967 2347 taciturnum
1004 2300 1308 2348 exsecutorem
1347 2304 1410 2350 δὲ

123 2370 375 2430 efficacem,
394 2372 653 2430 mandabat,
671 2371 727 2437 (st
747 2371 879 2428 famae,
893 2372 1031 2418 solius
1048 2372 1318 2419 admittenda
1336 2371 1397 2420 est

52 2472 59 2475 -
126 2443 263 2504 fides)
286 2444 611 2508 scribebatque‚
639 2458 688 2491 ut
720 2458 929 2508 tanquam
962 2458 1100 2508 rupto
1137 2445 1398 2492 concordiae

125 2518 287 2582 paeto,
305 2517 486 2569 subinde
508 2517 745 2571 collimitia
771 2519 852 2570 fibi
880 2518 1034 2571 vicina
1061 2531 1274 2573 vexaret:
1302 2532 1398 2585 quq
