1626 2917
328 226 548 272 RERUM
583 223 925 270 GESTARUM
962 222 1065 268 LIB.
1100 220 1260 267 XVIII.
1361 218 1441 265 181

175 334 537 385 antecedentibus
565 332 700 381 Perfis
718 369 732 392 ‚
771 332 1010 380 civitatem·
1036 329 1240 393 petebam
1282 327 1450 375 anhelo

175 409 304 457 cursu
328 409 528 472 rependo
546 445 561 468 ‚
580 425 636 455 ex
657 423 714 455 eo
733 407 867 455 latere
880 443 893 464 ‚
912 422 1004 470 quo
1028 403 1347 452 incessebamur
1366 438 1379 460 ‚
1402 403 1451 448 in

171 481 315 530 arduo
354 481 478 528 fitam
499 516 513 538 ‚
538 496 722 543 unoque
761 477 939 526 ascensu
970 475 1239 540 perangusto
1279 474 1452 521 meabi-

171 554 259 600 lem
276 589 290 613 ,
313 571 446 619 quem
477 553 610 602 sciffis
631 552 824 601 collibus
849 551 1033 598 molinae
1053 551 1108 598 ad
1126 549 1258 598 calles
1278 548 1453 595 arnan-

172 625 247 672 das
280 624 508 674 aedificatae
531 662 546 685 ,
574 627 750 674 densius
788 624 1166 688 constringebant.
1203 621 1292 669 Hic
1321 618 1455 668 mixti

173 715 276 746 cum
294 700 460 759 Persis,
484 702 644 748 eodem
670 701 761 748 inu
788 699 1158 763 procurrentibus
1178 697 1231 743 ad
1249 695 1452 758 superio-

171 788 218 817 ra
253 773 484 820 nobiscum
504 810 518 832 ,
555 774 748 837 adusque
775 785 926 820 ortum
946 771 1124 819 alterius
1149 770 1253 816 solis
1284 769 1454 815 immo-

172 844 281 892 biles
310 845 507 894 stetimus
529 883 543 903 ‚
566 847 628 893 ita
657 845 882 904 conferti,
912 860 963 891 ut
983 843 1199 894 caesorum
1237 842 1455 889 cadavera

172 919 457 966 multitudine
487 919 597 966 fulta
622 919 819 982 reperire
840 918 999 965 ruendi
1030 916 1218 978 spatium
1240 914 1455 977 nusquam

171 992 378 1056 poffent:
409 1004 545 1054 utque
567 993 691 1039 miles
719 1004 820 1039 ante
850 1008 919 1038 me
944 991 1122 1053 quidam
1152 989 1454 1036 discriminato

173 1065 317 1128 capite
331 1100 343 1121 ,
362 1066 485 1128 quod
505 1066 550 1111 in
572 1083 723 1128 aequas
744 1078 888 1129 partes
917 1065 1026 1111 ie‘tus
1048 1063 1180 1127 gladii
1197 1062 1355 1109 fiderat
1377 1079 1456 1109 va-

171 1138 433 1194 lidiffimus‚
470 1138 517 1184 i'n
558 1139 716 1203 stipitis
756 1140 940 1187 modum
970 1138 1168 1201 undique
1206 1138 1456 1185 coarEiatus

171 1212 374 1260 haereret.
402 1214 455 1258 Et
488 1212 595 1259 licet
629 1212 897 1275 multiplicia
934 1212 1054 1270 tela,
1091 1229 1171 1274 per
1201 1223 1457 1257 tormento-

171 1304 269 1333 rum
288 1286 444 1333 omnia
470 1285 632 1349 genera
659 1287 874 1333 volarent
908 1274 945 1332 e.
965 1284 1315 1349 propugnaculis
1332 1320 1346 1342 ‚
1367 1283 1457 1329 hoc

171 1372 321 1406 tamen
347 1358 552 1421 periculo
582 1373 817 1404 murorum
846 1373 930 1403 nos
959 1355 1267 1418 propinquitas
1289 1355 1459 1401 exime-

174 1434 278 1481 bat:
309 1434 576 1496 tandemque
616 1450 694 1495 per
724 1431 940 1495 posticam
974 1431 1184 1494 ingressus
1204 1465 1217 1487 ,
1250 1428 1456 1475 refertam

174 1507 333 1554 inveni
351 1507 608 1554 confluente
623 1523 678 1552 ex
693 1504 893 1551 finitimis
909 1504 1094 1552 virili&
1112 1502 1319 1550 muliebri
1337 1500 1459 1547 sexu.

174 1580 288 1625 Nam
307 1581 358 1626 δε
389 1577 488 1625 casu
512 1578 599 1624 illis
633 1577 733 1638 ipfis
759 1576 916 1623 diebus
937 1612 952 1634 ,
975 1576 1020 1622 in
1045 1574 1304 1622 suburbanis
1331 1591 1458 1637 pere·

176 1654 300 1717 grina
328 1652 599 1700 commercia
621 1652 895 1698 circuma&o
917 1666 1038 1697 anno
1067 1648 1196 1695 solita
1214 1648 1457 1706 celebrari,

175 1726 417 1774 multitudo
447 1741 755 1772 convenarum
785 1724 972 1788 augebat
1006 1722 1258 1787 agrestium.
1286 1725 1458 1768 Interea

176 1798 326 1847 sonitu
358 1798 489 1848 vario
519 1799 676 1846 cuneta
704 1798 946 1844 miscentur
965 1832 980 1854 ‚
1009 1796 1165 1860 partim
1184 1795 1361 1842 amiffos
1381 1813 1455 1857 ge-

176 1872 401 1920 mentibus
418 1907 432 1930 ,
454 1872 549 1919 aliis
577 1889 680 1919 cum
703 1871 845 1918 exitio
870 1870 1026 1917 sauciis
1048 1907 1062 1927 ,
1084 1869 1234 1917 multis
1253 1869 1457 1917 caritates

176 1946 370 1994 diversas
387 1983 400 2005 ‚
428 1963 537 2009 quas
558 1964 650 2010 prae
677 1945 887 2010 angustiis
914 1945 1069 1993 videre
1099 1961 1195 1991 non
1216 1956 1427 2007 poterant
1444 1980 1459 2003 ,

176 2018 510 2069 invocantibus.

241 2095 320 2141 IX.
338 2095 467 2141 Hanc
487 2093 716 2141 civitatem
738 2093 848 2140 olim
868 2110 1080 2158 perquam
1106 2092 1290 2140 brevem
1305 2128 1318 2150 ‚
1350 2092 1458 2138 Cae-

177 2165 241 2213 sar
272 2167 402 2215 etiam
440 2179 537 2215 tum
565 2167 858 2215 Constantius
879 2203 894 2226 ‚
930 2179 979 2214 ut
1013 2167 1184 2214 accolae
1221 2164 1458 2229 suffugium

179 2240 344 2302 poffint
374 2240 539 2288 habere
573 2240 834 2288 tutissimum
857 2277 871 2298 ,
891 2257 948 2288 eo
977 2252 1182 2303 tempore
1203 2274 1216 2296 ‚
1235 2256 1329 2302 quo
1360 2243 1460 2284 An-

179 2313 488 2376 toninupolim
517 2313 735 2377 oppidum
768 2313 888 2360 aliud
917 2313 1076 2361 struxit
1095 2349 1109 2372 ,
1141 2311 1338 2359 turribus
1369 2311 1460 2357 cir·
1519 2305 1523 2310 ⁵

181 2386 406 2434 cumdedit
433 2387 590 2450 amplis
620 2388 669 2435 ὅ(
691 2387 950 2434 moenibus:
978 2387 1222 2450 locatoque
1251 2385 1313 2431 ibi
1343 2401 1460 2431 con-

179 2458 351 2505 ditorio
372 2460 611 2507 muralium
631 2473 986 2517 tormentorum,
1006 2459 1114 2507 fecit
1141 2459 1341 2506 hostibus
1360 2457 1458 2502 for-

179 2530 388 2578 midatam
404 2567 418 2591 ,
435 2531 605 2596 suoque
636 2531 822 2579 nomine
849 2532 999 2582 voluit
1027 2531 1256 2596 appellari.
1279 2533 1334 2577 Et
1351 2547 1374 2576 a
1394 2530 1460 2576 la-

1089 2607 1200 2669 ΜΞ
