1626 2917
331 189 549 237 RERUM
583 187 920 235 GESTARUM
957 187 1058 233 ΗΒ.
1089 186 1231 232 XVII.
1336 200 1427 246 149

155 298 270 363 gesta
305 298 530 361 permiffus
564 296 655 354 est,
689 308 922 357 antequam
950 293 1034 358 (ut
1070 290 1323 356 placuerat)
1358 308 1429 337 re-

153 385 351 418 mearent
371 369 510 416 nostri
530 369 708 432 captivi.
730 368 808 414 His
828 369 873 415 in
896 367 1126 414 barbarico
1140 365 1264 429 gellis
1286 401 1297 421 ‚
1319 367 1429 411 Bre-

154 442 381 507 getionem
414 442 548 490 castra
576 455 802 488 commota
829 441 929 488 sunt
950 476 962 498 ,
992 453 1041 486 ut
1075 439 1203 485 etiam
1229 436 1289 483 ibi
1323 435 1430 482 belli

151 515 420 576 Quadorum
451 515 686 577 reliquias,
711 514 825 561 circa
844 515 945 560 illos
968 512 1227 577 agitantium
1251 511 1428 568 tractus,

154 587 349 634 lacrimae
381 588 455 634 vel
486 587 656 650 sanguis
701 587 1009 650 exstingueret.
1033 588 1241 645 Quorum
1273 583 1431 647 regalis

154 661 431 708 Vitrodorus
471 660 674 707 Viduarii
706 659 819 706 filius
858 660 971 723 regis
993 695 1005 715 ,
1040 661 1087 706 &
1118 658 1431 722 Agilimundus

153 734 432 797 subregulus,
454 734 617 796 aliique
638 734 873 793 optimates
893 770 905 790 ‚
928 735 974 780 &
995 732 1161 792 judices
1190 731 1323 777 variis
1340 747 1428 792 po-

153 806 273 869 pulis
294 806 595 868 praefidentes,
618 805 714 852 viso
735 805 935 851 exercitu
958 804 1001 848 in
1018 803 1187 866 gremio
1209 802 1333 866 regni
1356 801 1429 847 so-

153 879 276 942 lique
300 879 500 943 genital³s
523 912 537 932 ‚
578 878 656 924 sub
687 878 895 941 greffibus
926 875 1100 935 jacuere
1130 876 1319 921 militum
1343 911 1357 931 ,
1379 876 1430 921 &

155 951 303 1014 adepti
320 950 498 998 veniam
520 949 625 1011 juffa
646 949 870 995 fecerunt:
891 947 1182 1009 sobolemque
1204 945 1321 992 suam
1341 945 1430 991 ob-

153 1023 314 1070 fidatus
360 1022 581 1086 pignore,
618 1035 666 1068 ut
689 1021 941 1068 obsecuturi
979 1020 1320 1067 conditionibus
1345 1019 1431 1064 im-

153 1096 308 1159 positis
328 1132 341 1153 ,
361 1095 659 1141 tradiderunt:
695 1093 946 1156 eductisque
968 1093 1261 1139 mucronibus
1277 1128 1290 1149 ‚
1311 1106 1429 1154 quos

151 1185 239 1230 pro
262 1167 517 1215 numinibus
541 1167 698 1215 colunt
714 1202 727 1226 ,
739 1165 946 1229 juravere
964 1201 978 1223 ,
997 1165 1038 1212 se
1056 1163 1366 1229 permansuros
1381 1164 1428 1211 in

150 1239 254 1288 fide.

218 1315 338 1362 XIII.
367 1314 447 1362 His
468 1350 480 1371 ,
500 1326 549 1361 ut
563 1325 786 1361 narratum
808 1313 869 1359 est
883 1349 896 1371 ‚
919 1312 1115 1360 secundo
1134 1312 1270 1360 finitis
1286 1321 1429 1360 even-³

147 1399 204 1434 -tu
220 1389 301 1444 ‚ad
315 1387 582 1451 Limigantes
597 1390 810 1434 Sarmatas
825 1386 978 1433 servos
997 1388 1125 1433 ocius
1145 1387 1261 1449 signa
1282 1398 1428 1432 trans-

154 1461 260 1508 ferri
289 1461 450 1507 utilitas
476 1461 655 1523 publica
673 1461 921 1523 flagitabat,
939 1477 1053 1522 quos
1073 1473 1164 1506 erat
1186 1460 1429 1506 admodum

153 1532 312 1590 nefas,
350 1532 531 1594 impune
551 1533 687 1579 multa
719 1534 767 1580 &
802 1531 970 1578 nefaria
1004 1531 1283 1594 perpetrasse.
1312 1532 1431 1577 Nam

154 1607 283 1652 velut
309 1606 441 1652 obliti
469 1606 668 1669 priorum
692 1641 706 1661 ‚
739 1619 843 1652 tunc
875 1606 1212 1668 erumpentibus
1250 1605 1429 1663 liberis,

153 1678 234 1742 ipsi
260 1695 443 1743 quoque
465 1691 640 1741 tempus
666 1680 929 1739 aptiffimum
952 1679 1066 1725 nacti
1085 1714 1098 1736 ,
1123 1678 1306 1725 limitem
1329 1695 1427 1741 per-

153 1767 314 1812 rupere
339 1751 590 1796 Romanum
606 1787 617 1808 ,
639 1751 694 1796 ad
714 1752 828 1798 hanc
844 1750 982 1796 solam
1001 1751 1197 1797 fraudem
1231 1751 1429 1798 dominis

153 1821 252 1869 suis*
270 1822 554 1885 hostibusque
576 1824 840 1869 concordes.
863 1823 1168 1869 Deliberatum
1195 1823 1254 1870 est
1282 1837 1428 1870 tamen

154 1893 202 1940 id
219 1911 402 1957 quoque
419 1895 564 1941 lenius
584 1895 827 1952 vindicari,
847 1913 978 1958 quam
1000 1895 1236 1943 criminum
1257 1897 1430 1961 magni-

155 1967 267 2013 tudo
297 1967 537 2029 poscebat,
565 1969 772 2015 hactenus
804 1968 978 2015 ultione
1013 1970 1214 2030 porrecta
1237 2006 1252 2027 ,
1294 1985 1343 2016 ut
1377 1969 1432 2016 ad

153 2039 405 2104 longinqua
425 2041 626 2087 translati
662 2041 913 2087 amitterent
949 2042 1126 2104 copiam
1163 2042 1310 2089 nostra
1346 2059 1432 2089 ve-

156 2110 315 2157 xandi:
340 2128 454 2173 quos
484 2112 680 2173 pericula
714 2112 955 2159 formidare
989 2114 1201 2160 monebat
1221 2114 1433 2161 scelerum

158 2182 429 2230 conscientia
456 2184 620 2230 diutius
641 2184 990 2230 commissorum.
1014 2185 1208 2248 Ideoque
1227 2187 1271 2231 in
1291 2186 1331 2232 se
1347 2204 1433 2248 pu-

159 2268 256 2314 gnae
278 2254 440 2300 molem
467 2254 668 2318 suspicati
696 2257 952 2302 vertendam
976 2292 989 2314 ,
1028 2257 1159 2303 dolos
1189 2258 1403 2318 parabant
1422 2299 1437 2319 ,

160 2327 211 2374 &
236 2325 396 2373 ferrum
417 2364 430 2386 ,
464 2330 512 2375 &
533 2345 698 2390 preces.
721 2331 888 2375 Verum
923 2329 1097 2392 aspefflu
1137 2331 1284 2392 primo
1308 2347 1437 2376 exer-

165 2398 280 2444 citus
298 2413 505 2464 tanquam
524 2401 721 2447 fulminis
740 2401 825 2447 ictu
848 2402 1032 2463 perculsi
1054 2439 1066 2461 ‚
1092 2403 1337 2465 ultimaque
1359 2418 1438 2448 co-

102 2499 105 2503 ·
163 2471 354 2536 gitantes
374 2509 388 2533 ‚
415 2474 550 2522 vitam
585 2476 786 2539 precati,
815 2476 1032 2523 tributum
1065 2493 1258 2523 annuum
1277 2511 1290 2536 ,
1319 2476 1439 2523 dele-

1070 2549 1173 2610 123
