1626 2917
326 196 549 245 RERUM
585 197 924 246 GESTARUM
957 200 1060 247 LlB.
1094 199 1222 247 xvi.
1357 218 1414 265 95

136 303 339 353 clamasse
360 304 546 352 audisset
577 321 636 352 ex
669 305 785 364 usu,
820 309 1052 352 Vincamus
1086 326 1316 368 pensan..
1349 306 1424 353 so-

136 378 284 426 lemne
308 378 628 442 interpretatus
649 377 894 438 atrociter,
920 371 1087 427 delevit
1113 380 1315 427 nobilem
1340 382 1425 427 do-

138 468 276 499 mum.
317 453 427 499 Haec
456 452 652 515 taliaque
687 451 791 498 ideo
826 453 965 516 magis
998 453 1224 518 magisque
1252 455 1426 502 cresce-

138 527 274 586 bant,
300 527 427 591 quod
455 525 747 574 Constantius
769 527 1001 589 impendio
1026 527 1230 586 timidus,
1254 529 1428 593 semper

139 599 184 648 se
216 599 338 647 feriri
367 600 591 664 sperabat,
624 613 674 647 ut
708 599 967 663 Dionysius
1004 613 1227 665 tyrannus
1249 603 1323 651 ille
1357 604 1429 650 Si·-

138 674 255 725 ciliae
280 674 394 738 :qui
429 675 492 722 ob
529 674 619 722 hoc
649 674 767 720 idem
794 674 959 721 vitium
992 677 1042 723 &
1079 676 1317 725 tonstrices
1341 678 1429 724 do-

141 748 236 796 cuit
251 747 366 796 filias
384 784 399 807 ‚
425 764 482 796 ne
508 746 582 795 cui
610 747 760 793 alieno
783 763 864 793 ora
887 747 1192 795 committeret
1211 749 1432 814 laevigan-

141 822 196 869 da
217 839 228 868 :
259 822 490 884 aedemque
516 820 703 868 brevem
721 855 735 878 ‚
756 820 836 867 ubi
860 820 1061 867 cubitare
1088 821 1291 869 sueverat
1308 859 1321 882 ,
1343 825 1432 872 alta

143 894 440 943 circumdedit
463 894 574 941 foffa
589 929 603 951 ‚
623 908 811 955 eamque
832 904 971 954 ponte
993 890 1173 940 solubili
1191 894 1432 957 superstra-

145 965 250 1013 vit:
282 963 410 1026 cujus
443 963 649 1026 disjectos
688 964 845 1010 afferes
880 966 929 1012 δε
966 965 1168 1012 axiculos
1206 967 1352 1014 secum
1386 968 1432 1014 in

144 1038 351 1088 somnum
374 1037 527 1086 abiens
556 1035 877 1094 transferebat,
899 1036 1170 1101 eosdemque
1197 1041 1434 1103 compagi-

144 1114 282 1161 nabat
315 1110 430 1158 lucis
456 1110 592 1165 initio
619 1109 920 1173 processurus.
946 1109 1165 1158 Inflabant
1183 1111 1337 1159 itidem
1359 1114 1436 1161 has

146 1187 372 1235 malorum
402 1183 609 1232 civilium
636 1183 854 1231 buccinas
884 1196 1093 1247 potentes
1127 1185 1176 1232 in
1210 1188 1360 1251 regia,
1387 1206 1436 1237 ea

147 1279 196 1309 re
211 1298 223 1318 ‚
241 1274 292 1308 ut
312 1261 620 1308 damnatorum
640 1259 778 1323 petita
803 1259 926 1307 bona
942 1259 1029 1308 suis
1051 1261 1438 1325 adcorporarent,

147 1335 344 1400 effetque
372 1333 559 1381 materia
593 1350 673 1396 per
701 1333 957 1381 vicinitates
996 1351 1158 1381 eorum
1192 1337 1279 1383 late
1314 1338 1439 1401 gras-

149 1408 286 1456 sandi.
306 1410 514 1472 Namque
534 1419 585 1454 ut
605 1408 878 1454 documenta
907 1407 1075 1469 liquida
1109 1410 1409 1471 prodiderunt
1425 1445 1441 1469 ‚

152 1480 471 1543 proximorum
494 1478 645 1525 fauces
671 1478 848 1541 aperuit
876 1479 1046 1541 primus
1072 1480 1280 1526 omnium
1307 1482 1441 1528 Con-

153 1553 402 1600 stantinus:
432 1552 506 1598 sed
538 1567 616 1599 eos
639 1551 848 1598 medullis
885 1552 1234 1614 provinciarum
1268 1554 1442 1618 sagina-

156 1627 228 1674 vit
259 1625 565 1673 Constantius.
595 1626 688 1672 Sub
725 1626 816 1672 hoc
843 1626 962 1671 enim
994 1627 1208 1673 ordinum
1238 1627 1442 1691 fingulo-

84 1736 90 1746 .
155 1716 258 1746 rum
285 1697 676 1747 auctoresinfinita
707 1699 917 1761 cupidine
938 1699 1196 1747 divitiarum
1219 1701 1444 1763 arserunt,

156 1772 248 1819 fine
272 1771 447 1833 ju-stitjae
468 1769 750 1817 distinetione
784 1771 855 1817 vel
883 1771 987 1817 regri
1005 1807 1019 1830 ‚
1047 1771 1165 1819 inter
1188 1774 1445 1822 ordinarios

156 1843 329 1908 judices
360 1843 550 1891 Rufinus
580 1844 747 1907 primus
775 1844 1007 1907 praefectus
1027 1847 1276 1907 praetorio:
1306 1850 1353 1896 &
1374 1848 1446 1895 iu·-

160 1931 228 1966 ter
252 1914 470 1966 militares
500 1918 702 1980 equitum
729 1917 934 1982 magister
966 1919 1158 1965 Arbetio
1180 1954 1194 1977 ‚
1229 1922 1446 1984 praepofi-

159 1992 322 2056 tusque
356 1992 553 2040 cubiculi
576 1991 787 2038 Eusebius
802 2027 817 2049 ‚
846 1993 991 2039 &....
1014 2008 1125 2038 anus
1156 1992 1377 2055 quaestor,
1397 1996 1447 2042 δε

162 2066 211 2112 in
234 2065 344 2112 urbe
364 2064 546 2123 Anicii,
577 2081 774 2129 quorum
806 2064 861 2111 ad
886 2080 1077 2111 avorum
1111 2066 1447 2114 aemulationem

164 2137 400 2201 posteritas
431 2139 619 2185 tendens
650 2174 664 2196 ‚
707 2137 851 2185 satiari
893 2154 1125 2202 nunquam
1158 2139 1311 2203 potuit
1345 2158 1449 2189 cum

167 2212 435 2275 pofl'effione
466 2213 614 2260 multo
641 2210 828 2272 majore.

234 2286 316 2334 IX.
347 2288 407 2332 At
437 2286 577 2332 Persae
598 2286 644 2333 in
671 2285 862 2332 Oriente
882 2301 962 2348 per
987 2284 1103 2332 furta
1134 2287 1183 2336 &
1211 2286 1449 2336 latrocinia

171 2358 350 2420 potius,
375 2376 512 2423 quam
532 2395 545 2417 ‚
567 2371 615 2408 ut
647 2358 850 2405 solebant
877 2371 1031 2417 antea,
1054 2377 1135 2423 per
1161 2361 1454 2408 concursato-

173 2429 260 2476 rias
289 2447 489 2494 pugnas,
518 2431 758 2478 hominum
796 2432 966 2492 praedas
997 2433 1222 2496 agitabant
1242 2436 1292 2481 &
1316 2450 1455 2496 peco-

175 2519 304 2552 rum:
335 2504 438 2570 quis
471 2523 799 2572 nonnunquam
822 2507 1105 2557 lucrabantur
1129 2520 1179 2557 ut
1206 2506 1459 2572 repentini;
