1626 2917
256 179 342 224 194
462 155 1349 207 ANIMIANlMARCELLlNI·

251 264 503 313 convenire
531 276 764 327 praeceptae
786 262 897 309 sunt.
931 262 995 308 lbi
1018 260 1260 324 magnificis
1287 259 1437 305 verbis
1465 271 1526 304 at·

251 355 338 401 que
363 335 651 399 prudentibus
675 335 747 396 spe
772 334 1036 380 cunclorum
1061 332 1226 390 ereda,
1246 331 1445 378 reversus
1462 330 1526 375 Si-

250 410 360 455 tifim
377 445 390 466 ‚
409 408 639 455 concitato
664 406 867 470 indigena
888 405 1027 452 milite
1049 422 1148 450 cum
1171 422 1250 462 eo,
1272 422 1403 467 quern
1437 403 1526 455 inse

251 483 546 545 perduxerat,
576 496 689 543 aegre
722 478 975 541 perpetiens
1012 495 1157 524 moras
1186 479 1241 524 ad
1268 478 1530 541 procinclus

252 556 316 602 ire
339 555 468 601 ocius
504 553 745 600 festinabat.
781 555 900 599 Inter
932 551 1098 598 refidua
1132 566 1279 598 autem
1311 553 1443 597 multa
1479 551 1529 597 ὃ(

254 630 369 676 clara
386 665 399 687 ‚
420 628 464 674 id
489 644 689 674 amorem
710 626 804 688 ejus
827 639 1012 676 auxerat
1036 626 1082 672 in
1102 625 1383 682 immensum,
1402 624 1531 688 quod

256 720 279 748 a
317 701 671 764 provincialibus
708 712 1010 746 commeatum
1048 698 1265 746 exercitui
1291 697 1532 761 prohibuit

255 775 350 821 dari
366 810 379 831 ,
398 773 548 820 meffes
571 774 622 820 &
643 772 823 819 condita
844 772 1041 818 hostium
1069 771 1249 818 virtutis
1271 771 1532 817 nostrorum

253 847 420 893 horrea
441 846 549 903 effe,
568 845 730 893 fiducia
749 862 1005 892 memorans
1021 844 1233 907 speciosa.
1254 844 1332 890 His
1351 844 1532 890 itacum

258 920 411 966 laetitia
432 917 723 981 pofl'efforum
744 916 1312 980 dispositis‚Tubusuptum
1334 914 1534 978 progres-

258 992 357 1051 sus,
388 990 606 1054 oppidum
640 993 820 1036 Ferrato
853 990 1116 1054 contiguum
1148 988 1323 1046 monti,
1353 987 1536 1051 legatio-

258 1084 361 1113 nem
391 1066 627 1112 secundam
658 1064 791 1110 Firmi
821 1063 1103 1125 repudiavit,
1127 1079 1228 1125 quae
1263 1060 1460 1115 obsides,
1487 1070 1537 1105 ut

260 1153 362 1186 ante
384 1139 589 1185 statutum
612 1137 699 1195 est,
722 1154 816 1184 non
839 1138 1026 1183 duxerat
1050 1136 1212 1182 secum.
1236 1134 1367 1180 Unde
1389 1133 1538 1198 omni-

261 1214 346 1259 bus
365 1228 448 1274 pro
474 1211 582 1257 loco
605 1212 652 1258 δι
667 1222 871 1272 tempore
892 1209 1064 1256 cautius
1083 1207 1329 1269 exploratis
1351 1206 1536 1253 concito

260 1297 386 1347 gratu
415 1281 726 1345 Tyndensium
757 1296 932 1342 gentem
967 1283 1015 1327 &
1038 1277 1366 1325 Maffiss‘enfium
1401 1277 1538 1338 petit,

260 1357 440 1403 levibus
461 1353 592 1400 armis
610 1352 864 1410 instructas,
888 1369 995 1415 quas
1018 1350 1222 1399 Mascizel
1242 1353 1292 1398 &
1308 1351 1428 1398 Dius
1448 1350 1537 1397 fra—

263 1442 351 1474 tres
389 1425 522 1472 Firmi
559 1425 807 1479 duclabant.
855 1427 971 1472 Cum
1017 1425 1152 1472 essent
1189 1425 1338 1471 hostes
1369 1423 1455 1485 jam
1491 1424 1539 1470 in

265 1499 473 1548 contuitu
511 1497 720 1545 membris
756 1497 966 1546 omnibus
1005 1497 1193 1555 celeres,
1231 1495 1332 1559 post
1369 1486 1541 1559 mi'ffilig

263 1572 485 1621 hincinde
501 1571 695 1619 crebrius
709 1562 835 1631 jaila,
850 1570 1147 1618 committitur
1162 1587 1385 1634 certamen
1398 1571 1542 1634 asper·

266 1650 453 1694 rimum:
479 1646 684 1710 interque
715 1646 903 1708 gemitus
933 1644 1091 1691 mortis
1122 1646 1172 1690 &
1202 1644 1437 1698 vulnerum
1462 1662 1543 1692 au-

265 1721 501 1767 diebantur
527 1720 815 1768 barbarorum
837 1718 1065 1765 ululabiles
1087 1716 1214 1764 fletus
1238 1730 1472 1780 captorum
1494 1720 1543 1766 &

267 1793 512 1841 caesorum:
544 1810 779 1858 pugnaque
811 1794 998 1840 diremta
1032 1791 1180 1854 plures
1211 1790 1303 1854 agri
1339 1791 1543 1853 populati

267 1866 368 1913 sunt
395 1868 444 1914 &
473 1866 655 1913 incensi.
692 1869 811 1913 Inter
842 1881 962 1929 quos
983 1864 1128 1912 clades
1161 1864 1392 1919 eminuere.
1413 1862 1544 1910 fundi

265 1940 507 1999 petrensis,
539 1940 674 1988 excisi
706 1939 950 2006 radicitus:
979 1955 1115 2003 quem
1144 1938 1359 1984 Salmaces
1393 1938 1542 1983 domi-

269 2030 378 2071 nus,
404 2013 538 2060 Firmi
559 2013 719 2070 frater,
740 2014 786 2060 in
808 2014 996 2060 modum
1024 2010 1146 2057 urbis
1174 2009 1404 2056 exstruxit.
1439 2012 1543 2057 Hoc

270 2085 464 2132 succcffu
488 2086 634 2134 νὶᾶοι·
650 2086 817 2144 elatus,
837 2085 948 2132 mira
969 2084 1210 2131 velocitate
1238 2081 1545 2129 Lamfoctense

271 2158 489 2221 oppidum
517 2148 933 2221 occupavit‚⁷inter
968 2169 1117 2220 gentes
1149 2154 1339 2218 pofitum
1372 2155 1547 2201 antedi-

270 2231 383 2288 &as,
409 2230 484 2276 ubi
511 2231 688 2277 abunde
713 2231 778 2278 rei
805 2230 980 2278 cibariae
1000 2229 1177 2291 copiam
1208 2229 1344 2275 condi
1368 2227 1546 2276 effecit:

271 2303 377 2357 utrfi
402 2318 587 2365 pergens
616 2302 800 2350 interius
833 2303 1148 2350 alimentorum
1180 2299 1426 2347 offendisset
1465 2316 1548 2362 pe-

272 2375 443 2422 nuriam
459 2410 471 2433 ,
490 2374 659 2436 juberet
680 2394 702 2423 e
722 2376 983 2440 propinquo
1002 2373 1276 2422 convectari.
1302 2374 1419 2433 Quae
1440 2373 1547 2419 dum
1579 2385 1581 2387 ·

273 2450 331 2499 ita
354 2450 629 2515 procedunt,
656 2449 860 2514 Mascizel
884 2447 1094 2512 reparatis
1114 2447 1288 2497 viribus
1310 2446 1547 2494 nationum
