1626 2917
316 221 534 272 RERUM
563 223 904 274 'GESTARUM
939 228 1042 275 ΜΒ.
1071 227 1199 276 ΧιΧ.
1302 242 1395 296 209

118 334 177 382 ha
197 370 210 393 ,
243 338 415 392 marka,
446 336 572 397 quod
596 336 657 382 est
688 336 804 398 apud
835 353 915 384 eos
946 336 1112 399 signum
1154 338 1399 401 bellicum,

120 406 422 454 exclamavit:
450 424 642 470 eumque
677 409 824 455 secuta
856 409 1089 456 incondita
1117 411 1360 459 multitudo
1384 446 1400 470 ‚

119 479 297 525 vexillo
323 479 441 525 elato
461 494 643 541 repente
678 480 912 527 barbarico
934 517 947 537 ‚
979 482 1153 528 ululans
1184 483 1324 530 ferum
1349 485 1398 531 in

121 552 263 615 ipsum
292 553 541 615 principem
571 553 809 600 ferebatur.
842 556 938 614 Qui
969 572 1069 601 cum
1096 572 1152 601 ex
1188 557 1280 603 alto
1321 559 1402 604 cle-2-

121 625 312 687 spiciens
330 625 458 688 plena
480 625 631 672 omnia
647 626 933 674 discurrentis
954 629 1097 674 turbae
1118 645 1218 676 cum
1235 631 1404 677 miffili-

121 698 207 745 bus
244 697 442 756 vidisset,
463 699 722 761 reteffisque
748 700 903 762 gladiis
927 703 976 748 &
995 702 1165 748 verutis
1185 701 1271 763 jam
1293 720 1404 764 pro-

122 772 336 835 pinquam
362 771 603 834 perniciem
624 790 634 818 :
657 773 853 819 externis
878 774 1042 820 mixtus
1064 777 1113 822 &
1133 775 1240 832 suis,
1267 776 1407 838 igno-

122 845 281 907 tusque
311 844 401 890 dux
427 845 557 897 effer,
582 862 637 890 an
664 844 789 891 miles
811 880 824 901 ‚
855 846 959 908 qum
994 864 1137 909 neque
1167 846 1405 894 cunfflandi

125 920 276 967 aderat
302 931 476 980 tempus
493 955 504 976 ‚
525 935 668 981 neque
689 919 880 965 ceffandi
902 955 916 976 ,
940 937 1060 982 equo
1081 922 1231 968 veloci
1257 922 1410 984 impo-

128 993 233 1040 fitus
255 1027 269 1051 ,
297 991 428 1039 cursu
458 990 598 1038 effuso
625 992 774 1039 evafit.
796 991 1042 1054 Stipatores
1071 1006 1216 1041 tamen
1250 996 1409 1056 pauci,

127 1067 235 1113 dum
266 1065 379 1128 ignis
409 1081 535 1109 more
559 1064 824 1110 inundantes
844 1065 1124 1120 conabantur
1143 1083 1316 1124 arcere,
1336 1079 1410 1115 aut

127 1137 351 1187 vulnerati
390 1136 686 1195 interierunt,
719 1148 797 1183 aut
830 1137 1106 1199 ponderibus
1142 1138 1412 1201 superruen-

125 1209 239 1256 tium
257 1208 361 1255 solis
378 1207 526 1254 affliffi
544 1225 554 1253 :
581 1206 770 1270 sellaque
791 1209 1078 1271 regaliscum'
1097 1225 1233 1256 aureo
1253 1210 1411 1272 pulvi-

128 1281 255 1338 nari,
281 1281 406 1327 nullo
428 1293 609 1328 vetante
637 1280 810 1342 direpta
838 1281 908 1326 est.
926 1283 1041 1327 Mox
1062 1295 1207 1328 autem
1229 1282 1381 1328 audito
1395 1315 1412 1341 ‚

126 1353 254 1417 quod
282 1354 337 1400 ad
365 1353 568 1400 ultimum
594 1369 720 1415 paene
739 1353 896 1399 traostus
918 1354 1105 1399 exitium
1124 1388 1134 1406 ,
1152 1355 1199 1399 in
1218 1353 1413 1416 abrupto

131 1428 262 1475 staret
306 1426 449 1473 adbuc
493 1428 741 1488 Imperator
759 1461 772 1483 ,
813 1425 1163 1487 antiquiffimum
1208 1430 1414 1478 omnium

132 1499 358 1546 exercitus
386 1510 504 1544 ratus
532 1514 632 1543 eum
654 1496 811 1558 juvare
842 1496 1083 1561 (nondum
1111 1499 1230 1545 enim
1258 1517 1415 1547 exem-

130 1585 230 1620 ium
261 1570 471 1634 pericu-dis
493 1568 760 1634 aestimavit)
785 1570 934 1617 salutis
961 1570 1069 1617 fastu
1090 1570 1303 1620 fidentior
1322 1610 1336 1634 ‚
1359 1575 1418 1622 li-

135 1658 208 1694 cet
238 1646 301 1692 ob
329 1644 666 1708 procurfionem
688 1644 877 1691 subitam
899 1644 1173 1703 semitefims,
1196 1647 1416 1696 sonorum

135 1721 187 1767 &
213 1719 419 1766 Martium
451 1717 658 1763 frendens
676 1752 688 1774 ‚
707 1716 996 1763 barbarorum
1019 1717 1137 1763 mori
1161 1714 1417 1766 obstinato*-

136 1792 455 1843 rum.catervis
477 1791 612 1838 semet
638 1790 862 1838 immersu.
892 1791 946 1836 Et
966 1791 1072 1853 quia
1091 1791 1262 1839 virtute
1287 1793 1419 1840 dede-

135 1883 217 1915 cus
248 1877 487 1930 purgatura
512 1863 669 1929 ardens
696 1863 828 1925 copia
856 1863 1112 1910 nostrorum
1138 1866 1311 1929 erupit,
1333 1866 1419 1915 iras

136 1937 185 1985 in
207 1938 378 1985 hostem
400 1937 619 2001 perfidum
643 1953 797 1998 parans
814 1972 826 1993 ,
849 1936 988 1985 obvia
1014 1954 1202 2000 quaeque
1223 1938 1419 1986 obtrun*

139 2012 269 2059 cabat
297 2011 388 2058 fine
414 2009 710 2074 parfimonia‚
744 2009 882 2055 vivos
910 2009 1182 2058 conculcans
1211 2014 1260 2060 ὅ(
1288 2012 1420 2059 semi-

140 2101 273 2132 neces
305 2102 356 2132 ac
385 2096 643 2148 peremtos:
677 2082 727 2128 &
750 2093 983 2143 antequam
1016 2084 1246 2131 exsatiaret
1284 2086 1421 2133 caedi*-

140 2158 225 2205 bus
254 2156 493 2203 barbaricis
519 2169 680 2202 manus
699 2189 713 2210 ‚
732 2154 885 2200 acervi
917 2155 1155 2218 constipati
1174 2156 1273 2203 sunt
1293 2173 1422 2204 mor-

143 2242 338 2277 tuorum.
363 2229 651 2293 Urgebantur
671 2227 789 2275 enim
812 2228 996 2274 rebelles
1018 2264 1033 2284 ,
1052 2228 1147 2274 aliis
1165 2229 1424 2286 trucidatis,

143 2301 240 2348 aliis
272 2313 444 2348 terrore
475 2299 666 2362 disjeffls
689 2315 913 2364 :quorum
934 2316 1031 2362 pars
1050 2300 1167 2362 spem
1201 2302 1306 2348 vitae
1331 2302 1425 2349 cas-⁹

144 2372 199 2419 fis
230 2374 434 2436 precibus
454 2373 709 2436 usurpando
727 2408 741 2431 ‚
769 2373 1073 2436 multiplicatis
1092 2374 1251 2420 iffibus
1278 2375 1426 2422 caede=

145 2446 305 2494 bantur
325 2463 336 2492 τ
356 2446 542 2508 postque
567 2447 739 2492 deletos
766 2462 925 2492 omnes
947 2446 992 2492 in
1013 2459 1243 2508 receptum
1262 2464 1427 2493 canen-

142 2518 262 2565 tibus
278 2517 421 2574 lituis,
438 2518 577 2564 nostri
596 2535 782 2583 quoque
807 2518 912 2566 licet
929 2519 1016 2568 rari
1031 2519 1298 2572 videbantur
1323 2535 1428 2577 exao⁴

203 2595 424 2640 Ammian.
451 2594 689 2645 ,Marcellim
719 2598 765 2644 V
763 2596 817 2645 Ol,
837 2595 876 2642 l,
1173 2592 1219 2636 Ο
