1626 2917
290 95 510 141 RERUM
541 93 882 140 GESTARUM
919 93 1023 140 LIB.
1059 93 1216 140 XXV.
1340 97 1394 141 61

114 215 186 261 te;
206 220 306 251 curn
333 202 530 250 oblatam
547 202 586 249 ei
608 205 828 249 coronam
854 201 1131 265 aliquamdiu
1161 201 1367 251 recusans
1384 240 1399 261 ,

118 278 299 325 coadius
323 276 520 341 denique
547 276 822 338 suscepisset,
844 267 1054 323 Silvanus
1082 275 1262 338 quidam
1296 295 1405 325 cau·

116 351 260 398 sarum
295 350 502 398 defensor
527 350 830 398 confidentius
864 351 1155 398 exclamavit‘.
1188 355 1290 410 Ita,
1332 352 1403 398 in-

115 424 251 488 quit,
272 427 501 485 Imperator
527 444 554 470 a
579 427 814 475 civitatibus
851 425 1022 488 residuis
1044 427 1259 471 coroneris.
1291 427 1404 486 Quo
1459 419 1463 424 Α

116 498 263 544 verbo
293 498 602 561 exasperatus,
622 500 737 546 intra
766 499 960 545 triduum
991 515 1148 545 omnes
1176 497 1294 560 juffit
1322 517 1404 546 ex-

115 571 272 619 cedere
307 571 536 619 moenibus
568 608 582 630 ‚
623 571 885 618 detestantes
926 589 1074 618 rerum
1121 571 1405 635 praesentium

114 645 288 692 statum.
310 647 541 710 Appofitis
561 647 708 709 itaque
726 645 1108 708 compulsoribus,
1126 658 1318 692 mortem
1337 683 1349 702 ,
1369 646 1403 693 fi

115 719 197 783 qui
230 719 480 766 distulerint
500 720 678 783 egredi,
709 718 1052 777 minitantibus,
1096 718 1266 764 moenia
1303 735 1407 780 per-

115 792 257 838 mixta
277 791 378 839 sunt
398 793 603 839 lamentis
623 796 670 840 &
693 793 835 841 lufilu:
860 795 907 840 ὅ(
930 809 1007 855 per
1031 792 1184 838 omnia
1211 791 1407 839 civitatis

115 865 314 912 membra
335 882 425 911 una
447 881 543 912 vox
565 866 832 912 cun&orum
855 880 948 910 erat
970 864 1239 927 gementium
1257 899 1271 922 ,
1301 881 1407 911 cum

117 938 333 985 laceraret
353 938 495 986 crines
524 951 731 984 matrona
755 937 880 984 exsul
900 937 1093 1000 fuganda
1123 937 1289 984 laribus
1308 974 1321 994 ‚
1359 939 1407 983 in

119 1011 285 1073 quibus
317 1025 419 1056 nata
449 1023 540 1057 erat
565 1012 614 1057 &
648 1010 834 1056 educata
858 1027 868 1056 ε
898 1011 1146 1073 orbataque
1176 1023 1316 1056 mater
1352 1011 1407 1057 li·

117 1084 263 1143 beris,
283 1083 356 1131 vel
386 1084 582 1148 conjuge
602 1084 786 1131 viduata
803 1119 815 1139 ,
838 1084 1003 1147 procul
1035 1085 1090 1130 ab
1117 1100 1276 1131 eorum
1314 1103 1408 1132 ma-

115 1156 248 1206 nibus
283 1157 553 1220 pelleretur:
575 1159 623 1204 &
644 1158 775 1203 turba
804 1156 965 1202 flebilis
1000 1156 1150 1219 postes
1178 1159 1407 1220 penatium

116 1231 318 1292 amplexa
349 1230 428 1276 vel
463 1230 616 1277 limina
642 1229 912 1277 lacrimabat.
951 1230 1068 1275 Exin
1101 1231 1240 1277 variae
1277 1249 1409 1278 com-

117 1301 298 1364 plentur
337 1301 425 1349 viae
448 1337 462 1360 ,
501 1319 590 1364 qua
626 1301 815 1365 quisque
858 1313 1034 1363 poterat
1056 1337 1069 1359 ,
1099 1301 1408 1353 dilabentium.

118 1377 413 1439 Properando
450 1376 569 1423 enim
596 1377 727 1423 multi
758 1376 1020 1423 furabantur
1045 1393 1155 1438 opes
1177 1378 1380 1440 proprias
1396 1416 1410 1438 ,

121 1467 233 1515 quas
271 1451 379 1496 vehi
410 1450 534 1512 poss'e
572 1451 846 1508 credebant,
880 1462 1108 1496 contemta
1136 1450 1305 1513 reliqua
1339 1452 1409 1499 su-

57 1561 60 1573 .
121 1523 331 1587 pelleffili
353 1522 544 1586 pretiosa
564 1526 612 1570 &
642 1523 811 1570 multa:
833 1524 949 1570 hanc
975 1522 1095 1569 enim
1128 1523 1409 1587 reliquerunt

119 1596 306 1658 penuria
333 1595 656 1657 jumentorum.
684 1598 756 1643 Tu
777 1595 867 1642 hoc
896 1596 1030 1653 loco,
1052 1598 1248 1643 Fortuna
1284 1599 1410 1645 orbis

119 1668 316 1715 Romani
337 1704 349 1726 ‚
365 1668 530 1715 merito
555 1667 768 1715 incusaris
785 1704 798 1725 ,
818 1686 918 1731 quae
938 1669 1211 1717 difflantibus
1232 1673 1410 1734 procel-

121 1743 189 1790 lis.
217 1742 543 1805 rempublicam
575 1743 752 1789 excuffa
783 1743 1027 1806 regimenta
1056 1744 1204 1806 perito
1236 1746 1300 1792 rei
1330 1764 1409 1809 ge-

121 1816 273 1862 rendae
300 1816 475 1862 (ὶιιὲὶοπὶ
495 1852 509 1873 ,
551 1815 912 1862 consummando
948 1815 1109 1879 juveni
1139 1819 1408 1878 porrexisti:

121 1907 258 1953 quem
293 1890 425 1937 nullis
450 1890 662 1936 antea&ae
684 1889 794 1935 vitae
815 1889 1059 1953 infignibus
1093 1889 1138 1936 in
1174 1891 1410 1953 hujusmo-

124 1965 171 2010 di
192 1965 385 2027 negotiis
407 1965 643 2029 cognitum
668 2000 681 2022 ‚
706 1981 789 2011 nec
820 1965 1068 2027 vituperari
1102 1966 1164 2013 est
1198 1984 1373 2029 aequum
1394 2005 1408 2027 ,

126 2054 212 2084 nec
241 2038 422 2086 laudari.
448 2039 560 2084 lllud
589 2054 738 2084 tamen
761 2038 813 2084 ad
841 2038 1054 2084 medullas
1089 2039 1225 2102 usque
1255 2040 1409 2087 bono-

127 2124 226 2154 rum
248 2110 483 2173 pervenit:
507 2110 668 2172 quod,
682 2109 785 2154 dum
815 2108 1065 2155 extimescit
1097 2128 1208 2156 aemu
1199 2111 1306 2157 lum
1329 2128 1410 2174 po·

126 2179 324 2236 testatis,
348 2181 573 2244 dumque
564 2199 610 2226 m
632 2182 784 2227 animo
806 2198 884 2243 per
906 2181 1073 2228 Gallias
1100 2185 1149 2230 &
1175 2183 1408 2247 Illyricum

129 2252 303 2309 versat,
322 2253 534 2316 quosdam
557 2253 666 2315 saepe
688 2253 946 2299 sublimiora
968 2254 1218 2316 coeptaffe,
1243 2253 1408 2301 famam

129 2326 352 2374 adventus
382 2327 443 2373 sui
480 2327 732 2390 praevenire
771 2325 1003 2383 festinans,
1044 2327 1276 2390 indignum
1321 2329 1408 2374 im-

130 2399 260 2462 perio
290 2397 459 2448 facinus
496 2400 658 2450 amictu
686 2398 872 2464 perjurii
909 2363 1105 2465 fugiendi
1147 2400 1402 2460 commifit,
