1626 2917
180 209 265 257 168
391 208 727 256 AMMIANI
775 205 1251 255 MARCELLINI

173 315 421 363 notiffimus
455 328 616 371 terras,
651 314 865 362 aviditate
892 315 1170 377 quorundam
1206 329 1344 361 nexus
1375 313 1448 359 ina

171 389 378 453 gentibus
407 387 579 434 damnis
595 423 607 443 ‚
637 403 737 434 cum
760 386 979 449 jurgando
1001 403 1157 435 contra
1179 398 1382 450 potentes
1405 386 1450 434 se

174 461 313 523 magis
331 459 557 523 magisque
576 458 787 519 injustitia
811 459 952 524 frangi
970 461 1346 523 contemplaretur
1360 495 1372 516 ,
1393 459 1453 506 ad

172 532 454 581 deferendam
483 532 739 593 potioribus
758 533 969 595 gratiam,
988 533 1066 595 qui
1097 532 1344 595 speflabant
1370 548 1449 577 ne-

172 605 374 666 gotium,
394 604 644 658 inclinatis;
670 620 725 650 ne
753 618 910 652 contra
940 605 1142 652 acumina
1173 603 1450 661 calcitraret,

172 676 300 723 flexit
319 677 361 724 se
386 678 432 723 in
462 677 693 724 blanditias
714 678 974 724 molliores:
1001 678 1308 742 confessusque
1328 677 1451 724 debi-

172 761 293 807 tum,
325 767 405 813 per
427 751 623 797 colludia
643 752 689 797 in
711 767 880 797 nomen
907 750 999 799 fisci
1020 752 1278 798 translatum
1296 787 1309 809 ,
1337 750 1453 811 jam-

174 839 262 885 que
282 822 465 871 aufurus
497 823 706 870 immania
721 860 734 882 ,
755 824 994 871 rimabatur
1015 826 1167 873 tectius
1196 825 1454 888 reipublicae

174 897 374 944 membra
393 899 531 946 totius
550 915 560 943 :
582 900 631 946 &
661 898 885 962 utriusque
914 901 1078 963 linguae
1107 900 1253 946 literas
1287 898 1457 950 sciens,

174 970 291 1018 circa
317 972 555 1020 ratiocinia
576 971 832 1019 versabatur
847 1009 861 1032 2
878 974 957 1037 qui
981 976 1053 1022 vel
1074 991 1260 1036 quarum
1287 971 1453 1019 virium

174 1041 338 1088 milites
358 1042 435 1087 ubi
451 1053 607 1103 agant,
627 1042 702 1088 vel
722 1042 979 1104 procinClus
996 1056 1201 1106 tempore
1220 1059 1334 1105 quos
1352 1054 1456 1088 tue-

174 1126 331 1160 rentur
347 1114 596 1162 defcribens
613 1132 623 1161 :
641 1115 792 1161 itidem
812 1133 1036 1163 armorum
1057 1120 1105 1164 &
1125 1127 1458 1164 commeatuum

175 1187 323 1248 copiae
338 1223 351 1244 ,
372 1187 543 1249 aliaque
573 1187 670 1233 usui
692 1189 812 1235 bello
833 1189 982 1236 futura
1006 1207 1061 1237 an
1088 1190 1262 1237 abunde
1296 1190 1456 1251 suppe-

175 1270 297 1315 tant,
318 1256 523 1304 indefeffa
547 1257 777 1306 scitatione
796 1273 1079 1321 percontans.
1111 1263 1165 1307 Et
1186 1277 1288 1306 cum
1315 1259 1457 1306 totius

177 1329 382 1375 Orientis
419 1329 633 1376 didiciffet
672 1330 875 1388 interna,
915 1332 1120 1379 virorum
1165 1332 1458 1394 stipendiique-

175 1413 302 1463 parte
329 1401 521 1448 maxima
540 1418 618 1464 per
638 1402 869 1465 Illyricum
899 1403 1156 1459 distributa,
1178 1404 1254 1449 ubi
1281 1403 1460 1450 distine-

175 1475 309 1521 batur
341 1491 398 1520 ex
431 1474 622 1536 negotiis
657 1474 777 1521 feriis
813 1477 1090 1537 Imperator:
1119 1474 1339 1538 allapsuro
1369 1474 1459 1535 jam

176 1544 428 1608 praestituto
459 1545 530 1592 die
560 1545 791 1593 solvendae
815 1547 1046 1609 pecuniae,
1071 1564 1203 1610 quam
1237 1563 1316 1609 per
1346 1547 1459 1610 syn·⁴

178 1615 392 1679 grapham
412 1615 571 1662 debere
588 1615 629 1663 se
655 1616 863 1664 confiteri
886 1618 932 1663 vi
960 1632 1169 1681 metuque
1197 1617 1458 1681 compulsus

180 1688 269 1747 est,
293 1705 396 1735 cum
419 1688 628 1736 omnibus
657 1689 700 1736 s'e
728 1690 1001 1754 prospiceret
1025 1692 1222 1754 undique
1249 1690 1459 1754 periculis

181 1761 527 1824 opptimendum
544 1798 559 1820 ‚
575 1762 865 1826 largitionum
886 1762 1067 1810 Comite
1087 1765 1142 1810 ad
1167 1764 1346 1810 alterius
1364 1780 1461 1827 gra·-

180 1835 290 1881 tiam
308 1834 505 1882 infestius
523 1849 812 1900 perurgente,
833 1837 979 1901 fugam
997 1836 1212 1885 adPersas
1230 1855 1331 1884 cum
1351 1852 1461 1883 con-

183 1905 319 1970 juge,
349 1907 521 1967 liberis,
552 1909 602 1956 &
635 1909 762 1956 omni
795 1909 986 1956 vinculo
1022 1910 1255 1956 caritatum
1289 1907 1462 1972 ingenti

185 1980 422 2027 molimine
451 1982 713 2028 conabatur.
742 1982 887 2044 Atque
919 1993 968 2027 ut
997 1980 1152 2027 lateret
1176 1979 1461 2026 stationarios

186 2052 348 2099 milites
368 2089 382 2111 ‚
414 2053 603 2100 fundum
635 2054 682 2100 in
720 2053 956 2118 Hiaspide,
993 2052 1071 2116 qui
1108 2052 1236 2099 locus
1266 2051 1464 2114 Tigridis

185 2125 366 2173 fluentis
387 2127 561 2173 alluitur
575 2163 588 2185 ,
607 2127 752 2190 pretio
772 2143 866 2173 non
887 2142 1049 2189 magno
1072 2137 1309 2173 mercatur.
1341 2125 1462 2170 Hoc-

186 2217 275 2263 que
298 2214 559 2248 commento
580 2218 683 2248 curn
704 2193 850 2248 nullus
874 2199 1046 2248 causam
1071 2198 1283 2247 veniendi
1307 2197 1359 2243 ad
1383 2213 1465 2242 ex-

187 2283 350 2318 tremas
368 2272 563 2318 Romani
584 2271 736 2319 limitis
756 2283 923 2335 partes,
947 2271 1033 2334 jam
1053 2269 1338 2332 poffefl'orem
1362 2284 1466 2317 cum

187 2344 392 2409 plurimis
423 2345 601 2390 auderet
634 2345 829 2408 exigere,
850 2360 929 2408 per
953 2342 1189 2389 familiares
1211 2340 1326 2388 fidos
1347 2339 1467 2403 peri-

187 2418 346 2481 {osque
371 2418 506 2464 nandi
532 2419 723 2465 occultis
749 2419 860 2482 saepe
888 2417 1131 2480 colloquiis
1161 2433 1260 2462 cum
1281 2412 1469 2461 Tamsa-

181 2506 295 2557 pore
315 2490 499 2550 habitis,
521 2490 597 2555 qui
623 2491 784 2542 tractus
815 2505 971 2538 omnes
992 2488 1205 2536 adversos
1233 2487 1356 2536 (lucis
1381 2501 1467 2550 per-2
