1626 2917
173 113 266 161 262
372 109 1268 157 AMMIANIMARCELLINI

175 217 449 266 Pannonicis
479 218 529 264 &
556 213 863 277 Transalpinis
901 213 1077 261 auxiliis
1117 216 1469 273 adventantem}

175 310 309 356 quem
352 291 492 353 petitu
537 290 741 337 Valentis
780 289 1024 336 Gratianus
1061 288 1125 336 ire
1162 289 1377 352 disposuit
1418 289 1466 336 in

177 366 490 429 procin&um‚
516 363 710 410 laturum
734 362 954 424 suppetias
985 360 1062 419 iis,
1078 361 1156 423 qui
1178 362 1231 408 ad
1259 362 1468 409 ultimum

177 439 464 484 vexabantur
484 435 688 483 exitium.
714 436 815 482 Post
836 451 968 498 quem
991 435 1285 481 Richomeres
1308 434 1469 480 dome-³

176 511 394 558 sticorum
423 524 534 556 tunc
562 511 755 563 Comes,
785 508 1003 570 imperatu
1033 505 1226 569 ejusdem
1259 506 1468 554 Gratiani

177 602 330 634 motus
364 604 387 633 e
418 585 607 643 Galliis,
643 583 909 648 properavit
944 583 996 629 ad
1033 582 1249 630 Thracias
1285 582 1470 628 ductans

181 660 393 706 cohortes
415 660 585 721 aliquas
608 658 795 704 nomine
815 669 969 703 tenus:
991 674 1178 719 quarum
1206 672 1303 718 pars
1324 655 1470 717 plera-

179 750 267 795 que
297 733 571 791 deseruerat,
599 745 647 779 ut
684 731 900 791 ja&avere
940 731 1119 794 quidam
1138 767 1151 788 ,
1180 728 1470 776 Merobaudis

180 806 326 862 suasu,
347 807 504 864 veriti,
529 824 583 853 ne
607 805 823 852 destitutae
841 804 1126 852 adminiculis
1146 804 1306 851 Galliae
1325 803 1471 849 vasta-

180 893 336 925 rentur
362 879 548 925 licenter
579 879 745 926 Rheno
781 891 1017 940 perrupto.
1051 879 1222 924 Verum
1254 876 1471 923 articulo-

181 969 279 1001 rum
310 953 472 999 dolore
489 953 718 1017 Frigerido
740 952 990 1014 praepedito
1007 988 1020 1010 ‚
1042 951 1116 997 vel
1143 964 1289 1009 certe,
1309 963 1359 996 ut
1385 949 1472 996 ob-

181 1026 443 1078 treEiatores
470 1024 640 1072 finxere
663 1025 900 1082 malevoli,
928 1025 1138 1070 morbum
1162 1022 1394 1079 causante,
1416 1037 1473 1067 ne

181 1095 464 1144 ferventibus
495 1097 671 1160 proeliis
693 1097 915 1144 interefl'et
937 1098 1207 1144 :universos
1232 1113 1387 1160 regens
1411 1110 1471 1141 ex

181 1171 418 1218 communi
448 1171 661 1218 sententia
688 1171 987 1218 Richomeres
1006 1170 1254 1217 Profuturo
1277 1168 1468 1215 sociatur

178 1244 231 1290 &
264 1243 495 1303 Traiano,
527 1243 813 1289 tendentibus
843 1259 986 1305 prope
1021 1243 1242 1305 oppidum
1271 1242 1434 1288 Salices
1454 1255 1471 1287 ε

178 1316 299 1363 unde
327 1316 446 1361 haud
479 1315 622 1378 longo
656 1314 799 1375 spatio
833 1314 1079 1377 separatum
1108 1315 1270 1377 vulgus
1303 1312 1472 1380 inaesti-

179 1389 343 1437 mabile
367 1389 658 1435 barbarorum
676 1423 691 1445 ,
709 1387 761 1432 ad
783 1387 907 1434 orbis
935 1388 1121 1434 rotundi
1148 1387 1334 1451 figuram
1353 1386 1475 1434 mul-

177 1461 373 1509 titudine
406 1460 570 1524 digesta
602 1459 924 1523 plaustrorum,
959 1472 1171 1523 tanquam
1201 1461 1473 1508 intramura-

177 1534 249 1581 nis
288 1535 544 1582 cohibitum
581 1533 760 1596 spatiis,
796 1533 896 1579 otio
933 1532 1160 1580 fruebatur
1192 1534 1241 1581 δι
1273 1534 1473 1581 ubertate

179 1607 448 1669 praedarum.
475 1605 649 1651 Praevia
668 1604 803 1668 igitur
824 1605 896 1667 spe
916 1605 1154 1652 meliorum
1175 1605 1371 1653 Romani
1392 1607 1472 1654 du-

177 1694 279 1736 ces,
300 1678 329 1724 fi
349 1678 444 1724 fors
465 1678 645 1741 copiam
670 1677 905 1733 attulisset,
923 1677 1072 1723 ausuri
1100 1679 1271 1743 aliquid
1299 1679 1473 1743 glorio-

178 1752 305 1811 sum,
325 1754 511 1800 Gothos
537 1751 756 1816 quidquid
787 1753 1056 1799 molirentur
1083 1753 1295 1816 sagaciter
1315 1752 1472 1800 obser·-

178 1825 376 1871 vabant:
406 1823 450 1870 id
472 1823 642 1872 scilicet
667 1823 1004 1887 praestruentes,
1022 1837 1071 1870 ut
1096 1825 1125 1870 si
1156 1823 1367 1871 aliorsum
1393 1835 1473 1870 cao·

178 1898 263 1945 stra
284 1897 554 1953 movissent,
580 1898 705 1961 quod
725 1897 870 1946 fecere
893 1898 1163 1945 creberrime
1177 1934 1191 1956 ‚
1210 1910 1331 1961 terga
1358 1897 1470 1944 ulti·-

178 1988 358 2018 morum
379 1969 525 2016 adorti
547 1969 697 2033 plures
723 1970 1014 2033 perfoderent
1038 1969 1192 2018 confisi
1208 2005 1221 2028 ,
1239 1980 1473 2031 magnam-T

176 2059 266 2106 que
300 2042 549 2103 spoliorum
588 2056 841 2090 averterent
881 2057 1066 2106 partem.
1106 2044 1208 2088 Hoc
1239 2041 1469 2088 intellekio

175 2115 351 2171 hostes,
384 2115 459 2161 vel
495 2117 823 2180 transfugarum
855 2115 1031 2164 indiciis
1063 2115 1206 2173 docti,
1240 2132 1318 2177 per
1348 2131 1467 2179 quos

177 2187 291 2235 nihil
316 2187 477 2233 latebat
505 2187 785 2250 incognitum
803 2222 814 2242 ‚
839 2187 884 2234 in
915 2188 1074 2234 eodem
1103 2187 1211 2233 loco
1239 2188 1314 2233 diu
1339 2200 1469 2234 mand

177 2260 357 2308 serunt:
380 2259 450 2305 sed
472 2259 669 2322 oppositi
690 2259 916 2306 exercitus
937 2273 1055 2306 metu
1080 2260 1330 2321 praestriffi,
1352 2262 1468 2306 alio··

177 2349 367 2396 rumque
381 2333 588 2391 militum,
607 2350 725 2396 quos
748 2333 925 2379 affluere
943 2331 1031 2394 jam
1051 2332 1300 2394 sperabant:
1314 2332 1467 2380 tessera

177 2405 280 2453 data
319 2405 499 2472 gentili,
536 2423 617 2471 per
653 2406 831 2456 diversa
870 2422 1013 2472 prope
1046 2404 1220 2454 diffusas
1257 2404 1468 2456 accivere
