1626 2917
249 142 469 197 RERUM
504 148 837 197 GESTARUM
871 149 975 196 LIB.
1012 148 1221 196 XXVIII.
1297 151 1378 212 163

114 261 217 307 men
254 257 514 307 consulendi
549 274 699 307 moras
738 257 1116 322 exspec‘iandi'que*
1141 255 1388 320 responsa‚'

115 331 368 380 Austuriani
396 332 590 380 successu
623 331 803 397 gemino
836 331 1103 390 insolentes,
1131 343 1180 378 ut
1208 347 1386 394 rapaces

115 405 238 452 alites
261 404 533 452 advolarunt
552 404 831 452 irritamento
855 404 1077 468 sanguinis
1102 404 1296 452 atrocius
1316 403 1388 450 ef-

115 476 263 524 feratae
294 495 306 525 ε
334 478 616 541 ¹cunetisquffi
654 477 733 525 nist
769 493 884 540 quos
921 477 1023 540 fuga
1058 475 1386 523 discriminibus

111 549 352 609 eximeret,
383 550 628 597 interemtis
643 578 664 610 ‚v
677 551 879 613 praedas,
906 565 1014 613 quas
1055 550 1239 596 antehac
1279 548 1387 594 reli-
1433 571 1436 573 >

112 635 299 685 querant
315 659 328 683 ‚
363 635 637 682 avexerunt,
657 622 887 670 arboribus
919 621 1100 669 exseffis
1125 624 1173 670 &
1200 621 1385 669 vitibuS.

114 696 247 744 Tunc
279 696 488 762 Mychon
523 696 703 760 quidam
737 696 903 742 nobilis
937 695 1189 758 oppidanus
1216 696 1266 743 δε
1299 710 1390 757 po-

113 781 240 829 tenS,
279 783 429 833 captus
467 770 515 817 in
557 770 839 828 suburbano,
873 768 1102 832 lapsusque
1146 779 1386 831 antequam

111 839 360 888 vinciretur
374 877 388 899 ‚
408 841 514 904 quia
539 841 726 903 pedibus
746 857 860 905 aeger
886 840 1075 887 evadere
1103 839 1279 902 penitus
1299 855 1385 885 ve-

113 913 305 973 tabatur,
337 915 383 960 in
410 926 599 977 ,puteum
637 913 764 977 aquis
803 931 994 960 vacuum
1031 914 1116 960 sese
1156 912 1388 975 conjecit:

116 986 233 1032 unde
250 1021 264 1044 ,
285 985 406 1033 costa
423 985 619 1032 diffraEla
633 1021 646 1044 ‚
667 987 840 1032 levatus
859 1003 883 1032 a
902 986 1098 1033 barbaris
1111 1022 1124 1043 ‚
1143 983 1390 1046 duEtusque

113 1075 255 1122 prope
286 1071 466 1121 portas,
493 1057 700 1121 conjugis
728 1058 1011 1104 miseratione
1040 1059 1262 1104 redemtus
1294 1055 1387 1112 est,

112 1133 163 1178 &
191 1131 245 1177 ad
265 1131 422 1193 pinnas
455 1130 568 1177 muri
598 1130 703 1177 fitne
729 1129 948 1186 sublatus,
979 1128 1077 1192 post
1105 1129 1291 1176 biduum
1317 1129 1389 1175 in-

111 1203 243 1251 teriit.
287 1204 419 1251 Unde
453 1203 556 1250 elati
583 1202 631 1249 in
660 1201 949 1265 pertinaciam
981 1201 1198 1249 saeviffimi
1228 1201 1387 1264 grassa-

111 1289 233 1323 tores
273 1276 365 1339 ipsa
411 1276 643 1339 pulsavere
690 1276 859 1322 moenia
902 1275 1161 1337 Leptitana,
1204 1274 1388 1321 funestis
1427 1296 1429 1298 ·

109 1349 399 1412 plangoribus
430 1347 680 1394 resonantia
705 1345 967 1393 feminarum
985 1382 1000 1403 ,
1023 1362 1133 1409 quas
1154 1362 1386 1408 nunquam

112 1433 240 1468 antea
277 1421 497 1467 hostiliter
533 1419 698 1466 clausas
734 1434 883 1482 pavor
917 1418 1198 1464 exanimabat
1229 1416 1387 1464 insoli-

114 1507 181 1540 tus
203 1512 213 1541 ε
233 1482 488 1557 obsessaque
503 1494 618 1545 ‘urbe
638 1508 717 1554 per
745 1492 851 1538 octo
881 1490 1123 1538 continuos
1143 1490 1235 1537 dies
1251 1526 1264 1548 ,
1283 1507 1387 1538 cum

113 1565 291 1627 quidam
326 1576 661 1628 oppugnatores
694 1563 785 1610 fine
819 1562 915 1609 ullo
950 1562 1287 1610 vulnerarentur
1317 1561 1388 1608 ef-

114 1636 258 1696 feetu,
288 1636 514 1683 redierunt
542 1635 595 1682 ad
626 1634 809 1697 propria
836 1633 1061 1682 tristiores.
1092 1634 1169 1680 Ob
1187 1649 1287 1696 quae
1319 1632 1391 1678 su-

115 1709 354 1775 per-salute
372 1708 496 1755 dubii
522 1709 673 1767 cives,
690 1708 936 1772 ultimaque
961 1719 1201 1763 tentantes,
1231 1704 1390 1768 profe-

114 1783 190 1830 &is
211 1796 313 1829 ante
335 1782 487 1845 legatis
514 1782 714 1829 nondum
735 1780 942 1835 reversis,
961 1780 1173 1827 Jovinum
1202 1779 1389 1825 mittunt

115 1869 246 1919 atque
277 1854 556 1902 Pancratium
574 1890 588 1913 ,
608 1872 708 1918 quae
729 1853 950 1910 viderint,
971 1870 1069 1916 quae
1088 1853 1172 1915 ipsi
1201 1851 1387 1915 perpeffi

115 1928 223 1986 fint,
245 1932 558 1991 Imperatorem
589 1927 675 1974 fida
705 1927 923 1974 relatione
942 1927 1155 1974 d05luros
1175 1944 1185 1972 :
1207 1925 1287 1989 qui
1307 1927 1388 1971 Se-

115 2020 275 2051 verum
301 2004 418 2066 apud
441 2002 758 2065 Carthaginem
783 2002 1018 2049 inventum
1037 2002 1087 2048 &
1106 2000 1388 2048 Flaccianum

116 2075 364 2138 superiores
407 2074 511 2122 illos
546 2074 750 2137 legatos,
787 2074 1100 2136 percontando
1138 2073 1247 2137 quid
1281 2089 1387 2136 ege-

117 2147 240 2207 rint,
263 2162 610 2210 cognoverunt,
641 2162 719 2193 eos
746 2145 889 2193 audiri
908 2163 932 2192 a
963 2145 1139 2193 vicario
1168 2145 1305 2208 juffos
1337 2147 1388 2192 ὅ(

117 2218 298 2266 comite.
317 2220 353 2263 E
368 2217 532 2281 quibus
559 2219 748 2263 Severus
768 2217 893 2264 illico
915 2216 1045 2280 periit
1064 2230 1250 2265 vexatus
1268 2233 1388 2263 acer-

117 2289 255 2337 bitate
283 2291 547 2337 morborum
569 2308 580 2337 ε
600 2289 894 2336 nibilominus
922 2303 1067 2337 tamen
1087 2299 1390 2352 properarunt

118 2362 173 2409 ad
204 2361 466 2419 comitatum
489 2362 658 2426 magnis
684 2362 916 2410 itineribus
945 2362 1166 2410 antediffi.
1196 2360 1390 2424 Ingresso

68 2459 70 2461 ·
117 2433 219 2498 post
244 2433 338 2483 haec
365 2434 560 2483 Palladio
590 2433 815 2496 Africam,
834 2436 1064 2482 Romanus
1093 2449 1202 2497 quas
1234 2433 1295 2478 ob
1322 2447 1390 2477 res

1041 2513 1133 2572 L3
