1626 2917
1115 15 1125 33 Ι

267 134 487 180 RERUM
521 132 859 180 GESTARUM
895 132 998 178 LlB.
1036 131 1193 178 XXX.
1284 148 1376 195 219

102 241 384 288 conducebat
427 242 491 287 rei
536 241 767 288 communi
795 277 809 298 ‚
845 258 988 304 prope
1032 240 1379 305 Mogontiacum

101 314 305 361 blandius
337 332 416 360 rex
438 315 678 361 antedictus
699 315 893 371 accitur,
912 315 1130 378 proclivis
1155 314 1244 377 ipse
1263 330 1384 377 quo-

100 402 189 448 que
222 386 277 432 ad
309 388 624 449 excipiendum
656 387 833 447 foedus,
862 401 911 434 ut
932 389 1184 451 apparebat.
1219 389 1274 433 Et
1299 404 1383 431 ve-

102 457 200 517 nit,
221 458 416 505 immane
443 478 536 524 quo
567 474 830 525 quantoque
849 461 956 508 flatu
986 461 1224 517 distentus,
1244 474 1291 506 ut
1314 459 1386 506 fu-

102 543 230 577 turus
260 531 426 578 arbiter
461 532 663 595 superior
688 534 839 597 pacis:
867 535 1026 598 dieque
1050 534 1262 597 praediCto
1283 533 1385 580 col-

102 602 252 668 loquii
281 605 334 651 ad
362 606 497 668 ipsam
530 608 773 671 marginem
798 609 949 655 Rheni
978 624 1112 670 caput
1144 608 1273 655 altius
1295 607 1388 654 eri-

103 692 211 739 gens
243 676 392 737 stetit,
428 679 535 726 hinc
564 680 668 727 inde
700 680 849 727 sonitu
884 680 1113 728 scutorum
1147 681 1387 727 intonante

104 751 351 815 gentilium.
389 755 564 800 Contra
589 755 831 820 Augustus,
855 755 1040 803 ascensis
1069 756 1256 803 amnicis
1276 756 1388 801 lem-

105 824 174 871 bis
197 861 209 882 ,
235 826 380 889 septus
415 826 506 890 ipse
549 845 734 891 quoque
774 829 1062 875 multitudine
1105 828 1391 876 castrensium

107 899 318 946 ordinum
334 937 347 960 ‚
372 901 508 948 tutius
529 918 671 964 prope
690 901 805 963 ripas
824 901 998 948 acceffit
1012 937 1025 960 ‚
1049 901 1276 965 {ignorum
1297 900 1390 946 ful-

106 971 305 1034 gentium
331 973 481 1040 nitore
511 972 779 1035 conspicuus
801 992 811 1020 :
834 974 881 1021 ὃ(
900 974 1174 1021 immodestis
1197 973 1391 1036 gestibus

107 1061 421 1108 murmureque
452 1044 687 1091 barbarico
712 1045 900 1107 'tandem
935 1045 1084 1092 sedato
1103 1082 1114 1100 ‚
1146 1045 1244 1107 post
1277 1045 1393 1090 dicta

107 1119 157 1164 &
186 1117 333 1163 audita
360 1118 483 1163 ultro
511 1116 717 1180 citroque
740 1117 917 1175 versus,
940 1117 1131 1166 amicitia
1164 1117 1306 1163 media
1326 1115 1392 1162 sa-

107 1188 322 1235 cramenti
340 1187 425 1235 fide
443 1188 654 1236 firmatur.
672 1189 837 1252 Hisque
856 1189 1077 1253 perfectis,
1096 1190 1283 1236 discefiit
1304 1202 1394 1235 tur-

109 1261 265 1308 barum
295 1279 375 1309 rex
404 1262 564 1309 artifex
603 1263 823 1310 delenitus
849 1299 861 1321 ,
895 1263 1070 1310 futurus
1104 1263 1236 1309 nobis
1269 1260 1395 1308 dein-

109 1350 216 1396 ceps
246 1333 422 1383 socius:
454 1337 503 1382 &
530 1335 651 1382 dedit
680 1335 833 1397 postea
860 1335 1053 1398 adusque
1086 1334 1192 1381 vitae
1216 1346 1395 1396 tempus

110 1418 359 1453 extremum
381 1443 395 1466 ,
427 1407 670 1454 constantis
706 1408 751 1453 in
785 1407 1078 1454 concordiam
1113 1406 1249 1453 animi
1281 1404 1395 1452 faci-

113 1496 278 1525 norum
308 1480 630 1526 documentum
667 1479 978 1543 pulchrorum.
1006 1478 1140 1525 Periit
1167 1491 1314 1525 autem
1346 1478 1397 1524 in

113 1553 298 1599 Francia
335 1553 522 1616 postea:
551 1570 684 1616 quam
721 1554 824 1599 dum
861 1552 1139 1600 internecive
1180 1552 1396 1599 vastando

112 1628 365 1690 perrumpit
392 1628 600 1686 avidius,
633 1626 826 1689 oppetiit
863 1625 1158 1672 Mellobaudis
1195 1624 1397 1672 bellicost

113 1699 228 1762 regis
258 1699 425 1747 infidiis
452 1700 803 1748 circumventus.
836 1699 938 1744 Post
970 1697 1116 1744 foedus
1150 1710 1297 1745 tamen
1326 1696 1399 1743 so-

117 1773 255 1820 lemni
290 1773 379 1820 ritu
408 1774 640 1836 impletum
660 1809 674 1833 ‚
708 1773 937 1820 Treveros
971 1771 1309 1819 Valentinianus
1342 1770 1400 1818 ad

116 1844 306 1894 hib'erna
338 1847 540 1896 disceffit.
1353 1893 1358 1895 .

199 1923 274 1968 lV.
315 1921 426 1968 Haec
467 1937 546 1983 per
583 1920 752 1967 Gallias
789 1921 839 1968 &
880 1919 993 1967 latus
1032 1919 1274 1983 agebantur
1309 1920 1399 1965 Ar-

119 1993 286 2040 &oum
314 1999 372 2040 At
401 1994 447 2039 in
466 1993 574 2040 Eois
605 1994 803 2056 partibus
837 1993 929 2039 alto
954 2004 1243 2039 externorum
1268 1991 1399 2037 sssen-

119 2066 189 2112 tio
222 2065 427 2114 intestina
455 2067 672 2129 pernicies
700 2067 941 2131 augebatur
960 2083 1037 2129 per
1057 2065 1257 2112 Valentis
1286 2065 1401 2111 ami-

122 2154 202 2184 cos
223 2141 271 2186 δε
291 2139 528 2201 proximos
545 2175 559 2197 ‚
578 2139 696 2201 apud
727 2155 842 2202 quos
872 2137 1100 2184 honestate
1122 2137 1288 2183 utilitas
1307 2148 1402 2181 erat

123 2211 364 2274 antiquior.
384 2213 648 2259 Navabatur
666 2212 784 2258 enim
805 2228 942 2275 opera
963 2211 1166 2274 diligens,
1186 2223 1235 2257 ut
1256 2210 1400 2255 homo

123 2284 317 2346 rigidus,
337 2285 486 2331 audire
511 2285 694 2347 cupiens
724 2284 847 2340 lites,
869 2301 892 2329 a
913 2282 1058 2329 studio
1083 2282 1304 2344 judicandi
1328 2298 1402 2327 re-

125 2371 387 2414 vocaretur,
408 2370 553 2415 metu,
578 2375 655 2414 ne,
676 2357 736 2403 ita
756 2368 806 2403 ut
821 2355 980 2403 Juliani
1000 2355 1304 2418 temporibus,
1325 2354 1404 2398 de-

131 2429 332 2479 fensione
362 2431 622 2480 innocentia
647 2430 911 2495 respirante,
935 2429 1212 2495 frangeretur
1240 2439 1407 2491 poten-
