1626 2917
204 245 296 290 272
424 227 766 275 AMMIANI
811 227 1281 275 MARCELLINI

201 337 323 383 &ato
351 333 566 398 negotio,
587 333 861 380 Mamertino
896 345 989 380 tum
1020 334 1244 396 judicante
1273 333 1488 398 praefeEto

200 407 421 473 praetorio
438 443 451 464 ‚
474 407 717 470 Nigrinus,
740 419 791 453 ut
815 407 1056 454 acerrimus
1084 409 1189 456 belli
1224 409 1458 457 instinfitor
1473 443 1488 466 ,

202 482 381 530 exustus
411 480 472 527 est
494 480 646 527 vivus.
678 480 902 528 Romulus
927 497 1039 527 vero
1072 481 1173 543 post
1199 499 1301 529 eum
1331 483 1381 529 ὃ(
1412 483 1490 528 Sa-

202 555 374 604 bostius
398 554 607 611 curiales,
633 554 837 602 convicti
856 555 947 602 fine
972 554 1167 617 respeClu
1188 556 1376 619 periculi
1395 555 1491 601 stu-

202 629 277 676 dia
315 628 467 676 seviss‘e
511 628 833 676 discordiarum
855 661 870 684 ‚
909 629 1082 692 poenali
1122 630 1348 677 consumti
1388 630 1491 676 sunt

200 701 327 748 ferro
346 720 357 749 ε
376 701 535 748 residui
556 717 715 748 omnes
734 701 942 749 abierunt
963 701 1165 760 innoxii,
1190 719 1305 766 quos
1326 702 1371 748 in
1394 719 1494 749 cer-

201 774 422 822 taminum
442 775 609 821 rabiem
636 775 865 821 necessitas
887 787 1057 838 egerat,
1079 792 1172 821 non
1195 774 1424 821 voluntas,
1445 773 1495 819 Id

202 848 326 894 enirn
359 847 568 910 aequitate
591 846 771 910 pensata
795 846 1004 892 statuerat
1032 846 1261 910 placabilis
1295 848 1495 908 Impera-

203 932 280 966 tor
310 921 360 967 &
392 919 603 967 clemens.
636 922 695 967 Et⁴
727 920 824 966 haec
851 919 1030 982 quidem
1061 919 1212 982 postea
1235 918 1349 981 gesta
1381 917 1495 964 sunt.

203 993 402 1041 Julianus
419 1011 549 1050 vero,
573 1009 706 1057 agens
726 993 857 1040 etiam
880 1007 973 1040 tum
995 994 1114 1057 apud
1132 992 1327 1040 Naeffum
1343 1028 1357 1049 ‚
1377 991 1495 1038 curis

205 1067 446 1114 altioribus
488 1066 812 1130 stringebatur,
853 1067 991 1113 multa
1028 1067 1239 1130 utrinque
1281 1065 1495 1129 pertime-

204 1140 358 1187 scens:
377 1139 645 1186 formidabat
664 1139 802 1195 enim,
822 1156 877 1185 ne
897 1139 1150 1186 clausorum
1170 1140 1361 1186 militum
1377 1138 1497 1202 apud

207 1213 467 1279 Aquileiam
490 1214 731 1277 repentino
760 1214 917 1260 affultu
949 1213 1162 1260 obseratis
1186 1214 1398 1278 angustiis
1417 1213 1498 1259 Al·
1568 1205 1570 1207 ‚

204 1288 330 1350 pium
351 1288 592 1346 Juliarum‚
616 1288 881 1350 provincias
905 1291 953 1336 &
971 1288 1242 1336 adminicula
1266 1288 1496 1351 perderet,

206 1377 312 1423 quae
336 1360 499 1407 exinde
517 1359 716 1422 sperabat
733 1360 780 1405 in
803 1361 908 1406 dies.
929 1360 1179 1424 Itidemque
1200 1376 1309 1422 opes
1327 1359 1499 1406 Orien-

208 1433 265 1480 tis
298 1449 572 1496 magnopere
610 1432 879 1490 verebatur,
906 1433 1119 1491 audiens,
1142 1433 1382 1496 dispersum
1421 1448 1499 1494 per

210 1506 424 1553 Thracias
451 1505 640 1552 militem
661 1519 822 1552 contra
843 1505 937 1552 vim
968 1505 1157 1551 subitam
1179 1505 1272 1551 cito
1293 1505 1500 1551 coa&um

209 1582 459 1626 adventare
496 1581 744 1628 Succorum
786 1579 987 1628 confinia
1007 1616 1020 1637 ‚
1062 1580 1230 1627 comite
1265 1579 1500 1626 Marciano

210 1655 417 1701 ducente.
448 1655 534 1700 Sed
557 1667 706 1701 tamen
728 1671 926 1718 congrua
950 1655 1207 1700 instantium
1231 1652 1500 1700 sollicitudi-

212 1742 320 1771 num
346 1725 457 1771 moli
476 1725 568 1788 ipse
584 1742 770 1789 quoque
795 1727 987 1789 agitans,
1005 1725 1247 1772 efficaciter
1268 1726 1500 1789 Illyricum

212 1799 509 1847 contrahebat
535 1800 784 1847 exercitum
802 1835 816 1857 ,
842 1800 1030 1862 pulvere
1063 1799 1275 1845 coalitum
1306 1799 1498 1856 Martio,

212 1885 536 1936 promtumque
573 1872 619 1919 in
662 1873 979 1920 certaminibus
1015 1871 1233 1919 bellicoso
1267 1871 1391 1935 jungi
1427 1887 1500 1917 re-

214 1945 343 2002 El‘ori.
376 1945 473 1991 Nec
502 1944 788 2006 privatorum
812 1944 1024 1991 utilitates
1053 1944 1099 1990 in
1129 1958 1333 2004 tempore
1359 1943 1499 1989 adila-

214 2018 361 2082 granti
399 2018 673 2081 despiciens,
711 2018 896 2081 litesque
933 2018 1114 2065 audiens
1153 2017 1500 2074 controversas,

215 2091 411 2137 maxime
440 2090 778 2153 municipalium
810 2090 1050 2148 ordinum,
1070 2091 1121 2136 ad
1146 2106 1340 2151 quorum
1371 2089 1500 2137 favo·

214 2182 310 2212 rem
338 2165 628 2227 propenfior,
651 2165 811 2227 injuste
839 2165 986 2228 plures
1013 2163 1273 2210 muneribus
1307 2164 1501 2224 publicis

215 2241 492 2286 anne&ebat.
535 2240 600 2286 Ibi
633 2241 959 2304 Symmachum
992 2252 1217 2301 repertum
1261 2239 1311 2284 &
1346 2237 1501 2282 Maxi-

218 2330 340 2359 mum
356 2348 370 2369 ,
395 2312 619 2359 senatores
639 2312 911 2375 conspicuos
926 2348 938 2370 ,
957 2329 982 2358 a
1004 2311 1237 2357 nobilitate
1258 2311 1427 2373 legatos
1447 2307 1501 2355 ad

218 2384 539 2433 Constantium
559 2385 730 2441 missos,
752 2384 914 2431 exinde
933 2384 1134 2430 reversos
1156 2381 1410 2429 honorifice
1428 2383 1502 2428 vi-

219 2459 312 2506 dit:
335 2459 383 2505 &
405 2458 582 2519 potiore
599 2458 883 2519 posthabito,
902 2458 947 2504 in
970 2457 1120 2503 locum
1141 2455 1331 2501 Tertulli
1350 2454 1502 2501 Maxi-

221 2547 347 2578 mum
368 2529 467 2578 urbi
487 2529 687 2595 praefecit
705 2544 882 2578 aeternae
894 2565 911 2589 ,
930 2530 986 2576 ad
1009 2526 1162 2575 Rufini
1182 2527 1378 2577 Vulcatii
1399 2542 1502 2590 gra-
