1626 2917
168 229 253 274 ¹70
368 212 1226 259 A}.1?.11AN1MARCELL1N1

160 336 346 382 crepans
368 318 654 364 Hannibalem
671 354 683 374 ‚
703 317 822 378 posl‘e
841 335 941 364 eum
966 319 1171 376 vincere,
1195 318 1264 364 sed
1289 318 1428 364 visto-

157 391 219 437 ria
255 391 318 436 uti
351 390 540 446 nescire,
562 388 721 435 affidue
752 389 1034 451 praedicabat.
1068 391 1284 437 Educatus
1309 390 1428 436 enim

157 462 201 508 in
233 462 410 519 medio,
443 476 492 508 ut
527 480 672 508 rerum
710 463 913 508 omnium
948 481 1137 526 gnarus,
1173 463 1430 510 auditorum

157 536 309 581 nasius
342 535 498 596 vigiles
529 534 699 592 sensus,
730 535 779 581 &
815 534 987 580 aurium
1022 535 1317 582 delenimenta
1353 553 1429 582 ca-

157 622 328 670 ptantes
344 641 357 664 ,
377 622 460 653 nec
492 606 764 652 laudantium
781 639 794 661 ‚
815 605 886 652 sed
906 605 1144 654 secundum
1163 607 1433 655 Homericos

156 681 361 726 Phaeacas
394 696 493 725 cum
525 678 701 725 silentio
728 679 1063 736 admirantium,
1082 679 1167 740 jam
1192 681 1294 726 inde
1318 697 1432 743 qua-

156 751 383 813 dragesimi
400 751 504 797 anni
522 750 785 797 memoriam
805 750 1074 812 replicabat:
1093 751 1188 812 post
1208 753 1433 799 bellorum

156 825 347 872 affiduos
376 824 526 882 casus,
549 826 598 871 &
628 824 819 870 maxime
838 824 954 885 apud
976 823 1164 883 Hileiam
1196 826 1243 872 ὃ(
1272 825 1432 888 Singa-

156 915 274 955 ram,
298 897 372 943 ubi
395 898 609 945 acerrima
639 897 711 943 illa
733 897 954 943 noc'turna
981 898 1319 943 concertatione
1346 915 1433 960 pu-

156 982 339 1034 gnatum
373 970 464 1026 est,
485 970 740 1016 nostrorum
773 968 917 1030 copiis
950 968 1116 1032 ingenti
1151 969 1287 1032 strage
1323 986 1434 1016 con-

157 1042 307 1099 foffis,
327 1043 446 1104 quasi
466 1043 699 1088 dirimente
719 1040 910 1104 quodam
930 1043 1078 1087 medio
1102 1041 1243 1088 feciali
1257 1078 1270 1098 ,
1289 1041 1435 1088 Persas

156 1115 360 1161 nondum
381 1115 576 1161 Edeffam
610 1130 691 1160 nec
718 1127 878 1175 pontes
897 1115 1136 1175 Euphratis
1161 1115 1345 1178 tetigisse
1366 1114 1434 1161 vi-

157 1188 329 1235 ἂοτεεε
352 1204 465 1250 quos
487 1186 801 1249 armipotentia
818 1186 956 1233 fretos
977 1186 1321 1249 successibusque
1345 1204 1435 1232 ma-

157 1259 357 1324 gnificis,
380 1260 436 1306 ita
455 1260 646 1306 dilatasse
666 1261 871 1306 decuerat
901 1276 1014 1316 rem,
1037 1276 1092 1304 eo
1116 1260 1306 1306 maxime
1325 1272 1434 1306 tem·

156 1350 296 1398 pore,
334 1349 426 1396 quo
466 1333 688 1380 diuturnis
726 1333 945 1378 bellorum
989 1333 1190 1380 civilium
1235 1334 1433 1380 motibus

157 1404 332 1469 sanguis
361 1404 569 1467 utrinque
595 1403 791 1450 Romani
821 1403 1002 1449 roboris
1030 1403 1312 1453 fundebatur.
1354 1406 1434 1452 His

160 1496 212 1527 ac
230 1478 391 1525 talibus
420 1476 605 1524 subinde
635 1477 749 1523 inter
767 1476 917 1538 epulas
939 1475 1112 1523 sobrius
1132 1479 1335 1542 perfuga,
1355 1478 1435 1524 ubi

158 1551 214 1598 de
233 1562 445 1613 apparatu
476 1550 697 1596 bellorum
717 1551 766 1597 &
787 1548 906 1594 seriis
926 1549 1056 1596 rebus
1083 1551 1200 1612 apud
1223 1567 1302 1597 eos
1321 1553 1434 1597 Gra-

159 1623 306 1688 jorum
332 1639 459 1669 more
484 1637 692 1670 veterum
718 1621 994 1669 consultatur
1011 1659 1023 1678 ‚
1047 1640 1196 1687 regem
1227 1624 1436 1671 incende-

159 1697 235 1743 bat
266 1696 516 1754 ardentem,
537 1710 584 1743 ut
613 1696 761 1743 exaEta
781 1694 924 1741 hieme
953 1694 1094 1741 statim
1116 1712 1234 1742 arma
1253 1731 1266 1752 ‚
1298 1695 1437 1743 fretus

160 1769 356 1817 fortunae
393 1770 480 1816 suae
516 1768 851 1834 magnitudine,
880 1767 1127 1815 concitaret
1155 1787 1166 1815 ε
1196 1769 1287 1832 ipse
1321 1785 1436 1832 quo-

160 1859 250 1906 que
282 1841 327 1886 in
354 1841 504 1888 multis
532 1860 583 1890 ac
611 1839 857 1890 necessariis
882 1855 1066 1902 operam
1094 1839 1214 1886 suam
1245 1839 1435 1888 fidenter

160 1927 442 1978 promittens.

227 1991 302 2034 VI.
333 1987 424 2034 Sub
458 1986 610 2034 iisdem
645 1986 738 2034 fere
767 1987 922 2034 diebus
955 1985 1241 2044 Sabinianus,
1278 1987 1437 2050 adepta

163 2061 397 2124 repentina
419 2061 632 2123 potestate
651 2062 866 2118 sufflatus,
894 2063 943 2108 &
958 2060 1130 2107 Ciliciae
1150 2059 1436 2124 finesingres-

163 2135 264 2189 sus,
286 2134 497 2181 decessori
524 2134 601 2181 suo
627 2134 842 2197 Principis
873 2134 1018 2179 literas
1040 2133 1158 2180 dedit
1185 2135 1401 2181 hortantis
1420 2172 1436 2195 ,

162 2219 213 2254 ut
239 2207 293 2253 acl
314 2207 577 2255 comitatum
599 2207 813 2272 dignitate
842 2205 1098 2252 afficiendus
1122 2205 1349 2267 superiore
1369 2207 1437 2254 ci-

163 2280 252 2328 tius
298 2293 558 2343 properaret
591 2299 602 2328 :
640 2298 695 2327 eo
737 2279 1038 2327 neceffitatum
1083 2280 1276 2326 articulo
1298 2316 1311 2338 ,
1342 2297 1438 2344 quo

165 2352 332 2401 etiamfi
367 2354 484 2416 apud
521 2355 699 2401 Thulen
733 2365 982 2400 moraretur
1013 2353 1269 2411 Ursicinus,
1303 2353 1439 2401 acciri

165 2444 269 2475 eum
289 2427 550 2490 magnitudo
580 2445 726 2474 rerum
745 2427 919 2474 ratione
945 2426 1165 2489 probabili
1184 2426 1437 2491 flagitabat;

166 2511 325 2564 utpote
364 2499 610 2564 disciplinae
644 2500 837 2563 veteris,
866 2501 916 2551 &
945 2500 1085 2565 longo
1120 2498 1200 2549 usu
1243 2499 1443 2549 bellandi
