1626 2917
306 139 526 193 RERUM
562 147 901 195 GESTARUM
930 148 1034 196 LIB.
1065 149 1236 197 XXIX.
1327 150 1415 215 189

134 249 201 298 fio
223 249 268 298 id
297 250 495 314 petenti,
524 251 761 316 subagresti
790 253 935 300 verbo
958 252 1276 316 responderat:
1297 259 1414 313 Abi,

133 318 306 386 inquit,
328 342 459 370 comes
476 342 491 370 :
513 321 556 369 δ’
580 341 695 371 muta
715 329 750 370 ei
774 342 918 385 caput,
941 329 1011 386 qui
1024 326 1112 389 fibi
1131 330 1286 373 mutari
1306 347 1414 388 pro·

133 397 320 442 vinciam
350 398 471 457 cupit.
504 397 553 443 &
576 396 666 443 hoc
689 395 845 460 elogio
874 397 1006 458 periit
1031 397 1173 444 homo
1194 397 1379 446 disertus
1395 434 1411 458 ,

132 468 189 514 ad
216 468 396 531 potiora
421 467 629 516 festinans
647 503 663 527 ,
693 479 743 515 ut
770 469 912 515 multi.
942 469 1179 517 Claudium
1199 472 1248 518 δε
1267 472 1414 518 Sallu-

134 539 264 587 stium
294 558 349 588 ex
376 540 674 589 Iovianorum
702 557 892 587 numero
911 576 926 601 ,
946 541 1140 605 adusque
1162 542 1414 592 tribunatus

132 615 367 679 dignitates
385 616 661 680 progreffOS,
681 615 911 664 accusabat
929 616 1108 679 quidam
1131 617 1305 664 vilitate
1323 618 1412 681 ipsa

132 687 385 750 despectus,
405 689 530 752 quod
557 706 658 736 cum
687 689 921 752 imperium
945 689 1196 751 Procopius
1216 689 1414 738 affeetas-

131 759 217 817 set,
237 761 384 825 aliqua
410 778 494 824 pro
524 779 580 809 eo
611 762 753 809 locuti
785 761 883 808 sunt
911 762 1046 809 bona.
1067 764 1274 827 Cumque
1297 748 1411 810 nihil

127 835 398 897 quaestiones
432 836 677 898 reperirent
713 835 889 882 affiduae
911 853 925 892 ;
950 836 1157 883 mandare
1196 837 1412 901 magistrIS

127 907 329 969 equitum
356 909 636 955 auditoribus
657 908 888 971 Princeps,
912 921 961 955 ut
979 921 1157 972 agerent
1172 910 1411 957 Claudium

130 979 177 1025 in
219 981 419 1027 exsilium
443 1016 458 1038 ‚
491 983 541 1029 &
574 979 823 1028 Sallustium
865 982 1211 1042 pronuntiarent
1252 981 1411 1043 capitis

129 1069 275 1112 reum,
292 1053 537 1116 pollicitus,
554 1053 678 1116 quod
694 1069 794 1099 eum
811 1053 1048 1100 revocabit
1067 1055 1122 1100 ad
1141 1053 1409 1116 supplicium

125 1138 305 1187 raptum
324 1144 334 1172 ε
351 1126 529 1190 hocque
542 1126 624 1185 ita,
647 1139 696 1173 ut
711 1126 920 1173 statutum
941 1126 1026 1182 est,
1047 1122 1305 1183 observato,
1325 1145 1408 1175 nec

126 1197 351 1246 Sallustius
371 1211 516 1246 morte
535 1211 736 1246 exemtus
757 1199 844 1257 est,
870 1215 953 1246 nec
975 1199 1190 1247 Claudius
1212 1199 1290 1246 nisi
1309 1201 1410 1263 post

126 1270 322 1333 ejusdem
350 1271 655 1319 Valentiniani
684 1271 861 1319 obitum
885 1271 1215 1333 deportationis
1240 1273 1409 1319 moesti-

124 1345 190 1404 ,tia
223 1345 448 1393 liberatus.
482 1350 506 1371 ⁴*
540 1349 564 1371 ³*
600 1348 624 1370 ³*
656 1344 878 1407 longe....
914 1345 1171 1403 cusaverit,
1203 1363 1305 1392 cum
1342 1347 1408 1394 illi

126 1415 356 1479 saepiffime
376 1427 711 1481 torquerentur.
730 1416 973 1478 Replicatis
993 1416 1130 1480 igitur
1147 1417 1410 1479 quaestioni·

127 1488 210 1535 bus
248 1488 410 1547 dense,
430 1490 481 1536 &
514 1487 777 1552 quibusdam
811 1487 860 1534 vi
899 1488 1036 1535 nimia
1072 1501 1407 1539 tormentorum

125 1561 334 1610 absumtis
349 1599 362 1621 ,
383 1579 440 1610 ne
459 1561 642 1626 vestigia
667 1561 845 1625 quidem
871 1562 963 1609 ulla
983 1563 1235 1610 delatorum
1257 1581 1406 1628 reper-

126 1647 171 1682 ta
199 1635 298 1682 sunt
329 1635 580 1683 criminum.
610 1638 659 1681 In
697 1635 787 1683 hoc
817 1634 1006 1699 negotio
1039 1637 1319 1698 protectores
1349 1639 1405 1685 ad

125 1707 401 1764 exhibendas
428 1709 540 1755 miffi
573 1708 784 1771 personas
800 1743 813 1763 ,
836 1707 1020 1754 fustibus
1040 1722 1200 1770 praeter
1226 1708 1406 1758 solitum

127 1781 239 1828 caefi.
267 1781 498 1829 Horrescit
529 1781 705 1829 animus
735 1780 889 1827 omnia
917 1780 1169 1839 recensere,
1190 1782 1406 1846 simulque

127 1853 391 1901 reformidat
412 1890 426 1913 ,
451 1871 506 1901 ne
540 1871 598 1901 ex
628 1853 826 1918 professo
857 1853 1053 1915 quaefiffe
1089 1855 1326 1901 videamur
1356 1857 1405 1904 in

127 1925 238 1974 vitia
260 1927 502 1989 Principis,
522 1927 604 1973 alia
627 1925 989 1974 commodissimi.
1014 1926 1126 1973 Illud
1145 1939 1294 1974 tamen
1320 1945 1405 1976 nec

128 2001 346 2062 praeteriri
371 2001 431 2049 est
449 2019 650 2065 aequum,
669 2018 752 2049 nec
773 2001 888 2047 sileri
910 2018 921 2047 ε
943 2000 1067 2064 quod
1087 2017 1188 2049 cum
1204 2001 1308 2048 duas
1324 2003 1403 2048 ha-

127 2072 253 2120 beret
288 2074 408 2121 ursas
452 2074 591 2122 saevas
625 2074 862 2121 hominum
891 2073 1201 2132 ambestrices‚
1236 2075 1402 2123 Micam

128 2161 305 2193 auream
324 2147 700 2195 &Innocentiam
718 2165 728 2194 ε
752 2147 876 2193 cultu
906 2146 966 2194 ita
985 2147 1165 2194 curabat
1184 2146 1307 2194 eniso
1323 2183 1335 2206 ,
1355 2160 1403 2194 ut

129 2233 282 2265 earum
314 2236 474 2267 caveas
494 2237 636 2283 prope
656 2219 911 2267 cubiculum
944 2219 1067 2265 suum
1101 2219 1292 2277 locaret,
1321 2237 1401 2269 cu·

128 2292 359 2355 stodesque
387 2294 564 2341 adderet
597 2293 738 2351 fidos,
771 2293 943 2340 visuros
977 2293 1187 2350 sollicite,
1224 2310 1279 2340 ne
1307 2310 1401 2356 quo

129 2364 231 2413 casu
248 2365 437 2414 ferarum
454 2367 674 2413 deleretur
694 2364 908 2420 luctificus
934 2367 1072 2413 calor.
1095 2368 1402 2413 Innocentiam

129 2437 348 2503 denique,
367 2439 466 2503 post
482 2439 668 2500 multas,
695 2454 802 2503 quas
827 2436 919 2501 ejus
940 2439 1105 2486 laniatu
1135 2439 1398 2488 cadaverum
