1626 2917
200 226 286 286 148
385 224 724 272 AMMIANl
776 224 1276 272 MARCELLINI

192 344 340 381 tanter
379 331 572 395 amplexi
601 330 714 377 sunt.
745 330 974 394 Ingerebat
996 344 1141 379 autem
1178 331 1218 378 se
1245 331 1344 395 post
1371 331 1471 380 haec

192 408 413 456 maximus
437 422 645 452 numerus
665 417 946 452 catervarum
977 404 1302 452 confluentium
1324 405 1471 452 natio-

190 498 301 529 num
323 482 370 526 &
391 495 543 542 regum
561 514 574 536 ,
597 477 797 540 suspendi
819 495 842 523 a
864 477 1026 540 jugulis
1046 478 1129 524 suis
1149 479 1321 542 gladios
1343 478 1473 525 obse-

193 552 414 600 crantium
436 587 449 608 ,
482 551 715 615 postquam
743 551 1044 597 Araharium
1034 568 1215 614 impune
1235 568 1473 614 compere-

190 638 292 675 rant
320 624 453 672 absce
450 625 586 671 ffiffe:
622 626 670 672 &
701 624 796 686 pari
831 624 971 670 modo
1008 623 1087 686 ipsi
1119 641 1305 704 quoque
1325 624 1475 687 adepti

190 714 384 762 pacem,
406 714 538 760 quam
560 696 802 759 poscebant
827 732 839 752 ‚
876 696 1046 742 accitos
1072 712 1126 741 ex
1155 695 1322 742 intimis
1348 696 1475 759 regni

187 787 433 834 procerum
460 769 608 825 filios,
640 770 867 816 obsidatus
897 769 1014 816 sorte
1045 769 1264 831 opinione
1287 769 1474 817 celerius

190 844 454 890 obtulerunt
477 860 490 898 3
519 842 762 906 itidemque
790 843 999 906 captivos
1014 878 1027 898 ‚
1046 857 1095 889 ut
1118 843 1366 905 placuerat,
1383 860 1475 890 no-

192 916 308 963 stros
331 953 344 976 ‚
375 932 496 979 quos
523 916 642 962 haud
663 917 829 962 minori
860 916 1027 979 gemitu
1056 916 1310 979 perdidere,
1337 934 1475 979 quam

191 990 310 1038 suos.
338 989 515 1049 Quibus
547 990 768 1050 *ordinatis
799 1026 813 1047 ‚
847 990 1055 1036 translata
1087 990 1147 1036 est
1179 990 1224 1036 in
1259 992 1474 1037 Sarmatas

190 1080 295 1111 cura
317 1099 330 1121 ,
363 1063 648 1109 miseratione
678 1064 838 1126 dignos
858 1065 1010 1126 potius
1026 1100 1038 1121 ‚
1061 1081 1195 1127 quam
1223 1064 1437 1111 simultate
1461 1082 1474 1110 ε

192 1137 354 1200 quibus
373 1136 633 1183 incredibile
651 1150 870 1198 quantum
886 1136 1185 1198 prosperitatis
1205 1137 1299 1183 haec
1325 1137 1477 1182 attulit

195 1209 356 1257 causa:
385 1223 432 1256 ut
472 1226 625 1255 verum
651 1209 764 1254 illud
795 1208 1095 1265 existimetur,
1126 1209 1251 1271 quod
1281 1207 1476 1270 opinan-

192 1294 268 1330 tur
288 1281 466 1346 quidam
488 1317 503 1339 ,
533 1281 670 1327 fatum
708 1281 832 1328 vinci
868 1280 1082 1343 principis
1115 1280 1331 1342 potestate
1352 1316 1367 1336 ‚
1399 1279 1475 1327 vel

193 1354 304 1401 fieri.
337 1355 552 1399 Potentes
599 1353 709 1398 olim
751 1370 802 1399 ac
833 1352 1008 1398 nobiles
1038 1364 1163 1397 erant
1189 1350 1317 1411 liujus
1354 1352 1474 1397 indi-

194 1443 320 1490 genae
345 1424 470 1488 regni
495 1442 506 1470 ε
539 1423 613 1470 sed
651 1422 907 1484 conjuratio
929 1422 1199 1469 clandestina
1230 1421 1384 1469 servos
1404 1439 1476 1468 ar-

193 1498 337 1545 mavit
364 1498 410 1542 in
440 1496 625 1543 facinus.
656 1499 803 1559 Atque
828 1508 877 1542 ut
907 1496 1103 1542 barbaris
1126 1494 1209 1540 effe
1242 1511 1377 1540 omne
1407 1493 1477 1555 jus

193 1572 242 1619 in
269 1570 440 1619 viribus
460 1569 669 1626 assuevit,
692 1570 900 1616 vicerunt
918 1568 1129 1614 dominos
1148 1567 1315 1614 ferocia
1331 1583 1476 1629 pares,
1542 1588 1545 1590 ·

192 1643 267 1689 led
301 1657 490 1688 numero
520 1642 846 1703 praeminentes.
881 1641 1006 1700 Qui,
1027 1640 1334 1688 confundente
1355 1654 1478 1687 metu

194 1716 379 1765 consilia
399 1752 412 1772 ‚
435 1716 490 1762 acl
514 1715 772 1762 Victohalos
798 1715 1011 1762 discretos
1044 1714 1221 1777 longius
1252 1712 1474 1777 confuge·

191 1801 324 1847 runt,
342 1788 528 1852 obsequi
550 1787 858 1835 defensoribus
880 1824 894 1845 ,
918 1800 966 1834 ut
991 1788 1035 1833 in
1059 1788 1186 1833 malis
1206 1821 1218 1843 ‚
1245 1786 1473 1848 optabile,

187 1878 326 1924 quam
356 1860 522 1907 servire
554 1861 640 1906 suis
662 1861 898 1923 mancipiis
926 1859 1152 1906 arbitrati:
1183 1875 1284 1922 quae
1307 1858 1471 1919 deplo-

192 1947 364 1991 rantes,
388 1934 486 1996 post
511 1935 788 1998 impetratam
819 1935 995 1980 veniam
1021 1932 1188 1995 recepti
1222 1933 1269 1978 in
1304 1932 1435 1978 fidem
1455 1967 1471 1990 ‚

190 2008 435 2073 poscebant
463 2008 662 2070 praesidia
684 2008 903 2054 libertati:
929 2006 1119 2069 eosque,
1143 2005 1375 2069 iniquitate
1408 2005 1478 2052 rei

193 2093 423 2144 permotus
443 2115 455 2136 ,
485 2079 753 2140 inspectante
775 2079 904 2125 omni
924 2079 1121 2126 exercitu
1145 2114 1158 2135 ‚
1185 2093 1472 2126 convocatos

188 2152 418 2200 allocutus
439 2151 588 2197 verbis
618 2151 903 2198 mollioribus
934 2152 1183 2212 Imperator
1206 2185 1220 2208 ‚
1257 2150 1368 2197 nulli
1393 2150 1474 2197 nisi

190 2226 271 2274 fibi
303 2225 576 2291 ducibusque
610 2226 834 2272 Romanis
862 2241 1013 2288 parere
1058 2224 1285 2287 praecepit.
1320 2226 1472 2287 Atque

190 2312 240 2345 ut
258 2297 478 2344 restitutio
494 2298 707 2344 libertatis
722 2299 902 2345 haberet
918 2297 1142 2362 dignitatis
1160 2310 1443 2361 augmentum
1458 2331 1474 2353 ,

193 2372 356 2420 Zizaim
386 2388 533 2434 regem
565 2372 714 2418 iisdem
749 2372 976 2434 praefecit,
1000 2371 1253 2433 conspicuae
1274 2371 1472 2417 fortunae

191 2459 288 2490 tum
314 2443 552 2506 insignibus
575 2458 726 2502 aptum
751 2444 955 2506 profecto
977 2480 989 2498 ‚
1029 2457 1075 2489 ut
1102 2460 1168 2489 res
1203 2444 1358 2490 docuit
1378 2478 1393 2500 ,
1418 2445 1469 2490 ὃ(

189 2517 384 2567 fidelem:
418 2533 499 2567 nec
522 2517 744 2569 discedere
777 2517 1003 2583 quisquam
1024 2517 1125 2582 post
1149 2517 1243 2565 haec
1267 2515 1468 2581 gloriose
