1626 2917
164 131 259 178 254
357 92 1257 160 AMM1AN1M'ARCELL1N1

163 224 215 271 &
245 221 431 270 discidio
457 220 652 283 quodam
677 219 853 278 fabrili,
885 236 1005 266 mare
1027 221 1106 267 sub
1136 221 1230 267 imo
1257 215 1455 267 Athonis

163 297 278 360 pede
307 294 537 358 quaesitum
575 307 834 356 exponunt,
859 293 908 340 &
940 293 1167 339 turmatim
1200 293 1318 356 apud
1343 293 1455 340 Do-

162 367 328 415 riscum
379 366 604 414 exercitus
649 364 892 412 recenfitos
913 400 925 419 ‚
964 366 1273 414 concordante
1324 362 1455 410 omni

163 438 422 502 posteritate
439 474 452 497 ,
476 455 525 484 ut
550 437 762 485 fabulosae
796 436 897 483 sunt
917 438 1054 484 leetae.
1078 440 1194 485 Nam
1217 437 1454 501 postquam

163 511 413 558 innumerae
431 512 629 576 gentium
654 510 960 558 multitudines
987 528 1065 573 per
1083 510 1346 574 provincias
1368 509 1457 557 cir-

163 583 380 632 cumfusae
399 621 413 645 ‚
433 584 764 648 pandentesque
792 583 834 630 se
862 585 906 630 in
932 584 1066 647 spatia
1097 584 1240 645 ampla
1267 600 1457 646 campo-

164 674 266 705 rum
291 693 305 715 ,
340 658 546 721 regiones
578 674 735 704 omnes
765 659 814 706 &
845 660 1003 705 cumsta
1042 659 1287 720 opplevere
1321 673 1458 704 mon-

164 730 282 777 tium
318 729 446 794 juga,
479 729 587 777 fides
621 747 806 794 quoque
840 730 1071 779 vetustatis
1104 731 1275 778 recenti
1311 730 1458 776 docu-

164 814 324 850 mento
359 801 532 850 firmata
564 803 638 850 est.
671 806 726 850 Et
755 804 924 866 primus
960 821 1059 852 cum
1084 803 1288 851 Alavivo
1319 801 1461 850 susci-

165 875 291 938 pitur
321 875 595 939 Fritigernus
615 912 628 934 ,
649 877 811 939 quibus
839 879 890 925 &
910 878 1120 925 alimenta
1140 894 1225 940 pro
1254 889 1460 939 tempore

167 951 220 997 &
251 949 520 1013 subigendos
546 968 676 1014 agros
706 945 842 999 tribui
869 953 1079 1000 statuerat
1100 957 1361 1016 Imperator.
1380 953 1462 998 Per

115 1025 118 1027 ’
167 1023 217 1070 id
245 1034 419 1084 tempus
438 1023 580 1069 nostri
605 1024 757 1071 limitis
785 1025 981 1072 reseratis
1001 1027 1235 1083 obicibus,
1257 1039 1392 1088 atque
1411 1034 1462 1069 ut

168 1095 362 1142 AEtnaeas
381 1095 554 1142 favillas
582 1111 854 1143 armatorum
877 1099 1050 1161 agmina
1068 1097 1344 1144 diffundente
1362 1096 1463 1142 bar·

170 1169 326 1225 baria3
362 1186 465 1217 cum
499 1170 703 1218 difficiles
739 1173 1043 1218 neceffitatum
1084 1172 1261 1219 articuli
1299 1186 1459 1218 corre·

171 1244 316 1289 &ores
349 1243 416 1290 rei
457 1243 663 1290 militaris
703 1245 941 1306 poscerent
979 1246 1154 1309 aliquos
1196 1244 1463 1292 claritudine

170 1315 388 1378 gestarum
414 1332 562 1362 rerum
582 1317 836 1364 notiffimos
853 1336 864 1365 t
884 1318 1006 1382 quasi
1024 1318 1144 1367 laevo
1162 1319 1355 1383 quodam
1382 1336 1466 1365 nu·

171 1389 294 1436 mine
324 1390 548 1454 deligente
565 1422 578 1444 ‚
602 1390 648 1436 in
675 1409 815 1438 unum
839 1392 1008 1456 quaesiti
1039 1392 1328 1456 potestatibus
1351 1409 1467 1455 prae·

172 1463 297 1510 fuere
326 1463 615 1511 castrenfibus
636 1465 845 1512 homines
871 1465 1081 1514 maculosi
1103 1484 1113 1513 :
1142 1466 1302 1529 quibus
1326 1464 1466 1527 Lupi-

174 1535 303 1582 cinus
339 1535 577 1582 antistabat
614 1538 664 1583 &
705 1537 932 1585 Maximus
952 1574 965 1597 ,
997 1538 1110 1585 alter
1143 1555 1222 1602 per
1249 1537 1468 1585 Thracias

175 1610 343 1656 Comes
362 1643 374 1665 ‚
400 1608 491 1654 dux
518 1608 629 1655 alter
647 1610 861 1657 exitiosus
879 1648 896 1669 ,
924 1611 1059 1659 ambo
1088 1610 1260 1658 aemulae
1286 1610 1469 1657 temeri-

172 1682 306 1729 tatis:
333 1698 529 1745 quorum
552 1681 802 1730 insidiatrix
822 1685 1014 1732 aviditas
1034 1685 1216 1732 materia
1239 1683 1467 1730 malorum

178 1753 385 1799 omnium
416 1751 515 1801 fuit.
541 1754 656 1801 Nam
691 1754 776 1818 (ut
807 1755 893 1802 alia
921 1757 1213 1814 omittamus,
1242 1773 1342 1818 quae
1370 1772 1466 1802 me-

177 1826 365 1881 morati,
394 1826 469 1874 vel
497 1840 616 1874 certe
637 1828 878 1875 sinentibus
899 1829 1049 1875 iisdem
1079 1830 1152 1876 alii
1183 1828 1366 1891 perditis
1391 1845 1467 1874 ra·-

178 1899 382 1946 tionibus
404 1900 448 1946 in
474 1916 778 1949 commeantes
802 1903 1063 1966 peregrinos
1083 1902 1229 1949 adhuc
1247 1901 1467 1948 innoxios

179 1973 506 2039 deliquerunt)
527 1975 638 2022 illud
661 1977 835 2023 dicetur
859 1974 1020 2040 (quod
1049 1993 1131 2024 nec
1158 1974 1277 2038 apud
1298 1974 1359 2021 sui
1383 1991 1467 2037 pe·

175 2045 312 2094 riculi
340 2045 510 2108 judices
540 2047 776 2096 absolvere
806 2050 895 2096 ulla
933 2062 1108 2111 poterat
1135 2048 1307 2109 venia)
1344 2047 1468 2095 triste

178 2121 232 2167 &
264 2120 526 2168 inauditum.
555 2124 672 2170 Cum
701 2123 888 2170 traducti
921 2124 1094 2170 barbari
1130 2123 1272 2170 vicius
1310 2122 1468 2184 inopia

129 2212 136 2221 ³
179 2205 484 2251 vexarentur,
515 2207 647 2258 turpe
689 2195 1011 2243 commercium
1048 2195 1184 2242 duces
1217 2193 1467 2242 inviliffimi

180 2265 470 2329 cogitarunt·
497 2267 545 2314 ὅ(
577 2281 788 2331 quantos
805 2269 1001 2332 undique
1027 2267 1330 2345 insatiabilitas
1365 2265 1468 2313 col-

179 2337 243 2400 liq
228 2354 320 2384 ere
348 2338 500 2400 potuit
527 2355 688 2396 canes,
719 2356 802 2403 pro
834 2338 1011 2402 lingulis
1045 2315 1264 2385 dederunt
1293 2337 1467 2385 manci-

177 2410 301 2474 piis,
329 2410 443 2458 inter
483 2427 583 2476 quae
622 2409 709 2476 [&
745 2411 852 2472 filii]
884 2412 1001 2461 duffi
1043 2411 1144 2460 sunt
1179 2411 1465 2476 optimatum.
