1626 2917
251 91 470 138 RERUM
507 93 845 140 GESTARUM
875 94 978 139 LIB.
1013 93 1189 140 XXVI.
1306 94 1370 156 89

85 198 306 263 justiffi'ma
340 217 669 248 commoventem.
717 201 812 246 Hac
859 199 1076 268 sermonis
1118 199 1376 263 placiditate

90 272 257 317 molliti
290 288 471 328 omnes,
490 273 566 335 qui
599 274 759 321 acriter
782 286 1000 320 venerant
1025 274 1292 337 pugnaturi,
1317 273 1377 319 fi-

89 361 286 407 gnorum
317 347 517 408 apicibus
544 347 787 410 aquilisque
813 347 1042 393 summiffis
1075 348 1300 394 descivere
1324 348 1378 394 li·-

89 419 318 465 bentesad
340 437 439 466 eum
461 439 471 467 :
491 423 540 468 &
562 439 646 484 pro
666 421 865 469 terrifico
886 421 1065 468 fremitu
1085 457 1098 478 ‚
1115 439 1248 484 quem
1270 422 1378 468 bar-

89 489 186 536 bari
224 491 381 538 dicunt
422 494 633 540 barritum
657 531 671 552 ‚
707 507 1013 557 nuncupatum
1055 491 1380 557 Imperatorem¹

89 561 387 627 stipatumque
412 566 466 611 de
493 574 658 624 more,
691 566 1021 613 consentientes
1051 566 1098 612 in
1134 583 1273 612 unum
1306 583 1381 612 re-

91 635 320 683 duxerunt
349 638 404 683 ad
436 638 574 685 castra
593 673 606 695 ,
638 639 780 685 testati
816 656 944 686 more
975 638 1147 686 militiae
1178 640 1342 687 Jovem
1363 673 1380 697 ,

91 707 314 757 invictum
352 712 627 774 Procopium
658 711 771 759 fore.

159 778 414 833 V111.'Huic
435 787 728 849 perduellium
752 786 1035 850 prosperitati
1058 786 1207 834 laetior
1229 785 1381 833 acces-

91 856 158 904 fit.
187 856 441 906 Rumitalca
469 859 587 905 enim
615 859 819 906 tribunus
849 860 894 905 in
927 859 1183 907 societatem
1207 862 1382 906 Proco-

96 930 334 992 pianorum
365 930 523 978 ascitus
539 967 553 988 ,
575 933 623 978 δέ
647 932 841 995 suscepta
862 949 967 978 cura
997 932 1178 994 palatii,
1209 932 1382 996 digesto

96 1017 267 1050 mature
286 1004 476 1050 consilio
492 1005 809 1068 permixtoque
831 1022 931 1052 cum
950 1004 1182 1061 militibus,
1199 1004 1308 1050 mari
1323 1003 1381 1049 ad

96 1079 365 1139 Drepanum
394 1090 521 1124 antea
539 1114 552 1134 ‚
573 1095 694 1125 nunc
718 1078 1042 1141 Helenopolim
1075 1078 1203 1124 venit
1223 1113 1235 1133 ,
1252 1077 1380 1123 exin·

93 1151 240 1212 deque
284 1151 482 1199 Nicaeam
517 1151 591 1214 spe
623 1152 811 1200 celerius
849 1151 1111 1214 occupavit.
1147 1151 1215 1197 Ad
1245 1167 1379 1212 quam

91 1222 378 1268 obsidendam
411 1239 512 1269 curn
547 1222 804 1281 hujusmodi
835 1240 1089 1286 pugnarum
1119 1223 1269 1285 peritis
1289 1224 1384 1268 Va-

93 1294 302 1340 domario
321 1294 449 1340 miffo
471 1312 528 1340 ex
556 1296 668 1342 duce
689 1297 739 1342 δέ
764 1313 863 1359 rege
884 1297 1237 1343 Alamannorum
1254 1331 1266 1353 ,
1285 1297 1384 1341 Va..

95 1366 191 1418 lens
212 1366 526 1413 Nicomediam
554 1368 710 1431 pergit.
735 1370 997 1432 Exindeque
1018 1369 1265 1430 profecius,
1296 1384 1380 1429 op-

95 1439 364 1501 pugnationi
390 1440 696 1488 Chalcedonis
724 1443 896 1506 magnis
928 1443 1101 1489 viribus
1128 1441 1350 1487 insistebat
1369 1459 1384 1488 ε

96 1512 225 1573 cujus
243 1530 266 1558 e
286 1514 427 1560 muris
449 1515 613 1576 probra
628 1516 671 1561 in
687 1532 786 1562 eum
805 1515 1110 1575 jaciebantur,
1132 1517 1180 1561 &
1194 1513 1383 1573 injurio-

95 1585 138 1630 se
160 1585 520 1647 compellabatur
539 1602 589 1634 ut
605 1588 864 1648 Sabajarius.
887 1588 959 1634 Est
983 1601 1130 1634 autem
1156 1586 1296 1645 sabaia
1324 1603 1382 1632 ex

96 1658 276 1704 hordeo
311 1658 386 1704 vel
413 1658 641 1706 frumento
677 1652 723 1705 in
762 1660 986 1723 liquorem
1011 1660 1242 1706 conversis
1269 1676 1382 1721 pau-

96 1729 298 1792 pertinus
332 1728 378 1775 in
412 1730 601 1794 lllyrico
635 1745 779 1794 potus.
819 1733 963 1779 Feffus
1000 1733 1191 1794 denique
1225 1732 1382 1794 inopia

94 1818 429 1849 commeatuum
447 1839 462 1860 ‚
485 1805 535 1850 &
564 1804 867 1852 obstinatione
901 1805 1035 1851 nimia
1068 1804 1350 1853 defensorum
1369 1841 1385 1861 ,

94 1874 316 1921 discedere
346 1873 431 1935 jam
464 1876 643 1938 parabat
668 1894 678 1922 τ
710 1894 811 1923 cum
840 1876 952 1922 inter
986 1877 1082 1924 haec
1107 1877 1240 1924 clausl
1265 1877 1383 1939 apud

98 1946 298 1992 Nicaeam
320 1981 333 2003 ‚
365 1946 592 2008 patefactis
631 1947 779 1994 subito
821 1948 966 2010 portis
1006 1949 1157 2011 egreffi
1180 1984 1193 2007 ‚
1229 1947 1383 1994 muni-

97 2030 248 2067 torum
273 2039 428 2086 magna
450 2037 571 2084 parte
604 2023 819 2085 prostrata
840 2058 852 2079 ‚
885 2023 1069 2069 duetore
1090 2021 1378 2069 fidentiffimo

97 2095 349 2143 Rumitalca
393 2098 694 2159 properabant
740 2098 979 2153 ardenter,
1019 2096 1373 2143 circumventuri

97 2167 333 2214 Valentem
366 2187 390 2215 a
418 2181 545 2232 tergo
566 2205 579 2225 ‚
607 2170 809 2216 nondum
835 2187 858 2216 a
884 2169 1202 2217 Chalcedonos
1226 2169 1384 2215 subur-

99 2239 220 2285 bano
261 2240 527 2304 digreffum:
557 2244 606 2289 &
634 2242 869 2304 patrassent
903 2254 1062 2288 conata
1082 2277 1094 2298 ,
1118 2243 1165 2288 ni
1198 2256 1381 2288 rumore

99 2312 296 2372 quodam
328 2314 554 2375 praeverso
598 2314 838 2361 imminens
871 2313 1061 2360 exitium
1101 2314 1176 2360 ille
1214 2315 1382 2376 perclo-

101 2383 194 2432 &us
214 2420 230 2443 ,
263 2383 494 2433 instantem
524 2385 720 2450 vestigiis
756 2384 927 2434 hostem
958 2401 1038 2450 per
1076 2384 1382 2435 Sunonensem
