1626 2917
219 97 311 145 218
436 100 770 147 AMMIANI
815 103 1282 150 MARCELLINI

213 203 446 252 mesticum
463 242 476 263 ,
496 205 648 268 postea
668 207 894 254 notarium
915 208 1158 271 Principis,
1177 224 1350 273 raptum
1366 247 1379 268 ,
1399 227 1501 275 quae

211 276 446 340 Remigius
470 278 634 340 egerit,
658 279 732 325 vel
754 295 968 343 quantum
993 284 1238 345 acceperit,
1259 297 1308 331 ut
1327 286 1501 332 Roma-

211 349 257 395 ni
290 349 466 408 juvaret
492 352 611 397 actus
643 351 850 400 infandos
877 391 889 411 ,
913 371 991 415 per
1010 355 1300 417 quaestionem
1335 374 1502 404 cruen-

211 432 299 466 tam
327 422 646 486 interrogabat.
679 424 860 483 Quibus
889 425 962 471 ille
992 427 1208 490 cognitis,
1238 444 1339 474 cum
1370 428 1502 485 esset,

210 506 263 540 ut
293 494 452 542 dictum
476 498 560 555 est,
586 496 632 542 in
662 497 821 544 seceffu
843 535 854 553 ‚
873 499 1147 546 conscientia
1179 500 1399 546 malorum
1421 517 1501 545 ur-

208 581 340 630 gente
359 605 373 626 ,
394 570 469 616 vel
489 571 708 618 rationem
735 572 976 619 formidine
997 573 1228 636 superante
1252 573 1501 621 calumnia-

206 657 330 694 rum,
354 642 579 692 innodato
608 656 786 708 gutture
820 646 965 707 laquei
996 646 1186 692 nexibus
1218 646 1399 694 interiit.

275 717 345 761 ΙΙΙ.
376 718 544 764 Secuto
575 717 675 779 post
704 718 801 765 haec
836 736 958 764 anno
983 755 994 775 ‚
1021 719 1244 765 Gratiano
1280 719 1417 766 ascito
1450 717 1499 765 in

205 787 372 833 trabeae
406 789 664 836 societatem
697 790 880 853 Equitio
923 791 1108 838 consule
1129 827 1142 846 ,
1175 791 1498 837 Valentiniano

204 859 308 920 post
329 860 524 907 vastatos
556 862 734 923 aliquos
763 861 1041 907 Aiamanniae
1076 878 1214 924 pagos
1242 861 1498 906 munimen-

205 944 301 977 tum
329 931 567 979 aedificanti
595 950 736 995 prope
764 934 960 980 Basiliam
984 969 999 989 ,
1022 935 1147 996 quod
1176 933 1401 996 appellant
1417 932 1498 979 ac-

206 1004 322 1050 colae
353 1005 544 1061 Robur,
575 1006 765 1052 offertur
790 1006 985 1067 praefeffi
1014 1008 1175 1054 relatio
1212 1008 1382 1064 Probi,
1410 1008 1498 1054 do-

206 1075 348 1121 centis
378 1077 553 1140 Illyrici
585 1078 745 1125 clades.
776 1078 954 1137 Quibus
986 1079 1156 1134 ille‚ut
1188 1080 1496 1125 cunctatorem

206 1148 415 1194 decuerat
443 1149 599 1195 ducem
619 1185 632 1205 ‚
654 1142 961 1195 examinatius*
986 1149 1107 1196 leffis
1129 1186 1141 1204 ,
1168 1151 1384 1196 attonitus
1415 1165 1494 1196 co-

204 1221 499 1284 gitationibus
530 1221 702 1278 anxiis,
731 1223 998 1268 Paterniano
1033 1223 1214 1268 notario
1245 1222 1374 1268 miffo
1412 1238 1495 1267 ne-

205 1296 382 1358 gotium
409 1295 665 1358 scrupulosa
696 1295 900 1358 quaefivit
926 1295 1130 1358 indagine
1152 1313 1163 1341 z
1188 1311 1384 1357 moxque
1410 1311 1495 1340 ve-

205 1370 264 1416 ris
289 1387 366 1432 per
384 1387 486 1417 eum
512 1370 680 1417 nuntiis
699 1369 923 1434 gestorum
943 1370 1159 1431 acceptis,
1178 1369 1362 1415 evolare
1383 1385 1495 1430 pro-

204 1442 324 1489 tinus
357 1441 586 1490 festinabat
607 1478 621 1501 ‚
648 1442 777 1489 ausos
815 1455 1026 1488 temerare
1060 1442 1244 1488 limitem
1284 1442 1496 1488 barbaros

203 1516 357 1579 primo
387 1516 586 1581 fragore,
613 1529 662 1562 ut
694 1528 843 1562 mente
880 1528 1174 1577 conceperat,
1207 1514 1494 1577 oppressurus

205 1607 454 1637 armorum.
478 1590 599 1650 Quia
621 1589 757 1652 igitur
787 1590 978 1635 abeunte
1010 1603 1228 1636 autumno
1249 1588 1385 1634 multa
1409 1588 1494 1634 im-

204 1663 446 1725 pediebant
475 1665 526 1710 &
556 1663 739 1725 aspera,
775 1662 1089 1709 annitebantur
1124 1677 1281 1708 omnes
1313 1678 1390 1723 per
1423 1677 1494 1708 re-

203 1735 321 1798 giam
353 1737 617 1798 optimates,
644 1748 693 1781 ut
721 1734 917 1797 adusque
942 1733 1215 1796 principium
1245 1735 1363 1782 veris
1387 1750 1494 1780 ora-

204 1821 300 1855 tum
320 1826 419 1854 eum
452 1808 726 1869 pertinerent
754 1809 804 1855 &
828 1821 1064 1853 exoratum
1085 1825 1096 1854 :
1125 1807 1318 1869 primum
1339 1807 1494 1854 durata

204 1882 376 1946 pruinis
405 1882 595 1940 itinera,
627 1880 706 1928 ubi
735 1898 820 1927 nec
857 1880 1019 1927 adultae
1053 1880 1098 1926 in
1138 1880 1304 1943 pastum
1342 1881 1493 1926 herbae

204 1957 511 2020 reperirentur
531 1993 544 2014 ,
573 1973 659 2003 nec
698 1968 846 2003 cetera
881 1956 975 2002 usui
1010 1973 1211 2020 congrua
1230 1992 1243 2010 ‚
1268 1955 1491 2017 penetrari

204 2047 301 2077 non
323 2029 443 2091 poffe
461 2029 688 2076 firmantes
711 2047 722 2076 ε
748 2030 854 2075 dein
880 2029 1138 2076 vicinorum
1158 2029 1314 2076 Galliis
1336 2046 1490 2092 regum

205 2102 526 2149 immanitatem
540 2139 552 2159 ,
568 2103 853 2164 maximeque
871 2102 1075 2150 omnium
1096 2102 1312 2148 Macriani
1331 2118 1377 2148 ut
1398 2102 1492 2149 for-

205 2175 361 2224 midati
390 2188 497 2222 tunc
530 2176 886 2238 praetendentes,
914 2191 1044 2237 quem
1080 2174 1312 2220 constabat
1348 2174 1491 2237 impa-

208 2262 355 2297 catum
385 2248 584 2294 relicium
604 2285 618 2306 ,
640 2248 770 2294 etiam
803 2247 894 2310 ipsa
924 2247 1099 2292 urbium
1139 2246 1309 2291 moenia
1348 2258 1490 2293 tenta·

210 2338 375 2369 turum.
405 2323 514 2369 Haec
543 2335 872 2379 memorantes,
901 2320 1200 2384 addentesque
1233 2321 1384 2378 utilia,
1418 2338 1489 2367 re-

211 2397 380 2443 duxere
399 2411 500 2443 eum
530 2395 576 2443 in
600 2397 835 2444 meliorem
854 2394 1115 2444 sententiam
1135 2413 1147 2442 ;
1168 2394 1425 2459 statimque,
1442 2406 1492 2442 ut
