1626 2917
285 173 509 220 RERUM
544 173 881 221 GESTARUM
915 175 1018 222 LIB.
1052 175 1177 226 XIV.
1317 193 1365 226 Η.

95 291 273 344 poterat
306 280 355 327 in
382 280 529 328 solido
567 280 710 328 locari
744 282 1024 329 cunflorum.
1054 282 1150 328 Hac
1183 280 1243 328 ita
1274 297 1374 344 per-

95 354 322 413 suasione,
351 354 516 402 reduffi
541 354 655 402 intra
682 356 852 402 moenia
879 356 1143 414 bellatores,
1160 355 1376 402 obseratis

93 426 295 491 undique
321 439 552 490 portarum
581 428 800 486 aditibus,
828 430 1178 493 propugnaculis
1207 429 1376 476 infistee

93 499 204 548 bant
222 502 272 548 ὅ(
293 500 472 563 pinnis,
495 501 705 565 congesta
737 502 935 565 undique
970 501 1068 549 saxa
1096 503 1269 565 telaque
1293 504 1377 549 ha-²

94 568 250 619 Bentes
276 573 323 619 in
350 586 561 636 promtu,
582 586 630 620 ut
658 575 690 620 fi
715 575 813 638 quis
834 575 920 622 sese
943 575 1228 638 proripuisset
1257 575 1376 622 inte-2

96 643 214 701 rius,
240 644 529 692 multitudine
549 645 776 693 miflilium
799 646 1066 694 sterneretur
1094 649 1142 695 ὅ(
1165 646 1375 708 lapidum.

96 716 211 763 Illud
237 728 385 764 tamen
408 716 582 764 clausos
612 718 904 764 vehementer
923 718 1135 780 angebat,
1157 718 1282 779 quod
1301 735 1378 765 ca-

96 788 185 851 ptis
211 788 433 851 navigiis,
455 806 557 852 quae
583 788 806 836 frumenta
829 789 1051 837 vehebant
1081 806 1158 851 per
1182 788 1346 835 flumen
1361 826 1379 848 ,

97 861 232 908 Isauri
261 861 443 924 quidem
475 861 792 908 alimentorum
823 860 969 922 copiis
997 860 1265 908 affluebant:
1298 861 1379 923 ipsi

98 951 214 981 vero
236 933 465 980 solitarum
491 949 639 979 rerum
662 932 790 985 cibos
815 930 902 993 jam
927 931 1237 978 consumendo
1256 969 1268 987 ‚
1286 932 1381 978 ineu

98 1005 182 1051 diae
228 1003 574 1067 propinquantis
615 1019 833 1050 aerumnas
875 1001 1074 1048 exitiales
1121 1002 1380 1049 horrebant.

99 1078 209 1124 Haec
232 1076 309 1123 ubi
332 1075 460 1122 latius
481 1074 595 1122 fama
616 1074 862 1138 vulgasset,
887 1072 1112 1136 missaeque
1139 1073 1380 1122 relationes

98 1149 277 1196 affiduae
309 1148 491 1195 Gallum
525 1148 743 1195 Caesarem
773 1147 1129 1210 permoviffent:
1161 1147 1381 1209 quoniam

98 1222 300 1285 magister
328 1221 527 1285 equitum
558 1221 735 1284 longius
765 1237 814 1267 ea
846 1219 1101 1286 tempestate
1137 1219 1380 1265 distineba-

100 1307 201 1352 tur,
226 1293 363 1355 jussus
396 1294 565 1339 Comes
602 1293 804 1340 Orientis
837 1291 1110 1348 Nebridius‚
1141 1292 1382 1338 contraffis

101 1368 301 1432 undique
326 1367 590 1414 militaribus
617 1368 761 1430 copiis
785 1367 839 1414 ad
868 1366 1148 1413 eximendam
1176 1366 1383 1428 periculo

103 1442 335 1489 civitatem
356 1442 546 1503 amplam
566 1443 614 1488 &
636 1454 941 1503 opportunam
960 1476 972 1498 ,
995 1439 1143 1486 studio
1165 1456 1385 1504 propera-

103 1514 181 1564 bat
204 1513 372 1577 ingenti
393 1531 404 1559 :
423 1528 515 1576 quo
542 1512 730 1575 cognito
760 1512 994 1560 abscessere
1017 1513 1240 1570 latrones,
1262 1513 1385 1560 nulla

103 1602 150 1633 re
167 1586 354 1649 amplius
370 1586 651 1633 memorabili
671 1586 786 1650 gesta
798 1623 811 1646 ,
830 1586 1122 1651 dispersique,
1142 1599 1189 1634 ut
1210 1587 1385 1646 solent,

99 1659 206 1709 avia
228 1659 451 1706 montium
479 1658 646 1721 petiere
665 1659 898 1707 celsorum.

170 1735 242 1780 III.
273 1737 341 1779 Eo
370 1733 553 1785 addue'ta
585 1750 632 1781 re
653 1751 732 1796 per
762 1734 988 1791 Isauriam,
1020 1751 1121 1798 rege
1155 1733 1384 1781 Persarum

105 1805 233 1854 bellis
257 1803 457 1852 finiti'mis
486 1806 685 1870 illigato,
714 1808 1045 1871 repellenteque
1079 1825 1103 1854 a
1135 1806 1385 1854 collimitiis

106 1879 194 1927 suis
217 1879 504 1926 ferocissimas
523 1894 675 1943 gentes
691 1916 704 1938 ,
730 1897 830 1943 quae
856 1893 1003 1926 mente
1023 1879 1213 1942 quadam
1233 1879 1387 1926 versa-

105 1952 186 1999 bili
214 1951 432 1999 hossiliter
459 1968 558 2000 eum
587 1952 697 2016 saepe
726 1953 973 2007 incessunt,
1000 1955 1048 2001 ὅ(
1076 1953 1122 1999 in
1149 1969 1234 1999 nos
1263 1970 1385 2000 arma

105 2036 370 2071 moventem
403 2023 640 2088 aliquoties
670 2025 860 2084 juvant:
900 2026 1174 2072 Nohodares
1208 2025 1388 2088 quidam

108 2096 295 2144 nomine
314 2112 338 2144 e
363 2113 557 2144 numero
588 2097 883 2160 optimatum,
912 2096 1134 2144 incursare
1164 2097 1386 2160 Mesopo-

106 2168 287 2216 tamiam
305 2167 486 2231 quoties
506 2170 639 2231 copia
658 2169 827 2215 dederit
845 2169 1074 2215 ordinatus
1087 2205 1101 2226 ,
1121 2168 1388 2231 explorabat

109 2240 259 2287 nostra
301 2239 524 2301 sollicite,
559 2243 591 2288 fi
627 2241 852 2306 reperisset
889 2243 1069 2305 usquam
1112 2242 1297 2299 locum,
1337 2243 1387 2289 vi

111 2311 248 2363 subita
279 2326 581 2375 perruptums.
619 2315 675 2360 Et
707 2313 810 2377 quia
850 2313 1193 2376 Mesopotamiae
1226 2315 1388 2360 trafi’tus

54 2427 55 2430 ,
111 2402 269 2433 omnes
292 2387 453 2434 crebro
482 2386 720 2451 inquietari
747 2387 888 2446 sueti,
907 2388 1192 2450 praetenturis
1219 2390 1267 2433 &
1299 2386 1387 2432 sta-

110 2459 308 2508 tionibus
339 2459 627 2511 servabantur
652 2460 856 2525 agrariis,
887 2460 1131 2508 laevorsum
1161 2459 1281 2507 flexo
1311 2459 1390 2506 iti·
