1626 2917
241 127 303 174 34
445 109 797 157 AMMlANt
845 109 1331 156 MARCELLINI

238 217 360 283 gruis
379 253 391 273 ‚
414 218 464 263 &
491 216 688 262 satietate
706 205 886 279 quae’fita
910 215 1120 262 frumenti
1141 251 1154 273 ‚
1176 217 1290 264 ultra
1310 215 1426 278 spem
1450 232 1521 262 re-

238 291 376 339 creati
404 289 674 336 discessimus
699 308 709 336 :
731 291 779 336 ὅ(
809 287 1043 335 confestim
1061 323 1074 345 ‚
1105 289 1270 352 absque
1302 289 1395 346 his,
1424 305 1523 351 quae

239 379 414 427 tempus
445 364 550 411 vehi
575 364 773 426 permisit
789 400 800 420 ‚
821 364 991 427 reliqua
1019 363 1208 410 flammis
1239 362 1388 409 exusta
1412 363 1524 408 sunt:

238 438 454 485 Postridie
483 439 682 484 exercitu
718 437 904 484 sedatius
936 438 1234 499 procedente,
1268 450 1523 494 extremos,

237 513 317 576 qui
338 529 393 559 eo
415 512 485 558 die
507 510 624 557 forte
646 512 956 574 cogendorum
982 511 1206 574 agminum
1229 510 1378 556 officia
1401 509 1526 555 susti-

236 585 435 641 nebant,
464 601 546 631 nec
574 584 811 647 opinantes
837 583 976 630 Persae
1009 582 1186 640 adorti,
1213 582 1399 645 negotio
1433 579 1525 626 levi

238 656 586 715 interfecissent,
623 656 669 702 ni
705 658 938 719 proximus
970 655 1189 718 equitatus
1224 654 1400 711 noster,
1435 654 1526 700 hoc

236 731 367 779 ocius
389 730 615 777 intellecto
631 767 644 787 ,
663 747 741 793 per
761 731 932 793 patulas
949 731 1087 776 valles
1104 730 1188 776 late
1208 727 1405 786 diffusus,
1425 740 1526 773 tan-

236 816 327 850 tam
351 803 516 850 molem
544 802 832 860 discriminis,
854 802 1104 849 vulneratis
1121 838 1134 860 ,
1154 801 1231 865 qui
1250 800 1525 862 supervene-

237 889 361 928 rant,
381 875 618 940 repulisset.
641 878 688 921 ln
710 876 792 922 hac
815 875 977 922 cecidit
999 892 1149 938 pugna
1170 874 1337 920 Adaces
1359 870 1526 920 iiob²¹is

239 950 435 1013 satrapa,
455 950 622 1012 legatus
653 949 885 1010 quondam
919 948 972 992 ad
1003 946 1318 994 Constantium
1352 944 1526 990 Princi-

239 1038 341 1084 pem
375 1020 551 1076 miffus,
579 1035 630 1065 ac
664 1019 855 1081 benigne
891 1018 1150 1080 susceptus:
1184 1016 1310 1077 cujus
1345 1015 1525 1062 exuviis

239 1095 500 1142 interfettor
520 1093 698 1141 Juliano
727 1092 917 1149 oblatis,
940 1103 1245 1139 remuneratus
1266 1091 1352 1148 est,
1376 1103 1424 1136 ut
1445 1091 1525 1136 de-

239 1170 383 1217 cebat.
407 1168 577 1214 Eodem
603 1167 671 1231 die
693 1167 1009 1214 Tertiacorum
1030 1165 1244 1229 equestris
1271 1180 1478 1209 numerus
1501 1180 1525 1210 a

239 1241 494 1305 legionibus
523 1238 744 1286 incusatus
775 1238 859 1296 est,
891 1239 1035 1302 quod,
1059 1255 1159 1284 cum
1198 1236 1300 1298 ipsae
1330 1236 1525 1283 hostium

239 1313 444 1361 adversas
479 1312 776 1374 irrumperent
817 1310 955 1365 acies,
991 1309 1055 1354 illi
1097 1309 1307 1371 paulatim
1345 1309 1527 1370 dilapsi,

237 1386 509 1433 alacritatem
538 1401 664 1448 paene
683 1384 822 1431 totius
847 1383 1104 1429 minuissent
1123 1382 1358 1429 exercitus.
1393 1381 1527 1428 Unde

239 1462 296 1508 ad
316 1459 673 1522 indignationem
694 1458 848 1519 justam
869 1460 1116 1520 Imperator
1131 1457 1324 1510 erectus,
1340 1454 1527 1501 ademtis

239 1532 392 1596 lignis,
412 1530 629 1595 hastisque
650 1530 880 1587 diffractis,
896 1546 1054 1575 omnes
1074 1545 1172 1587 eos,
1190 1529 1267 1592 qui
1284 1527 1437 1590 fugisse
1455 1544 1527 1574 ar·

241 1607 516 1671 guebantur‚
540 1605 656 1650 inter
683 1604 1002 1666 impedimenta
1029 1605 1076 1650 ἃ
1102 1602 1290 1650 sarcinas
1311 1603 1361 1647 &
1386 1600 1529 1662 capti-

241 1696 329 1727 vos
356 1695 482 1741 agere
507 1679 590 1723 iter
611 1675 825 1739 imposuit
842 1711 854 1733 ‚
879 1675 1062 1721 ductore
1087 1691 1243 1721 eorum
1260 1709 1274 1732 ,
1304 1673 1381 1737 qui
1410 1672 1528 1721 solus

243 1753 423 1799 fortiter
447 1752 692 1798 decertarat
706 1786 720 1807 ,
742 1750 838 1796 aliae
858 1762 1018 1796 turmae
1039 1749 1271 1812 apposito,
1291 1747 1415 1807 cujus
1444 1749 1526 1794 tri-

240 1828 387 1874 bunus
415 1825 608 1887 turpiter
638 1823 850 1886 proelium
884 1822 1116 1869 deseruisse
1151 1821 1527 1869 convincebatur.

239 1899 415 1961 Abiecti
446 1899 545 1944 sunt
575 1910 721 1944 autem
757 1897 1033 1943 sacramento
1066 1894 1195 1941 etiam
1229 1894 1301 1940 alii
1334 1909 1529 1956 quatuor

241 1974 304 2019 ob
320 1972 534 2034 flagi-tium
557 1970 695 2016 simile
720 1970 1066 2015 vexillationum
1084 1968 1278 2014 tribuni:
1295 1970 1384 2015 hoc
1406 1970 1526 2015 enim

241 2045 538 2094 correffionis
581 2044 890 2090 moderamine
937 2042 1099 2089 leniori
1120 2078 1133 2100 ‚
1171 2042 1527 2103 impendentium

241 2118 602 2168 consideratione
629 2116 941 2163 difficultatum
969 2126 1211 2162 contentus
1238 2114 1299 2159 est
1328 2117 1524 2176 impera-

240 2207 330 2241 tor.
368 2191 586 2255 Progressi
622 2191 770 2252 itaque
808 2203 910 2235 LXX
952 2188 1086 2234 stadia
1121 2199 1339 2233 attenuata
1376 2204 1525 2233 rerum

242 2267 445 2315 omnium
477 2266 633 2328 copia,
667 2264 816 2310 herbis
852 2261 1170 2323 frumentisque
1203 2261 1433 2315 crematis,
1468 2277 1524 2306 ex

241 2340 432 2388 flammis
462 2340 560 2401 ipsis
592 2354 736 2401 raptas
769 2337 919 2400 fruges
957 2338 1005 2382 &
1042 2335 1225 2398 pabula,
1258 2351 1307 2381 ut
1339 2335 1524 2398 quisque

243 2416 409 2468 vehere
424 2415 600 2481 potuit,
621 2413 923 2465 conservavit.
946 2413 1048 2460 Hoc
1064 2411 1196 2459 etiam
1218 2412 1323 2458 loco
1344 2409 1523 2469 relicto,
