1626 2917
277 91 500 138 RERUM
537 87 879 137 GESTARUM
918 88 1023 133 ΜΒ.
1058 87 1232 133 XXIV.
1336 94 1397 133 ιι·

174 198 233 244 V.
260 196 498 261 Pergentes
525 195 674 258 itaque
701 194 908 257 protinus
934 195 987 241 acl
1008 194 1139 241 lucos
1158 191 1396 251 venimus,

109 268 327 332 agrosque
355 270 472 331 pube
499 269 733 315 variorum
763 267 912 313 {emin
907 285 977 313 um
993 263 1172 313 laetos:
1205 266 1283 312 ubi
1323 282 1397 311 re·

108 354 235 403 perta
259 341 378 405 regia
405 342 619 387 Romano
658 357 785 387 more
816 339 1064 398 aedificata,
1096 339 1313 403 quoniam
1349 338 1397 385 id

108 412 369 475 placuerat,
394 412 549 458 mansu
575 413 750 459 intaEta.
783 415 886 458 Erat
909 412 1039 458 etiam
1061 411 1106 458 in
1132 413 1214 458 hac
1240 412 1398 457 eadem

107 485 294 549 regione
331 499 562 532 extentum
609 486 800 549 spatium
834 488 884 533 a&
918 486 1199 542 rotundum,
1239 484 1396 530 loricae

107 558 278 605 ambitu
306 558 675 606 circumclausum
694 596 706 615 ‚
734 559 966 606 destinatas
989 558 1120 622 regiis
1144 557 1395 619 voluptati-

107 631 191 678 bus
221 634 460 680 continens
489 633 602 680 feras
620 670 632 691 ,
661 633 916 681 cervicibus
937 632 1099 693 jubaris
1121 632 1302 687 leones,
1322 648 1396 678 ar-

105 705 278 769 misque
304 705 501 768 hispidos
528 722 689 767 apros,
723 708 772 753 &
797 705 923 752 ursos
945 740 958 762 ‚
981 717 1031 750 ut
1071 703 1171 750 sunt
1200 702 1396 759 Persici,

105 780 220 827 ultra
248 797 430 827 omnem
458 781 627 826 rabiem
659 780 895 826 saevientes
915 815 929 837 ,
957 779 1009 825 &
1044 778 1128 824 alia
1165 777 1274 823 lecla
1306 776 1394 821 im-

105 854 254 902 mania
292 870 488 917 corpora
518 853 787 900 bestiarum:
821 870 930 916 quas
964 868 1145 908 omnes,
1184 849 1394 896 diffractis

106 939 337 989 portarum
365 926 573 973 obicibus
595 961 608 984 ,
641 925 812 988 equites
839 924 982 971 nostri
1014 922 1264 970 venatoriis
1297 922 1394 967 lan-

106 1000 196 1046 ceis
237 1002 286 1047 &
317 998 543 1044 miffilium
578 998 871 1044 multitudine
904 995 1226 1043 confoderunt.
1275 995 1392 1054 Quae

104 1071 205 1117 loca
227 1070 382 1134 pingui
414 1070 495 1116 fitu
515 1072 566 1118 &
586 1071 709 1118 cultu
727 1089 738 1118 z
764 1071 927 1134 quibus
947 1070 1135 1125 Coche,
1155 1083 1288 1131 quam
1312 1068 1392 1112 Se-

102 1143 290 1190 leuciam
323 1144 563 1191 nominant
587 1181 601 1202 ‚
629 1145 746 1191 haud
776 1145 956 1208 longius
999 1144 1277 1207 disparatur:
1310 1140 1392 1188 ubi

101 1216 280 1263 vallatis
297 1232 435 1279 opere
451 1217 745 1264 tumultuario
765 1217 913 1264 castris
932 1253 946 1276 ,
971 1219 1019 1264 &
1036 1215 1239 1263 exercitu
1259 1211 1390 1262 omni

100 1305 180 1350 per
210 1305 422 1351 aquarum
455 1290 503 1335 &
525 1290 677 1351 pabuli
698 1302 958 1352 opportuna
989 1288 1128 1334 biduo
1154 1297 1388 1343 recreato,

101 1360 370 1423 antegressus
395 1378 496 1407 cum
520 1362 910 1423 procursatoribus
928 1361 1136 1424 princeps
1155 1395 1168 1417 ,
1195 1362 1245 1406 &
1273 1358 1389 1410 civi-2

99 1445 235 1480 tatem
267 1434 477 1481 desertam
499 1435 762 1482 collustrans
779 1472 792 1493 ,
813 1453 836 1482 a
857 1440 982 1481 Vero
1008 1433 1214 1496 Principe
1234 1448 1389 1496 quon-

101 1503 201 1554 dam
231 1507 421 1555 excisam
440 1545 455 1566 ,
474 1508 521 1554 in
553 1527 640 1573 qua
669 1524 913 1572 perpetuus
944 1508 1048 1555 fons
1080 1507 1279 1569 stagnum
1315 1505 1389 1552 in-

99 1598 207 1644 gens
227 1580 383 1643 eje&at
403 1618 417 1640 ,
446 1582 492 1628 in
517 1582 747 1647 Tigridem
777 1583 978 1629 defluens
1004 1599 1016 1628 :
1041 1597 1238 1643 corpora
1270 1579 1390 1626 vidit

102 1654 259 1701 suffixa
292 1655 502 1718 patibulis
528 1654 667 1701 multa
699 1655 1069 1701 neceffitudinum
1101 1652 1193 1714 ejus
1211 1688 1225 1711 ,
1252 1668 1387 1715 quem

99 1727 339 1789 prodidisse
374 1728 605 1775 civitatem
640 1728 933 1774 Pirisaboram
971 1725 1204 1773 retulimus
1241 1726 1388 1789 supra,

98 1800 186 1846 Hic
208 1802 256 1847 &
273 1800 498 1847 Nabdates
520 1801 654 1849 vivus
674 1800 851 1847 exustus
870 1800 932 1846 est
946 1835 959 1856 ‚
979 1815 1111 1862 quem
1137 1801 1386 1847 extractum

98 1889 202 1919 cum
227 1886 373 1918 LXXX
394 1873 570 1920 latebris
592 1886 858 1936 expugnatae
882 1872 1021 1919 docui
1047 1872 1244 1920 civitatis
1265 1890 1276 1919 :
1296 1888 1385 1929 eo,

98 1945 224 2008 quod
257 1945 371 1993 inter
402 1937 589 1993 exordia
620 1947 782 1993 obsidii
819 1946 964 2009 coepti
997 1944 1111 1992 clam
1150 1946 1386 2009 pollicitus

97 2017 321 2079 prodere,
354 2018 590 2066 dimicavit
626 2018 872 2076 acerrime,
897 2018 1167 2081 adeptusque
1200 2017 1385 2065 veniam

96 2090 389 2152 insperatam,
423 2094 478 2140 ad
506 2094 552 2139 id
579 2106 845 2157 proruperat
873 2093 1120 2140 insolentiae
1140 2129 1154 2152 ‚
1176 2105 1228 2139 ut
1262 2093 1384 2137 Hor-

96 2163 280 2210 misdam
306 2164 519 2212 laceraret
542 2167 754 2213 omnibus
780 2166 971 2228 probris.
1000 2170 1152 2230 Itaque
1176 2165 1386 2228 aliquan-

96 2245 192 2282 tum
223 2238 437 2300 progreffi
457 2273 470 2296 ,
491 2238 604 2285 tristi
635 2238 919 2301 percellimur
945 2237 1063 2284 fafi'co
1085 2257 1098 2287 :
1128 2238 1233 2284 dum
1258 2238 1381 2283 enim

95 2320 185 2353 tres
215 2308 581 2370 procursatorum
613 2312 825 2358 cohortes
857 2312 1077 2373 expeditae
1097 2328 1201 2358 cum
1229 2326 1379 2357 cuneo

94 2381 273 2429 Persico
303 2382 612 2446 decertarent,
639 2401 773 2448 quem
801 2385 1024 2448 patefactis
1055 2384 1204 2432 subito
1233 2382 1380 2447 portis

1027 2459 1060 2503 B
1098 2472 1119 2518 3
