1626 2917
219 243 308 277 110
420 224 756 274 AMMIANI
808 223 1286 272 MARCELLINI

210 343 372 381 centor
392 366 407 388 ,
439 328 565 391 cujus
586 326 749 375 vertici
771 326 996 375 flammeus
1014 329 1189 377 torulus
1218 329 1453 392 aptabatur
1470 362 1487 387 ‚

210 405 404 452 anteibat
423 418 566 449 cornu
584 399 804 447 sinistrum
830 401 975 448 audax
993 403 1042 449 &
1063 401 1201 449 fidens
1221 401 1389 465 ingenti
1408 417 1489 448 ro·-

208 479 321 526 bore
345 477 618 523 lacertorum
634 509 648 532 ,
674 473 750 521 ubi
770 475 904 522 ardor
931 474 1086 538 proelii
1111 474 1366 538 sperabatur
1399 474 1488 522 im·

207 551 351 598 manis
367 585 379 607 ‚
404 563 527 611 equo
558 546 787 610 spumante
820 546 1083 604 sublimior,
1101 549 1269 597 ereElus
1298 549 1343 595 in
1363 548 1490 611 jacu-

209 624 304 670 lum
340 621 638 669 formidandae
677 620 890 668 vastitatis
923 657 938 680 ,
975 638 1289 686 armorumque
1337 623 1488 669 nitore

209 694 481 758 conspicuus
497 727 512 748 ‚
545 706 672 740 antea
692 693 893 741 strenuus
911 695 962 741 &
988 694 1138 753 miles,
1156 697 1206 744 ὅ(
1226 695 1346 743 utilis
1370 712 1488 758 prae-

207 782 274 816 ter
294 781 470 815 ceteros
489 766 659 814 duflor.
675 768 808 813 Latus
825 783 941 813 vero
959 766 1167 814 dextrum
1185 768 1369 830 Serapio
1388 784 1487 830 age·

207 841 284 889 bat
302 876 316 900 ‚
343 839 575 887 etiamtum
610 839 773 886 adultae
801 839 1025 903 lanuginis
1051 838 1232 901 juvenis
1249 876 1263 898 ‚
1289 841 1488 887 efficacia

209 930 486 978 praecurrens
513 925 715 970 aetatem,
744 912 993 962 Mederichi
1020 911 1166 960 fratris
1187 913 1489 960 Chnodoma-

207 987 263 1033 rii
281 986 419 1042 filius,
433 984 653 1040 hominis,
674 986 828 1048 quoad
846 985 1045 1044 vixerat,
1065 984 1362 1047 perfidiffimi3
1385 985 1489 1032 ideo

208 1060 268 1107 fic
295 1059 572 1122 appellatus,
599 1059 725 1120 quod
759 1071 883 1121 pater
917 1056 1012 1117 ejus
1046 1058 1124 1105 diu
1156 1058 1379 1105 obsidatus
1419 1059 1490 1120 pi-

209 1149 354 1198 gnore
376 1144 522 1178 tentus
549 1130 596 1176 in
615 1130 776 1176 Galliis
794 1166 809 1189 ‚
832 1129 1078 1192 doffitsque
1101 1131 1261 1177 Graeca
1282 1131 1488 1194 quaedam

208 1222 394 1261 arcana,
430 1205 550 1249 hunc
580 1201 722 1249 filium
762 1201 911 1258 suum,
943 1201 1274 1264 Agenarichum
1305 1203 1487 1266 genitali

207 1277 442 1327 vocabulo
474 1276 751 1332 dietitatum,
782 1276 834 1322 ad
861 1274 1112 1337 Serapionis
1141 1275 1360 1322 transtulit
1397 1291 1487 1321 no-

210 1368 329 1397 men.
357 1351 455 1396 Hos
484 1348 778 1411 sequebantur
799 1348 1014 1410 potestate
1035 1348 1232 1410 proximi
1261 1365 1383 1412 reges
1406 1365 1489 1394 nu-

207 1439 338 1471 mero
369 1423 568 1486 quinque
587 1457 601 1481 ,
636 1421 890 1484 regalesque
921 1422 1072 1467 decem
1093 1457 1107 1477 ,
1139 1422 1187 1468 &
1219 1423 1488 1485 optimatum

209 1496 340 1543 series
381 1511 542 1558 magna
568 1529 582 1551 ‚
636 1507 1002 1554 armatorumque
1045 1491 1186 1537 millia
1225 1493 1405 1556 triginta
1438 1494 1491 1540 &

208 1567 411 1632 quitfflue
436 1602 448 1624 ‚
488 1583 543 1612 ex
577 1565 709 1613 variis
760 1564 1017 1611 nationibus
1052 1564 1213 1627 partim
1253 1564 1488 1623 mercede,

208 1641 371 1703 partim
392 1638 519 1702 pa&o
553 1636 863 1685 vicissitudinis
898 1636 1132 1683 reddendae
1158 1636 1348 1700 quaefita.
1368 1639 1489 1684 Jam-

207 1727 299 1774 que
333 1724 518 1758 torvum
546 1708 925 1772 concrepantibus
961 1708 1116 1765 tubis,
1158 1711 1353 1756 Severus
1393 1709 1486 1756 dux

209 1786 348 1832 Rom.
383 1784 524 1832 aciem
569 1783 762 1847 dirigens
800 1781 958 1829 laevam
982 1817 996 1839 ,
1030 1798 1131 1828 cum
1166 1798 1308 1844 prope
1355 1781 1488 1828 foffas

168 1902 172 1906 .
209 1871 486 1906 armatorum
506 1857 688 1906 refertas
708 1855 897 1905 venisset
912 1891 929 1912 ,
953 1855 1071 1902 unde
1091 1854 1349 1918 dispositum
1368 1868 1488 1914 erat,

209 1948 259 1981 ut
275 1934 413 1980 abditi
435 1949 618 1996 repente
637 1932 785 1979 exorti
812 1931 969 1979 cuneta
990 1930 1244 1983 turbarent,
1265 1929 1381 1976 stetit
1400 1929 1487 1976 im-

211 2007 403 2069 pavidus
429 2025 440 2053 :
482 2005 812 2068 suspestiorque
843 2004 897 2050 de
930 2001 1161 2058 obscuris,
1200 2017 1283 2049 nec
1303 2001 1488 2049 referre

210 2078 394 2140 gradum
413 2113 426 2136 ,
453 2094 537 2125 nec
563 2077 748 2125 ulterius
777 2077 840 2124 ire
864 2075 1068 2124 tentavit.
1105 2076 1216 2135 Quo
1248 2073 1374 2132 viso,
1394 2073 1488 2120 ani-

209 2152 361 2199 mosus
401 2165 560 2200 contra
602 2153 779 2199 labores
821 2151 1039 2199 maximos
1071 2149 1250 2207 Caesar,
1285 2149 1489 2197 ducentis

209 2227 434 2288 equitibus
456 2226 599 2289 septus
616 2261 629 2284 ,
650 2239 700 2273 ut
726 2227 860 2273 ardor
890 2225 1059 2288 negotii
1078 2223 1327 2287 flagitabat,
1349 2224 1489 2287 agmi-

212 2315 268 2343 na
299 2299 496 2360 peditum
526 2299 695 2361 impetu
726 2299 880 2347 veloci
911 2296 1158 2344 discurrens
1192 2295 1342 2343 verbis
1378 2297 1489 2342 hor-

211 2373 397 2418 tabatur.
432 2374 487 2418 Et
519 2388 620 2418 cum
656 2372 825 2435 alloqui
857 2373 1019 2435 pariter
1054 2386 1241 2428 omnes,
1277 2386 1359 2417 nec
1385 2370 1489 2416 lon-

212 2445 370 2507 gitudo
405 2443 646 2506 spatiorum
695 2456 905 2503 extenta,
938 2459 1021 2490 nec
1064 2442 1111 2488 in
1146 2459 1285 2488 unum
1319 2442 1486 2489 canlae

212 2515 508 2565 multitudinis
538 2516 814 2581 permitteret
841 2516 1049 2569 crebritas
1074 2515 1161 2581 (δι
1181 2515 1385 2580 alioquin
1416 2514 1488 2565 vi·
