1626 2917
166 221 258 255 220
370 205 699 256 ἈΜΜῘΑΝΙ
747 206 1216 255 MARCELLINI

165 312 244 359 bus
266 311 420 375 gibbis.
454 314 488 357 E
516 311 697 374 regione
724 327 836 357 vero
864 328 962 357 cum
984 314 1241 359 normaliter
1262 310 1426 358 steterit

162 399 319 434 contra
336 422 349 443 ,
370 386 537 431 lumine
564 385 699 447 pleno
721 384 906 448 fulgebit
922 421 937 442 ,
956 386 1230 433 domicilium
1251 385 1424 448 septimi

163 462 355 506 retinens
375 459 510 522 figni:
531 460 581 506 &
602 459 648 505 in
677 459 835 505 eodem
865 471 957 505 tum
978 459 1108 506 etiam
1134 477 1288 524 agens,
1314 476 1425 522 pau-

162 533 388 594 lulumque
408 531 627 594 progressa
658 532 896 588 minuitur,
915 548 1044 593 quem
1073 532 1264 578 habitum
1285 549 1425 579 voca-

163 621 258 651 mus
286 613 530 667 ἀπόκρουσιν,
559 616 694 668 atque
721 605 891 651 easdem
918 605 1083 652 formas
1117 607 1273 668 repetit
1302 606 1426 652 sene-

163 677 342 724 scendo.
368 678 643 740 traditurque
659 679 858 725 doctrina
879 678 1111 739 multiplici
1133 691 1426 740 congruente,

163 767 257 797 non
289 752 369 797 nisi
393 763 595 813 tempore
629 752 951 798 intermenstrui
986 751 1171 799 deficere
1199 752 1332 799 visam
1358 753 1426 798 us-

162 840 295 887 quam
317 822 479 869 lunam·
510 823 649 882 Quod
672 837 815 870 autem
845 824 982 871 solem
1009 841 1127 871 nunc
1157 825 1202 870 in
1233 825 1428 881 aethere,

163 895 345 943 nuncin
366 896 534 941 mundo
554 895 768 943 inferiore
786 896 957 944 cursare
972 896 1275 958 praediximus
1291 896 1427 943 scien-

165 971 271 1015 dum
288 967 370 1026 est,
389 968 548 1015 fiderea
569 986 760 1032 corpora
774 1006 787 1028 ,
805 984 1018 1034 quantum
1032 970 1083 1016 ad
1098 969 1431 1017 universitatem

162 1041 378 1103 pertinet,
399 1058 479 1087 nec
500 1042 703 1088 occidere
717 1078 730 1100 ‚
753 1059 833 1089 nec
855 1043 964 1089 oriri
982 1061 992 1088 ε
1016 1042 1086 1088 sed
1106 1043 1164 1088 ita
1185 1042 1326 1089 videri
1345 1059 1430 1089 no-

162 1111 258 1158 stris
292 1112 519 1159 obtutibus
546 1114 798 1160 constitutis
830 1115 876 1160 in
901 1126 1042 1172 terra,
1074 1114 1248 1176 spiritus
1282 1114 1428 1174 cujus-

164 1186 260 1231 dam
288 1184 448 1232 interni
470 1199 599 1233 motu
628 1187 826 1250 suspensa
843 1223 857 1246 ,
877 1205 1111 1251 rerumque
1133 1189 1427 1252 magnitudini

163 1259 296 1306 instar
315 1258 456 1322 exigui
478 1259 645 1306 subdita
669 1260 816 1323 puncti
833 1297 846 1318 ,
870 1278 990 1307 nunc
1021 1262 1141 1308 coelo
1172 1261 1325 1309 infixas
1358 1262 1428 1309 su-

163 1333 329 1396 spicere
358 1333 526 1391 stellas,
557 1351 741 1396 quarum
772 1336 888 1382 ordo
919 1335 979 1381 est
1001 1334 1314 1397 sempiternus,
1343 1337 1427 1383 ali-

163 1406 339 1471 quoties
373 1407 563 1453 humana
603 1408 776 1454 visione
812 1409 1047 1472 languente
1088 1409 1305 1456 discedere
1341 1409 1427 1457 suis

165 1481 336 1528 sedibus
372 1479 586 1530 arbitrari.
632 1485 797 1529 Verum
831 1484 885 1529 ad
923 1482 1120 1531 instituta
1150 1483 1236 1546 jam
1275 1500 1428 1532 rever-

164 1566 324 1602 tamur.
1237 1600 1241 1603 .

228 1629 305 1674 lv.
324 1627 638 1690 Properantem
658 1627 974 1675 Constantium
993 1629 1170 1675 Orienti
1193 1628 1307 1676 ferre
1328 1629 1429 1692 sup-'

164 1701 302 1764 petias
315 1733 328 1757 ‚
347 1702 570 1749 turbando
589 1702 846 1766 propediem
880 1703 1131 1750 excurfibus
1157 1703 1333 1750 Persicis
1347 1740 1360 1761 ,
1378 1719 1429 1751 ut

166 1771 362 1838 perfugae
409 1773 697 1820 concinentes
744 1773 1101 1837 exploratoribus
1143 1774 1398 1821 indicabant
1413 1811 1428 1833 ‚

166 1845 352 1892 urebant
379 1845 540 1892 Juliani
562 1845 770 1901 virtutes,
799 1862 910 1908 quas
936 1861 1014 1907 per
1036 1861 1113 1891 ora
1140 1846 1333 1908 gentium
1360 1846 1428 1892 di-

165 1917 386 1965 versarum
403 1917 516 1966 fama
532 1919 750 1966 celebrior
769 1919 1041 1977 effundebat,
1056 1936 1318 1982 magnorum
1332 1919 1428 1981 ejus

166 1991 371 2038 laborum
403 1990 708 2056 factorumque
735 1994 900 2040 vehens
928 1994 1109 2040 adoreas
1142 1993 1298 2047 celsas,
1326 1995 1428 2056 post

169 2063 440 2112 Alamanniae
459 2065 657 2126 quaedam
676 2081 809 2128 regna
826 2065 1056 2128 prostrata,
1072 2079 1333 2129 receptaque
1350 2082 1431 2129 op-

166 2138 268 2202 pida
302 2137 532 2186 Gallicana
567 2152 667 2186 ante
697 2139 867 2203 direpta
896 2157 920 2187 a
950 2140 1140 2187 barbaris
1169 2142 1218 2188 &
1250 2139 1426 2197 excisa,

167 2227 286 2274 quos
309 2210 562 2258 tributarios
586 2211 675 2274 ipse
695 2211 800 2259 fecit
819 2214 868 2260 &
891 2212 1137 2276 vectigales.
1164 2212 1239 2258 Ob
1257 2212 1350 2259 haec
1373 2214 1426 2260 &

167 2283 322 2332 similia
342 2285 558 2346 percitus,
578 2284 887 2349 metuensque,
907 2302 961 2332 ne
980 2297 1244 2348 augerentur
1268 2285 1315 2331 in
1335 2303 1429 2332 ma-

168 2357 258 2419 jus,
282 2347 533 2403 stimulante¹
554 2356 635 2421 (ut
661 2357 913 2422 ferebatur)
940 2358 1147 2420 praefeflo
1169 2359 1427 2416 Florentio,

169 2428 440 2477 Decentium
462 2429 690 2474 tribunum
716 2431 765 2477 &
786 2429 1006 2476 notarium
1026 2429 1139 2474 mifit
1153 2465 1165 2486 ,
1193 2430 1432 2477 auxiliares

169 2500 329 2549 milites
348 2500 507 2550 exinde
525 2500 729 2565 protinus
747 2501 1058 2551 abstracturum
1077 2501 1256 2550 AErulos
1277 2501 1324 2549 &
1342 2501 1428 2557 Eia-⁴
