1626 2917
306 228 525 277 RERUM
558 228 900 275 GESTARUM
929 227 1034 274 LIB.
1063 227 1189 273 XIX.
1297 224 1383 288 189

113 336 288 384 ratione
320 334 543 399 gloriosos
581 334 690 381 vitae
719 333 863 381 exitus
890 333 1048 380 deinde
1086 331 1346 380 curabamus
1368 367 1385 388 ,

111 407 287 471 jamque
311 407 520 455 omnibus
543 407 673 455 nobis
701 419 898 469 optatos.
923 409 962 452 A
985 405 1076 451 sole
1108 405 1256 468 itaque
1277 416 1385 450 orto

111 481 247 543 usque
262 480 349 528 diei
363 481 567 528 ultimum
587 481 701 527 acies
719 478 971 526 immobiles
992 478 1179 535 stabant,
1194 488 1244 523 ut
1264 474 1385 532 fixae,

111 552 239 600 nullo
276 553 452 600 variato
484 552 706 617 vestigio,
735 569 819 599 nec
845 551 992 598 sonitu
1011 587 1026 610 ,
1057 550 1132 597 vel
1163 565 1387 612 equorum

111 626 268 674 audito
294 626 502 673 hinnitu:
532 627 775 687 eademque
800 624 942 687 figura
972 623 1166 687 digreffi,
1189 639 1276 685 qua
1304 638 1387 667 ve-

112 709 299 756 nerant,
335 698 440 746 cibo
476 697 663 745 recreati
690 699 739 743 &
771 695 932 742 somno
954 731 969 753 ,
1003 712 1104 742 cum
1153 693 1389 757 supereffet

110 769 325 834 exiguum
369 770 513 816 noffis
534 805 548 829 a
581 780 853 815 aeneatorum
884 767 1097 830 clangore
1146 766 1349 813 dtic‘tante
1373 800 1388 824 ‚

110 844 287 903 urbem,
304 856 352 891 ut
366 860 477 890 mox
495 842 688 891 casuram
701 877 715 899 ,
734 840 918 888 terribili
939 856 1112 888 corona
1132 838 1387 886 cinxerunt.

110 916 288 980 Vixque
323 916 401 963 ubi
427 915 695 962 Grumbates
727 913 892 960 hastam
936 911 1143 959 infectam
1175 911 1387 976 sanguine

111 988 198 1035 ritu
226 989 372 1052 patrio
402 989 632 1051 nostrique
661 1003 788 1034 more
810 986 1066 1047 conjecerat
1084 985 1279 1043 fecialis,
1315 1004 1386 1033 ar-

110 1062 195 1108 mis
225 1061 446 1109 exercitus
477 1077 752 1123 concrepans
787 1059 966 1107 involat
988 1058 1036 1104 in
1064 1075 1242 1106 muros:
1271 1076 1387 1107 con-

110 1135 340 1199 festimque
364 1134 648 1183 lacrimabilis
673 1133 778 1180 belli
798 1133 934 1180 turbo
955 1131 1199 1190 crudescit,
1227 1134 1386 1196 rapido

109 1219 356 1254 turmarum
385 1206 594 1270 proceffu
623 1205 672 1252 in
693 1205 976 1268 procinctum
1005 1205 1228 1252 alacritate
1258 1206 1386 1251 omni

107 1281 388 1329 tendentium
404 1317 418 1341 ,
437 1283 487 1329 &
506 1292 667 1328 contra
684 1279 774 1327 acri
790 1279 1052 1342 intentaque
1072 1277 1388 1326 occursatione

110 1354 385 1402 nostrorum.
405 1354 602 1401 Proinde
625 1352 832 1400 diffraffis
858 1353 1076 1415 capitibus
1106 1353 1275 1399 multos
1297 1354 1384 1399 ho—

110 1425 242 1474 stium
271 1427 567 1490 scorpionum
595 1425 711 1488 jactu
739 1424 883 1472 moles
921 1425 1059 1471 saxeae
1097 1424 1385 1472 colliserunt:

111 1499 189 1546 alii
218 1501 387 1563 trajeffi
420 1500 586 1564 sagittis
608 1536 623 1556 ,
660 1516 760 1562 pars
790 1498 959 1546 confixi
990 1498 1172 1562 tragulis
1197 1500 1385 1546 humum

111 1574 381 1635 corporibus
403 1571 727 1627 obstruebant3
760 1570 983 1617 vulnerati
1013 1571 1087 1617 alii
1116 1570 1263 1618 socios
1283 1571 1385 1635 fuga

110 1645 331 1708 praecipiti
354 1644 626 1708 repetebant.
645 1645 741 1690 Nec
759 1642 958 1690 minores
977 1643 1022 1689 in
1042 1642 1224 1690 civitate
1244 1643 1386 1692 Iustus

111 1733 187 1764 aut
208 1730 401 1776 mortes,
428 1717 678 1780 sagittarum
699 1714 965 1762 creberrima
984 1715 1099 1761 nube
1117 1732 1242 1762 auras
1262 1714 1385 1778 spissa

111 1791 397 1838 multitudine
422 1792 745 1848 obumbrante,
765 1802 1186 1852 tormentorumque
1213 1791 1386 1838 machi-

112 1865 198 1924 nis,
220 1883 347 1929 quae,
369 1865 538 1928 direpta
556 1865 736 1928 Singara
750 1901 763 1919 ‚
789 1863 1067 1927 pofl‘ederant
1092 1863 1232 1910 Persae
1248 1900 1262 1922 ,
1281 1864 1386 1911 vul-

113 1955 217 1985 nera
247 1937 537 1985 inferentibus
570 1938 710 2000 plura.
747 1938 953 1999 Namque
978 1935 1148 1983 viribus
1185 1936 1385 1984 collectis

112 2021 497 2073 propugnatores,
519 2009 675 2055 omiffa
697 2007 888 2055 viciffim
913 2006 1154 2055 certamina
1176 2021 1383 2071 repeten-

112 2094 202 2138 tes,
221 2081 267 2127 in
286 2082 486 2128 maximo
516 2082 783 2129 defendendi
802 2083 963 2130 ardore
980 2082 1114 2129 saucii
1132 2085 1381 2145 perniciose

113 2153 355 2212 cadebant,
383 2167 458 2202 aut
488 2155 673 2213 laniati,
712 2156 952 2204 volvendo
984 2155 1145 2202 stantes
1175 2157 1384 2219 proxime

113 2227 455 2287 subvertebant,
481 2242 558 2276 aut
581 2242 702 2277 certe
731 2229 896 2292 spicula
914 2228 1123 2276 membris
1150 2229 1286 2278 infixa
1311 2231 1386 2278 vi·-

114 2312 272 2345 ventes
290 2300 435 2348 adhuc
460 2302 656 2349 vellendi
677 2301 844 2365 peritos
862 2302 1168 2365 quaeritabant.
1197 2306 1260 2351 Ita
1278 2304 1384 2350 stra-

115 2388 188 2433 ges
210 2372 419 2436 stragihus
436 2374 707 2438 implicatas,
726 2376 776 2422 &
790 2376 844 2422 ad
864 2389 1112 2423 extremum
1135 2377 1273 2441 usque
1295 2376 1383 2423 diei

115 2445 376 2506 produc‘tas,
401 2464 456 2493 ne
479 2449 743 2511 vespertinae
774 2449 952 2511 quidem
977 2451 1296 2496 hebetaverant
1321 2463 1386 2495 te-

115 2517 263 2566 nebrae
280 2536 290 2566 :
306 2535 354 2568 ea
376 2537 446 2577 re,
460 2522 584 2584 quod
599 2520 899 2569 obstinatione
920 2521 1125 2586 utrinque
1142 2539 1294 2586 magna
1314 2522 1386 2568 de·
