1626 2917
232 95 319 155 316
387 92 709 139 EXCERPTA
736 92 819 138 DE
844 92 1255 138 THEODERICO
1280 105 1389 139 Εἲς.

225 197 364 260 posse.
403 198 488 244 Sed
521 198 628 243 dum
662 196 758 244 haec
793 210 1009 261 aguntur,
1042 199 1342 260 Symmachus
1374 211 1507 259 caput

224 269 385 327 senati,
411 268 536 328 cujus
564 270 776 317 Boethius
802 270 938 318 filiam
959 271 1110 318 habuit
1129 288 1342 329 uxorem,
1361 271 1504 317 dedu-

226 344 344 391 citur
373 343 426 390 de
455 345 603 390 Roma
632 344 912 392 Ravennam.
944 347 1150 391 Metuens
1175 360 1286 390 vero
1316 361 1419 403 rex,
1450 361 1506 391 ne

225 416 386 464 dolore
409 416 562 480 generi
591 416 761 481 aliquid
788 416 997 464 adversus
1020 433 1204 480 regnum
1229 416 1323 479 ejus
1349 420 1506 465 trasia-

224 502 316 548 ret,
344 489 525 552 objeao
549 489 737 539 crimine
763 489 879 553 juffit
903 489 1111 538 interfici.
1147 491 1395 543 Revertens
1422 492 1508 556 igi-

224 573 299 609 tur
332 563 557 610 Johannes
591 580 706 627 papa
741 581 765 611 a
799 563 999 621 Justino,
1033 580 1166 628 quem
1197 565 1507 612 Theodericus

226 654 328 685 cum
350 637 460 685 dolo
479 637 692 701 suscepit,
706 639 755 687 &
779 638 823 685 in
843 638 1012 686 offensa
1030 637 1103 686 sua
1128 655 1230 686 eum
1248 638 1332 686 esse
1356 637 1509 700 jubet:

225 711 304 774 qui
326 711 424 774 post
448 728 620 775 paucos
644 712 737 760 dies
761 711 992 759 defun&us
1012 711 1087 759 est.
1106 713 1226 776 Ergo
1250 726 1403 759 euntes
1423 728 1512 774 po-

226 782 321 846 puli
350 797 454 832 ante
485 784 803 848 corpusculum
833 784 956 846 ejuS,
984 784 1133 832 subito
1163 801 1276 832 unus
1302 785 1355 831 de
1381 785 1514 831 turba

227 856 439 919 abreptus
462 857 695 905 daemonio
721 858 910 916 cecidit,
928 861 978 907 &
995 859 1100 905 dum
1123 858 1386 921 pervenisset
1412 874 1515 905 cum

228 927 516 987 le&ulo,ubi
549 931 683 978 leaus
708 944 802 978 erat
830 931 966 994 usque
996 931 1053 978 ad
1082 931 1338 986 hominem,
1368 930 1516 977 subito

232 1000 360 1048 sanus
387 1002 601 1058 surrexit,
629 1006 679 1052 &
712 1004 991 1066 praecedebat
1019 1004 1065 1050 in
1097 1003 1339 1068 exsequias.
1372 1002 1518 1062 Quod

234 1072 437 1120 videntes
455 1075 612 1137 populi
634 1078 682 1123 &
703 1076 953 1134 senatores,
972 1089 1209 1139 coeperunt
1228 1075 1437 1138 reliquias
1464 1075 1519 1121 de

235 1145 359 1192 veste
395 1145 488 1207 ejus
515 1148 690 1195 tollere.
721 1148 794 1195 Sic
825 1166 926 1196 cum
958 1150 1131 1196 summo
1163 1149 1323 1212 gaudio
1359 1146 1518 1210 populi

236 1219 445 1266 deduEtus
462 1218 525 1265 est
543 1236 709 1283 corpus
725 1222 819 1283 ejus
839 1222 950 1269 foris
969 1222 1213 1271 civitatem.
1228 1223 1366 1285 Igitur
1384 1223 1521 1285 Sym-

236 1291 424 1338 machus
441 1289 740 1338 Scholasticus
770 1294 944 1340 Judaeus
970 1292 1154 1355 jubente
1185 1309 1277 1339 non
1298 1309 1426 1355 rege,
1449 1292 1523 1339 sed

237 1376 464 1428 tyranno,
497 1364 683 1412 difi‘tavit
715 1379 938 1428 praecepra
978 1366 1049 1413 die
1077 1379 1232 1429 quarta
1267 1366 1400 1423 feria,
1427 1366 1523 1427 sep-

238 1438 358 1487 timo>
388 1438 616 1487 Kalendas
647 1439 893 1501 Septembr.
944 1438 1194 1485 lndifflone
1231 1452 1284 1483 tv
1319 1438 1526 1501 Olybrio

240 1508 424 1557 consule
439 1546 453 1566 ,
481 1522 530 1557 ut
550 1511 620 1559 die
641 1510 876 1558 dominico
897 1511 1167 1557 adveniente
1191 1509 1346 1556 Ariani
1375 1509 1525 1556 bafili-

243 1597 314 1627 cas
335 1581 594 1630 Catholicas
615 1582 892 1631 invaderent.
919 1583 1004 1629 Sed
1024 1582 1099 1645 qui
1118 1598 1211 1628 non
1235 1581 1399 1643 patitur
1419 1579 1526 1628 fide-

242 1652 305 1699 les
327 1652 526 1701 cultores
547 1653 649 1702 suos
670 1654 724 1701 ab
744 1654 1006 1718 alienigenis
1032 1653 1255 1716 opprimi,
1275 1669 1386 1699 mox
1406 1652 1525 1700 intu-

243 1724 294 1773 lit
317 1726 363 1772 in
386 1742 486 1773 eum
512 1726 770 1774 sententiam
793 1727 919 1785 Arii,
940 1726 1133 1774 audioris
1156 1726 1386 1789 religionis
1406 1725 1497 1788 ejus
1513 1743 1528 1774 t

245 1799 417 1846 fluxum
447 1800 619 1847 ventris
650 1800 864 1859 incurrit,
894 1802 941 1848 ὅ(
974 1800 1080 1847 dum
1106 1799 1223 1846 intra
1247 1799 1396 1846 triduo
1424 1812 1532 1851 eva-j

247 1885 401 1920 cuatus
420 1871 590 1932 fuisset,
612 1873 772 1920 eodem
795 1873 866 1920 die
880 1909 895 1932 ,
911 1889 1004 1936 quo
1028 1872 1069 1919 se
1093 1873 1310 1936 gaudebat
1325 1873 1527 1920 ecclesias

247 1943 490 2002 invadere,
524 1944 650 1997 fimul
688 1961 873 2009 regnum
909 1947 958 1993 &
995 1944 1188 1991 animam
1217 1943 1371 1991 amisit.
1403 1946 1531 2007 Ergo

248 2029 485 2080 antequam
511 2017 764 2075 exhalaret,
784 2030 996 2080 nepotem
1014 2016 1138 2063 suum
1161 2016 1464 2063 Athalaricum
1486 2016 1534 2066 in

249 2106 439 2154 regnum
461 2089 708 2142 constituit.
731 2091 783 2138 Se
810 2103 956 2137 autem
989 2089 1106 2136 vivo
1132 2088 1238 2136 fecit
1264 2087 1342 2134 fibi
1369 2105 1536 2136 monu-

257 2175 454 2209 mentum
492 2181 547 2210 ex
585 2164 731 2227 lapide
773 2164 1016 2227 quadrato,
1053 2164 1176 2209 mirae
1215 2161 1538 2229 ¹magnitudinis

260 2248 405 2294 Opus,
422 2237 472 2284 &
500 2236 649 2285 saxum
676 2237 901 2302 ingentem
916 2272 931 2297 ,
950 2252 1082 2300 quem
1102 2234 1446 2300 superponeret,
1466 2234 1539 2289 in,

265 2303 459 2368 quisivit.

751 2435 1057 2457 --a-n—-u
