1626 2917
297 152 519 210 RERUM
549 162 888 210 GESTARUM
920 163 1021 209 ΜΒ.
1057 162 1231 210 xxix,
1334 180 1421 227 ¹79

141 269 357 327 &aliatum
390 268 459 316 sed
496 282 670 334 tempus
700 270 926 333 patrandae
958 265 1180 335 cupidinis
1211 270 1428 334 quaerita⁴

138 344 229 391 bat.
261 343 441 405 Quibus
463 344 561 408 post
580 345 676 392 haec
703 343 885 408 cognita
917 344 1225 408 sequestratis,
1253 347 1425 391 Eutro-

140 419 240 482 pius
274 418 418 465 Afiam
452 417 765 482 proconsulari
796 430 903 466 tunc
938 417 1150 466 obtinens
1179 418 1427 482 potestate,

141 504 191 538 ut
222 491 425 539 factionis
455 491 662 539 conscius
686 491 910 539 arceffitus
937 491 983 537 in
1013 492 1181 539 crimen
1198 528 1211 551 ,
1230 491 1426 539 absceffit

141 565 397 626 innocuus,
421 565 642 629 Pafiphilo
678 565 904 611 eximente
932 565 1237 627 philosopho,
1266 564 1344 629 qui
1376 577 1426 610 ut

141 655 245 686 eum
281 639 520 688 mendacio
551 638 718 701 injusto
749 650 1026 702 perverteret
1058 639 1297 687 crudeliter
1329 651 1428 686 tor-

142 724 240 770 tus,
262 714 316 760 de
343 713 453 761 statu
480 713 673 760 robustae
705 714 865 760 mentis
894 730 988 760 non
1016 712 1165 776 potuit
1187 712 1428 761 deturbari.

141 786 225 834 His
243 788 419 835 acceffit
445 787 741 851 philosophus
768 787 1049 843 Simonides,
1068 786 1325 834 adolescens
1352 787 1428 833 ille

140 858 347 922 quidem,
374 875 535 906 verum
570 859 717 906 nostra
748 860 965 906 memoria
994 858 1300 907 severiffimus.
1333 859 1428 919 Qui

144 947 247 978 cum
267 930 429 977 audiffe
457 930 689 994 negotium
713 947 792 993 per
813 930 1052 976 Fidustium
1075 930 1348 988 deferretur,
1377 932 1429 978 δε

141 1006 319 1054 causam
342 1022 437 1053 non
464 1023 520 1053 ex
546 1006 736 1053 veritate
753 1043 767 1063 ,
795 1005 867 1053 sed
896 1022 953 1052 ex
974 1007 1104 1052 unius
1127 1018 1234 1052 nutu
1257 1006 1431 1067 pensari

143 1078 343 1137 vidiffet,
363 1079 560 1126 didicisse
578 1078 618 1126 se
638 1078 754 1126 dixit
774 1079 1008 1142 praedi&a,
1026 1080 1074 1127 ὃ(
1095 1079 1324 1126 commissa
1342 1096 1430 1141 pro

143 1153 354 1201 firmitate
389 1153 527 1201 animi
558 1153 750 1202 tacuisse.
790 1154 934 1215 Queis
969 1151 1179 1200 omnibus
1205 1153 1431 1217 perspica-

143 1227 254 1276 citer
296 1227 543 1290 inquisitis,
578 1230 827 1290 Imperator
867 1227 1159 1291 cognitorum
1198 1227 1432 1275 consulta<

141 1300 259 1348 tioni
277 1300 574 1364 respondens,
599 1300 677 1346 sub
696 1316 788 1346 uno
818 1298 1072 1362 proloquio
1100 1299 1286 1345 cunfitos
1303 1291 1430 1360 jubet

144 1374 296 1422 occidi
326 1392 337 1423 :
369 1375 419 1421 δι
448 1374 529 1420 vix
562 1373 650 1420 {ine
685 1373 942 1419 animorum
982 1372 1172 1417 horrore
1208 1370 1431 1420 funestum

145 1446 445 1510 spefiaculum
477 1445 764 1493 multitudine
799 1445 1033 1491 innumera
1069 1454 1343 1502 contuente,
1380 1446 1432 1494 δε

146 1535 364 1567 onerante
407 1518 633 1583 questibus
669 1517 839 1566 coelum
879 1516 1109 1581 (namque
1151 1515 1430 1579 singulorum

146 1592 260 1640 mala
292 1592 496 1640 omnium
531 1592 615 1638 effe
645 1590 904 1638 communia
943 1590 1276 1655 credebantur)
1310 1591 1432 1640 duf‘ti

146 1665 343 1713 universi
378 1665 585 1712 flebiliter
613 1664 892 1729 jugulantur,
922 1677 1084 1728 praeter
1117 1664 1431 1712 Simonidem:

146 1755 280 1802 quern
306 1738 448 1786 solum
469 1737 609 1786 saevus
636 1737 710 1784 ille
734 1737 962 1784 sententiae
983 1736 1124 1794 lator,
1146 1736 1350 1785 efferatus
1369 1738 1432 1784 ob

148 1811 444 1860 constantiam
475 1828 654 1876 gravem
675 1847 689 1869 ‚
721 1809 899 1872 jufferat
930 1809 1120 1857 flammis
1152 1810 1295 1859 exuri.
1336 1811 1431 1872 Qui

147 1885 288 1933 vitam
312 1896 359 1932 ut
384 1885 614 1932 dominam
641 1883 834 1948 fugitans
859 1883 1083 1939 rabidam,
1105 1883 1253 1930 ridens
1271 1883 1432 1932 subitas

146 1970 488 2005 momentorum
503 1957 679 2015 ruinam,
697 1956 941 2003 immobilis
961 1954 1285 2019 conflagravit:
1303 1957 1431 2003 Pere-

147 2029 323 2094 grinum
351 2030 478 2077 illurn
500 2028 696 2076 imitatus
721 2030 880 2076 Protea
906 2027 1208 2091 cognomine,
1227 2027 1433 2091 philoso-

147 2102 288 2163 phum
319 2101 486 2149 clarum
504 2136 518 2159 ,
539 2100 644 2164 qui,
666 2116 767 2147 cum
798 2099 970 2146 mundo
1003 2098 1173 2162 digredi
1196 2099 1432 2160 statuisset,

148 2173 383 2238 Olympiae
401 2172 727 2237 quinquennali
747 2171 988 2221 certamine
1010 2171 1089 2219 sub
1107 2173 1296 2221 Graeciae
1320 2192 1432 2222 con-

148 2245 296 2308 speEtu
315 2245 479 2303 totius,
509 2244 690 2293 ascenso
715 2261 858 2309 rogo,
883 2261 1017 2308 quem
1038 2244 1127 2307 ipse
1155 2246 1430 2305 construxit,

148 2319 340 2367 flammis
371 2319 594 2368 absumtus
618 2318 692 2366 est.
728 2320 782 2364 Et
811 2317 912 2381 post
940 2317 1059 2367 hunc
1088 2315 1243 2367 diebu&
1269 2319 1430 2368 secutis

151 2390 355 2438 omnium
376 2390 467 2439 fere
486 2391 695 2439 ordinum
718 2390 960 2438 multitudo
974 2427 987 2449 ,
1008 2408 1140 2455 quam
1161 2391 1432 2439 nominatim

148 2463 378 2514 recensere
398 2463 459 2513 est
484 2465 669 2515 arduum
685 2500 700 2524 ,
719 2464 764 2512 in
787 2464 938 2529 plagas
966 2464 1289 2513 calumniarum
1315 2481 1431 2515 con·

1064 2540 1113 2584 M
1152 2556 1175 2586 2
