<?xml version="1.0" encoding="UTF-8"?>
<!DOCTYPE html PUBLIC "-//W3C//DTD XHTML 1.0 Transitional//EN"
    "http://www.w3.org/TR/xhtml1/DTD/xhtml1-transitional.dtd">
<html xmlns="http://www.w3.org/1999/xhtml" xml:lang="en" lang="en">
 <head>
  <title>
</title>
<meta http-equiv="Content-Type" content="text/html;charset=utf-8" />
  <meta name='ocr-system' content='tesseract 3.04.00' />
  <meta name='ocr-capabilities' content='ocr_page ocr_carea ocr_par ocr_line ocrx_word'/>
</head>
<body>
  <div class='ocr_page' id='page_1' title='image "./rerumgestarumqui00ammiuoft_0314.png"; bbox 0 0 1626 2917; ppageno 0'>
   <div class='ocr_carea' id='block_1_1' title="bbox 210 201 1260 261">
    <p class='ocr_par' dir='ltr' id='par_1_1' title="bbox 210 201 1260 261">
     <span class='ocr_line' id='line_1_1' title="bbox 210 201 1260 261; baseline 0.003 -15"><span class='ocrx_word' id='word_1_1' title='bbox 210 216 304 261; x_wconf 81' lang='lat'>250</span> <span class='ocrx_word' id='word_1_2' title='bbox 422 201 752 248; x_wconf 74' lang='lat' dir='ltr'><strong>AMMIANI</strong></span> <span class='ocrx_word' id='word_1_3' title='bbox 796 202 1260 249; x_wconf 75' lang='lat' dir='ltr'>MARCELLINI</span> 
     </span>
    </p>
   </div>
   <div class='ocr_carea' id='block_1_2' title="bbox 199 305 1485 2555">
    <p class='ocr_par' dir='ltr' id='par_1_2' title="bbox 199 305 1485 2555">
     <span class='ocr_line' id='line_1_2' title="bbox 206 305 1482 369; baseline 0.004 -18"><span class='ocrx_word' id='word_1_4' title='bbox 206 306 442 368; x_wconf 86' lang='lat' dir='ltr'>quennalia</span> <span class='ocrx_word' id='word_1_5' title='bbox 466 305 685 369; x_wconf 84' lang='lat' dir='ltr'>Augustus</span> <span class='ocrx_word' id='word_1_6' title='bbox 713 305 798 367; x_wconf 83' lang='lat' dir='ltr'>jam</span> <span class='ocrx_word' id='word_1_7' title='bbox 818 307 985 354; x_wconf 77' lang='lat' dir='ltr'>edidit:</span> <span class='ocrx_word' id='word_1_8' title='bbox 1007 310 1053 356; x_wconf 70' lang='grc' dir='ltr'>ὅ(</span> <span class='ocrx_word' id='word_1_9' title='bbox 1073 308 1310 355; x_wconf 87' lang='lat' dir='ltr'>ambitioso</span> <span class='ocrx_word' id='word_1_10' title='bbox 1332 307 1482 356; x_wconf 82' lang='lat' dir='ltr'>diade-</span> 
     </span>
     <span class='ocr_line' id='line_1_3' title="bbox 205 377 1481 442; baseline 0.002 -18"><span class='ocrx_word' id='word_1_11' title='bbox 205 391 322 424; x_wconf 87' lang='lat' dir='ltr'>mate</span> <span class='ocrx_word' id='word_1_12' title='bbox 352 379 561 425; x_wconf 87' lang='lat' dir='ltr'>utebatur</span> <span class='ocrx_word' id='word_1_13' title='bbox 591 378 788 439; x_wconf 88' lang='lat' dir='ltr'>lapidum</span> <span class='ocrx_word' id='word_1_14' title='bbox 811 377 986 442; x_wconf 75' lang='lat' dir='ltr'><strong>fulgore</strong></span> <span class='ocrx_word' id='word_1_15' title='bbox 1016 379 1251 438; x_wconf 66' lang='lat' dir='ltr'>distincto,</span> <span class='ocrx_word' id='word_1_16' title='bbox 1283 398 1384 427; x_wconf 88' lang='lat' dir='ltr'>cum</span> <span class='ocrx_word' id='word_1_17' title='bbox 1408 381 1481 427; x_wconf 91' lang='lat' dir='ltr'>in-</span> 
     </span>
     <span class='ocr_line' id='line_1_4' title="bbox 205 449 1482 513; baseline 0.002 -17"><span class='ocrx_word' id='word_1_18' title='bbox 205 463 272 497; x_wconf 84' lang='lat' dir='ltr'>ter</span> <span class='ocrx_word' id='word_1_19' title='bbox 290 451 476 498; x_wconf 81' lang='lat' dir='ltr'>exordia</span> <span class='ocrx_word' id='word_1_20' title='bbox 500 450 777 513; x_wconf 83' lang='lat' dir='ltr'>principatus</span> <span class='ocrx_word' id='word_1_21' title='bbox 799 449 972 497; x_wconf 83' lang='lat' dir='ltr'>affumti</span> <span class='ocrx_word' id='word_1_22' title='bbox 992 450 1072 498; x_wconf 88' lang='lat' dir='ltr'>vili</span> <span class='ocrx_word' id='word_1_23' title='bbox 1093 468 1263 498; x_wconf 91' lang='lat' dir='ltr'>corona</span> <span class='ocrx_word' id='word_1_24' title='bbox 1285 453 1482 499; x_wconf 83' lang='lat' dir='ltr'>circum-</span> 
     </span>
     <span class='ocr_line' id='line_1_5' title="bbox 203 523 1482 588; baseline 0.002 -20"><span class='ocrx_word' id='word_1_25' title='bbox 203 524 329 569; x_wconf 81' lang='lat' dir='ltr'>datus</span> <span class='ocrx_word' id='word_1_26' title='bbox 356 536 475 579; x_wconf 86' lang='lat' dir='ltr'>erat,</span> <span class='ocrx_word' id='word_1_27' title='bbox 498 523 750 587; x_wconf 84' lang='lat' dir='ltr'>xystarchae</span> <span class='ocrx_word' id='word_1_28' title='bbox 778 523 926 569; x_wconf 67' lang='lat' dir='ltr'>similis</span> <span class='ocrx_word' id='word_1_29' title='bbox 953 537 1207 585; x_wconf 78' lang='lat' dir='ltr'>purpurato.</span> <span class='ocrx_word' id='word_1_30' title='bbox 1244 527 1360 571; x_wconf 81' lang='lat' dir='ltr'>Inter</span> <span class='ocrx_word' id='word_1_31' title='bbox 1382 542 1482 588; x_wconf 80' lang='lat' dir='ltr'>quae</span> 
     </span>
     <span class='ocr_line' id='line_1_6' title="bbox 202 593 1485 659; baseline 0.002 -18"><span class='ocrx_word' id='word_1_32' title='bbox 202 595 385 641; x_wconf 73' lang='lat' dir='ltr'>Helenae</span> <span class='ocrx_word' id='word_1_33' title='bbox 402 594 608 659; x_wconf 85' lang='lat' dir='ltr'>conjugis</span> <span class='ocrx_word' id='word_1_34' title='bbox 623 593 841 641; x_wconf 57' lang='lat' dir='ltr'>defunctae</span> <span class='ocrx_word' id='word_1_35' title='bbox 861 594 1059 657; x_wconf 87' lang='lat' dir='ltr'>suprema</span> <span class='ocrx_word' id='word_1_36' title='bbox 1078 596 1250 642; x_wconf 79' lang='lat' dir='ltr'>miserat</span> <span class='ocrx_word' id='word_1_37' title='bbox 1269 598 1485 654; x_wconf 86' lang='lat' dir='ltr'>Romam,</span> 
     </span>
     <span class='ocr_line' id='line_1_7' title="bbox 200 666 1484 724; baseline 0.003 -13"><span class='ocrx_word' id='word_1_38' title='bbox 200 666 246 713; x_wconf 87' lang='lat' dir='ltr'>in</span> <span class='ocrx_word' id='word_1_39' title='bbox 268 666 519 715; x_wconf 85' lang='lat' dir='ltr'>suburbano</span> <span class='ocrx_word' id='word_1_40' title='bbox 551 668 637 714; x_wconf 77' lang='lat' dir='ltr'>viae</span> <span class='ocrx_word' id='word_1_41' title='bbox 669 668 967 715; x_wconf 87' lang='lat' dir='ltr'>Nomentanae</span> <span class='ocrx_word' id='word_1_42' title='bbox 991 669 1245 724; x_wconf 76' lang='lat' dir='ltr'>condenda,</span> <span class='ocrx_word' id='word_1_43' title='bbox 1265 669 1340 716; x_wconf 90' lang='lat' dir='ltr'>ubi</span> <span class='ocrx_word' id='word_1_44' title='bbox 1363 686 1484 715; x_wconf 84' lang='lat' dir='ltr'>uxor</span> 
     </span>
     <span class='ocr_line' id='line_1_8' title="bbox 200 739 1483 803; baseline 0.003 -20"><span class='ocrx_word' id='word_1_45' title='bbox 200 754 384 801; x_wconf 82' lang='lat' dir='ltr'>quoque</span> <span class='ocrx_word' id='word_1_46' title='bbox 402 739 787 801; x_wconf 81' lang='lat' dir='ltr'>Galli‚quondam</span> <span class='ocrx_word' id='word_1_47' title='bbox 807 739 934 786; x_wconf 85' lang='lat' dir='ltr'>soror</span> <span class='ocrx_word' id='word_1_48' title='bbox 953 740 1046 800; x_wconf 84' lang='lat' dir='ltr'>ejus</span> <span class='ocrx_word' id='word_1_49' title='bbox 1061 776 1073 796; x_wconf 91' lang='lat'>,</span> <span class='ocrx_word' id='word_1_50' title='bbox 1096 739 1261 803; x_wconf 85' lang='lat' dir='ltr'>sepulta</span> <span class='ocrx_word' id='word_1_51' title='bbox 1279 740 1340 786; x_wconf 88' lang='lat' dir='ltr'>est</span> <span class='ocrx_word' id='word_1_52' title='bbox 1355 742 1483 787; x_wconf 89' lang='lat' dir='ltr'>Con·</span> 
     </span>
     <span class='ocr_line' id='line_1_9' title="bbox 200 810 1482 877; baseline 0.003 -21"><span class='ocrx_word' id='word_1_53' title='bbox 200 810 403 858; x_wconf 87' lang='lat' dir='ltr'>stantina.</span> <span class='ocrx_word' id='word_1_54' title='bbox 434 812 677 858; x_wconf 80' lang='lat' dir='ltr'>Accidebat</span> <span class='ocrx_word' id='word_1_55' title='bbox 705 826 850 858; x_wconf 90' lang='lat' dir='ltr'>autem</span> <span class='ocrx_word' id='word_1_56' title='bbox 870 849 881 864; x_wconf 83' lang='lat'>,</span> <span class='ocrx_word' id='word_1_57' title='bbox 909 813 1266 877; x_wconf 76' lang='lat' dir='ltr'>incendebatque</span> <span class='ocrx_word' id='word_1_58' title='bbox 1288 813 1383 875; x_wconf 83' lang='lat' dir='ltr'>ejus</span> <span class='ocrx_word' id='word_1_59' title='bbox 1404 831 1482 861; x_wconf 82' lang='lat' dir='ltr'>cu-</span> 
     </span>
     <span class='ocr_line' id='line_1_10' title="bbox 199 882 1484 946; baseline 0.003 -19"><span class='ocrx_word' id='word_1_60' title='bbox 199 882 430 945; x_wconf 87' lang='lat' dir='ltr'>piditatem</span> <span class='ocrx_word' id='word_1_61' title='bbox 448 919 461 942; x_wconf 86' lang='lat'><strong>,</strong></span> <span class='ocrx_word' id='word_1_62' title='bbox 483 884 649 946; x_wconf 85' lang='lat' dir='ltr'>pacatis</span> <span class='ocrx_word' id='word_1_63' title='bbox 679 882 766 944; x_wconf 84' lang='lat' dir='ltr'>jam</span> <span class='ocrx_word' id='word_1_64' title='bbox 785 883 944 930; x_wconf 86' lang='lat' dir='ltr'>Galliis</span> <span class='ocrx_word' id='word_1_65' title='bbox 964 884 1174 930; x_wconf 76' lang='lat' dir='ltr'>incessere</span> <span class='ocrx_word' id='word_1_66' title='bbox 1204 885 1326 930; x_wconf 75' lang='lat' dir='ltr'>ultro</span> <span class='ocrx_word' id='word_1_67' title='bbox 1351 887 1484 931; x_wconf 88' lang='lat' dir='ltr'>Con-</span> 
     </span>
     <span class='ocr_line' id='line_1_11' title="bbox 200 956 1483 1021; baseline 0.004 -20"><span class='ocrx_word' id='word_1_68' title='bbox 200 956 404 1003; x_wconf 82' lang='lat' dir='ltr'>stantium</span> <span class='ocrx_word' id='word_1_69' title='bbox 427 975 438 1002; x_wconf 93' lang='lat'><strong>:</strong></span> <span class='ocrx_word' id='word_1_70' title='bbox 466 956 741 1018; x_wconf 80' lang='lat' dir='ltr'>conjiciens,</span> <span class='ocrx_word' id='word_1_71' title='bbox 760 974 859 1002; x_wconf 87' lang='lat' dir='ltr'>eum</span> <span class='ocrx_word' id='word_1_72' title='bbox 886 974 963 1019; x_wconf 88' lang='lat' dir='ltr'>per</span> <span class='ocrx_word' id='word_1_73' title='bbox 983 957 1256 1003; x_wconf 88' lang='lat' dir='ltr'>vaticinandi</span> <span class='ocrx_word' id='word_1_74' title='bbox 1277 957 1483 1021; x_wconf 77' lang='lat' dir='ltr'>praesagia</span> 
     </span>
     <span class='ocr_line' id='line_1_12' title="bbox 200 1028 1485 1094; baseline 0.001 -19"><span class='ocrx_word' id='word_1_75' title='bbox 200 1030 337 1075; x_wconf 86' lang='lat' dir='ltr'>multa</span> <span class='ocrx_word' id='word_1_76' title='bbox 365 1029 498 1094; x_wconf 82' lang='lat' dir='ltr'>(quae</span> <span class='ocrx_word' id='word_1_77' title='bbox 531 1028 751 1092; x_wconf 85' lang='lat' dir='ltr'>callebat)</span> <span class='ocrx_word' id='word_1_78' title='bbox 787 1032 836 1078; x_wconf 80' lang='lat'>&amp;</span> <span class='ocrx_word' id='word_1_79' title='bbox 866 1029 1034 1076; x_wconf 86' lang='lat' dir='ltr'>somnia</span> <span class='ocrx_word' id='word_1_80' title='bbox 1054 1065 1066 1087; x_wconf 89' lang='lat'>‚</span> <span class='ocrx_word' id='word_1_81' title='bbox 1095 1046 1118 1076; x_wconf 90' lang='lat' dir='ltr'>e</span> <span class='ocrx_word' id='word_1_82' title='bbox 1148 1030 1242 1076; x_wconf 85' lang='lat' dir='ltr'>vita</span> <span class='ocrx_word' id='word_1_83' title='bbox 1278 1030 1485 1092; x_wconf 83' lang='lat' dir='ltr'>protinus</span> 
     </span>
     <span class='ocr_line' id='line_1_13' title="bbox 200 1103 1484 1167; baseline 0.001 -19"><span class='ocrx_word' id='word_1_84' title='bbox 200 1103 488 1150; x_wconf 72' lang='lat' dir='ltr'>excessurum.</span> <span class='ocrx_word' id='word_1_85' title='bbox 511 1105 565 1149; x_wconf 83' lang='lat' dir='ltr'>Et</span> <span class='ocrx_word' id='word_1_86' title='bbox 589 1104 805 1167; x_wconf 84' lang='lat' dir='ltr'>quoniam</span> <span class='ocrx_word' id='word_1_87' title='bbox 835 1103 1015 1149; x_wconf 89' lang='lat' dir='ltr'>erudito</span> <span class='ocrx_word' id='word_1_88' title='bbox 1039 1104 1087 1150; x_wconf 86' lang='lat'>&amp;</span> <span class='ocrx_word' id='word_1_89' title='bbox 1109 1103 1306 1150; x_wconf 80' lang='lat' dir='ltr'>studioso</span> <span class='ocrx_word' id='word_1_90' title='bbox 1328 1103 1484 1166; x_wconf 81' lang='lat' dir='ltr'>cogni-</span> 
     </span>
     <span class='ocr_line' id='line_1_14' title="bbox 201 1175 1483 1238; baseline 0.001 -16"><span class='ocrx_word' id='word_1_91' title='bbox 201 1176 379 1223; x_wconf 82' lang='lat' dir='ltr'>tionum</span> <span class='ocrx_word' id='word_1_92' title='bbox 401 1177 607 1222; x_wconf 89' lang='lat' dir='ltr'>omnium</span> <span class='ocrx_word' id='word_1_93' title='bbox 622 1175 821 1238; x_wconf 77' lang='lat' dir='ltr'>,principi</span> <span class='ocrx_word' id='word_1_94' title='bbox 844 1175 1059 1221; x_wconf 84' lang='lat' dir='ltr'>malevoli</span> <span class='ocrx_word' id='word_1_95' title='bbox 1079 1175 1385 1237; x_wconf 69' lang='lat' dir='ltr'>praenoscendi</span> <span class='ocrx_word' id='word_1_96' title='bbox 1405 1175 1483 1223; x_wconf 81' lang='lat' dir='ltr'>fu-</span> 
     </span>
     <span class='ocr_line' id='line_1_15' title="bbox 200 1248 1482 1312; baseline -0.001 -16"><span class='ocrx_word' id='word_1_97' title='bbox 200 1261 298 1296; x_wconf 88' lang='lat' dir='ltr'>tura</span> <span class='ocrx_word' id='word_1_98' title='bbox 319 1266 478 1312; x_wconf 84' lang='lat' dir='ltr'>pravas</span> <span class='ocrx_word' id='word_1_99' title='bbox 497 1265 610 1295; x_wconf 89' lang='lat' dir='ltr'>artes</span> <span class='ocrx_word' id='word_1_100' title='bbox 630 1248 872 1311; x_wconf 74' lang='lat' dir='ltr'>assignant,</span> <span class='ocrx_word' id='word_1_101' title='bbox 892 1248 1214 1294; x_wconf 88' lang='lat' dir='ltr'>advertendum</span> <span class='ocrx_word' id='word_1_102' title='bbox 1237 1249 1297 1294; x_wconf 87' lang='lat' dir='ltr'>est</span> <span class='ocrx_word' id='word_1_103' title='bbox 1325 1248 1482 1295; x_wconf 90' lang='lat' dir='ltr'>brevi-</span> 
     </span>
     <span class='ocr_line' id='line_1_16' title="bbox 200 1320 1483 1383; baseline -0.002 -14"><span class='ocrx_word' id='word_1_104' title='bbox 200 1335 293 1379; x_wconf 83' lang='lat' dir='ltr'>ter,</span> <span class='ocrx_word' id='word_1_105' title='bbox 316 1322 434 1368; x_wconf 86' lang='lat' dir='ltr'>unde</span> <span class='ocrx_word' id='word_1_106' title='bbox 455 1321 641 1383; x_wconf 85' lang='lat' dir='ltr'>sapienti</span> <span class='ocrx_word' id='word_1_107' title='bbox 668 1320 773 1367; x_wconf 78' lang='lat' dir='ltr'>viro</span> <span class='ocrx_word' id='word_1_108' title='bbox 798 1321 886 1366; x_wconf 92' lang='lat' dir='ltr'>hoc</span> <span class='ocrx_word' id='word_1_109' title='bbox 915 1336 1096 1381; x_wconf 80' lang='lat' dir='ltr'>quoque</span> <span class='ocrx_word' id='word_1_110' title='bbox 1121 1321 1321 1366; x_wconf 87' lang='lat' dir='ltr'>accidere</span> <span class='ocrx_word' id='word_1_111' title='bbox 1347 1333 1483 1383; x_wconf 89' lang='lat' dir='ltr'>pote-</span> 
     </span>
     <span class='ocr_line' id='line_1_17' title="bbox 203 1393 1483 1457; baseline -0.001 -15"><span class='ocrx_word' id='word_1_112' title='bbox 203 1396 261 1442; x_wconf 85' lang='lat' dir='ltr'>rit</span> <span class='ocrx_word' id='word_1_113' title='bbox 293 1393 509 1440; x_wconf 61' lang='lat' dir='ltr'>doctrinae</span> <span class='ocrx_word' id='word_1_114' title='bbox 539 1409 676 1457; x_wconf 84' lang='lat' dir='ltr'>genus</span> <span class='ocrx_word' id='word_1_115' title='bbox 709 1393 825 1439; x_wconf 89' lang='lat' dir='ltr'>haud</span> <span class='ocrx_word' id='word_1_116' title='bbox 860 1393 976 1440; x_wconf 88' lang='lat' dir='ltr'>leve.</span> <span class='ocrx_word' id='word_1_117' title='bbox 1009 1394 1346 1441; x_wconf 86' lang='lat' dir='ltr'>Elementorum</span> <span class='ocrx_word' id='word_1_118' title='bbox 1379 1411 1483 1442; x_wconf 89' lang='lat' dir='ltr'>om-</span> 
     </span>
     <span class='ocr_line' id='line_1_18' title="bbox 201 1466 1479 1530; baseline 0 -16"><span class='ocrx_word' id='word_1_119' title='bbox 201 1468 325 1514; x_wconf 87' lang='lat' dir='ltr'>nium</span> <span class='ocrx_word' id='word_1_120' title='bbox 346 1466 544 1530; x_wconf 83' lang='lat' dir='ltr'>spiritus,</span> <span class='ocrx_word' id='word_1_121' title='bbox 562 1479 720 1529; x_wconf 83' lang='lat' dir='ltr'>utpote</span> <span class='ocrx_word' id='word_1_122' title='bbox 739 1467 1002 1528; x_wconf 82' lang='lat' dir='ltr'>perennium</span> <span class='ocrx_word' id='word_1_123' title='bbox 1022 1483 1268 1530; x_wconf 84' lang='lat' dir='ltr'>corporum</span> <span class='ocrx_word' id='word_1_124' title='bbox 1290 1467 1479 1529; x_wconf 84' lang='lat' dir='ltr'>praesen-</span> 
     </span>
     <span class='ocr_line' id='line_1_19' title="bbox 201 1539 1485 1605; baseline -0.002 -16"><span class='ocrx_word' id='word_1_125' title='bbox 201 1543 344 1590; x_wconf 87' lang='lat' dir='ltr'>tiendi</span> <span class='ocrx_word' id='word_1_126' title='bbox 365 1554 496 1589; x_wconf 86' lang='lat' dir='ltr'>motu</span> <span class='ocrx_word' id='word_1_127' title='bbox 528 1541 698 1605; x_wconf 85' lang='lat' dir='ltr'>semper</span> <span class='ocrx_word' id='word_1_128' title='bbox 719 1543 767 1589; x_wconf 76' lang='grc' dir='ltr'>δε</span> <span class='ocrx_word' id='word_1_129' title='bbox 794 1541 959 1602; x_wconf 87' lang='lat' dir='ltr'>ubique</span> <span class='ocrx_word' id='word_1_130' title='bbox 986 1541 1167 1604; x_wconf 87' lang='lat' dir='ltr'>vigens,</span> <span class='ocrx_word' id='word_1_131' title='bbox 1189 1557 1240 1586; x_wconf 80' lang='lat' dir='ltr'>ex</span> <span class='ocrx_word' id='word_1_132' title='bbox 1261 1539 1356 1597; x_wconf 83' lang='lat' dir='ltr'>his,</span> <span class='ocrx_word' id='word_1_133' title='bbox 1379 1556 1485 1603; x_wconf 82' lang='lat' dir='ltr'>quae</span> 
     </span>
     <span class='ocr_line' id='line_1_20' title="bbox 201 1611 1485 1678; baseline -0.002 -18"><span class='ocrx_word' id='word_1_134' title='bbox 201 1631 283 1678; x_wconf 85' lang='lat' dir='ltr'>per</span> <span class='ocrx_word' id='word_1_135' title='bbox 309 1613 560 1676; x_wconf 88' lang='lat' dir='ltr'>disciplinas</span> <span class='ocrx_word' id='word_1_136' title='bbox 589 1614 732 1661; x_wconf 84' lang='lat' dir='ltr'>varias</span> <span class='ocrx_word' id='word_1_137' title='bbox 762 1611 1041 1668; x_wconf 62' lang='lat' dir='ltr'>affectamus,</span> <span class='ocrx_word' id='word_1_138' title='bbox 1064 1612 1298 1674; x_wconf 87' lang='lat' dir='ltr'>participat</span> <span class='ocrx_word' id='word_1_139' title='bbox 1331 1611 1485 1658; x_wconf 88' lang='lat' dir='ltr'>nobis-</span> 
     </span>
     <span class='ocr_line' id='line_1_21' title="bbox 201 1685 1485 1748; baseline 0 -14"><span class='ocrx_word' id='word_1_140' title='bbox 201 1703 304 1734; x_wconf 87' lang='lat' dir='ltr'>cum</span> <span class='ocrx_word' id='word_1_141' title='bbox 331 1703 516 1733; x_wconf 89' lang='lat' dir='ltr'>munera</span> <span class='ocrx_word' id='word_1_142' title='bbox 542 1686 777 1734; x_wconf 87' lang='lat' dir='ltr'>divinandi</span> <span class='ocrx_word' id='word_1_143' title='bbox 800 1702 810 1730; x_wconf 92' lang='lat'><strong>:</strong></span> <span class='ocrx_word' id='word_1_144' title='bbox 841 1687 891 1733; x_wconf 72' lang='grc' dir='ltr'>δε</span> <span class='ocrx_word' id='word_1_145' title='bbox 918 1685 1214 1732; x_wconf 83' lang='lat' dir='ltr'>substantiales</span> <span class='ocrx_word' id='word_1_146' title='bbox 1243 1685 1485 1748; x_wconf 82' lang='lat' dir='ltr'>potestates</span> 
     </span>
     <span class='ocr_line' id='line_1_22' title="bbox 200 1758 1484 1823; baseline 0 -17"><span class='ocrx_word' id='word_1_147' title='bbox 200 1760 290 1806; x_wconf 75' lang='lat' dir='ltr'>ritu</span> <span class='ocrx_word' id='word_1_148' title='bbox 318 1759 499 1806; x_wconf 86' lang='lat' dir='ltr'>diverso</span> <span class='ocrx_word' id='word_1_149' title='bbox 535 1760 743 1823; x_wconf 77' lang='lat' dir='ltr'>placatae,</span> <span class='ocrx_word' id='word_1_150' title='bbox 773 1760 900 1806; x_wconf 86' lang='lat' dir='ltr'>velut</span> <span class='ocrx_word' id='word_1_151' title='bbox 935 1776 989 1805; x_wconf 83' lang='lat' dir='ltr'>ex</span> <span class='ocrx_word' id='word_1_152' title='bbox 1022 1758 1248 1822; x_wconf 83' lang='lat' dir='ltr'>perpetuis</span> <span class='ocrx_word' id='word_1_153' title='bbox 1283 1758 1484 1806; x_wconf 88' lang='lat' dir='ltr'>fontium</span> 
     </span>
     <span class='ocr_line' id='line_1_23' title="bbox 202 1831 1482 1894; baseline -0.002 -14"><span class='ocrx_word' id='word_1_154' title='bbox 202 1832 335 1880; x_wconf 86' lang='lat' dir='ltr'>venis</span> <span class='ocrx_word' id='word_1_155' title='bbox 365 1833 559 1880; x_wconf 88' lang='lat' dir='ltr'>vaticina</span> <span class='ocrx_word' id='word_1_156' title='bbox 588 1833 846 1881; x_wconf 77' lang='lat' dir='ltr'>mortalitati</span> <span class='ocrx_word' id='word_1_157' title='bbox 879 1831 1161 1894; x_wconf 87' lang='lat' dir='ltr'>suppeditant</span> <span class='ocrx_word' id='word_1_158' title='bbox 1196 1832 1364 1888; x_wconf 87' lang='lat' dir='ltr'>verba,</span> <span class='ocrx_word' id='word_1_159' title='bbox 1384 1831 1482 1894; x_wconf 87' lang='lat' dir='ltr'>qui·</span> 
     </span>
     <span class='ocr_line' id='line_1_24' title="bbox 203 1905 1484 1969; baseline -0.003 -15"><span class='ocrx_word' id='word_1_160' title='bbox 203 1908 286 1954; x_wconf 89' lang='lat' dir='ltr'>bus</span> <span class='ocrx_word' id='word_1_161' title='bbox 312 1923 475 1953; x_wconf 86' lang='lat' dir='ltr'>numen</span> <span class='ocrx_word' id='word_1_162' title='bbox 501 1907 678 1969; x_wconf 84' lang='lat' dir='ltr'>praeeffe</span> <span class='ocrx_word' id='word_1_163' title='bbox 700 1905 863 1953; x_wconf 89' lang='lat' dir='ltr'>dicitur</span> <span class='ocrx_word' id='word_1_164' title='bbox 886 1905 1117 1953; x_wconf 88' lang='lat' dir='ltr'>Themidis</span> <span class='ocrx_word' id='word_1_165' title='bbox 1138 1923 1151 1951; x_wconf 75' lang='grc' dir='ltr'><strong><em>ε</em></strong></span> <span class='ocrx_word' id='word_1_166' title='bbox 1177 1921 1309 1967; x_wconf 89' lang='lat' dir='ltr'>quam</span> <span class='ocrx_word' id='word_1_167' title='bbox 1327 1920 1380 1950; x_wconf 82' lang='lat' dir='ltr'>ex</span> <span class='ocrx_word' id='word_1_168' title='bbox 1400 1921 1484 1964; x_wconf 86' lang='lat' dir='ltr'>eo,</span> 
     </span>
     <span class='ocr_line' id='line_1_25' title="bbox 200 1975 1484 2044; baseline 0 -20"><span class='ocrx_word' id='word_1_169' title='bbox 200 1978 326 2042; x_wconf 90' lang='lat' dir='ltr'>quod</span> <span class='ocrx_word' id='word_1_170' title='bbox 348 1976 435 2024; x_wconf 81' lang='lat' dir='ltr'>fixa</span> <span class='ocrx_word' id='word_1_171' title='bbox 456 1978 578 2025; x_wconf 89' lang='lat' dir='ltr'>fatali</span> <span class='ocrx_word' id='word_1_172' title='bbox 594 1979 693 2044; x_wconf 88' lang='lat' dir='ltr'>lege</span> <span class='ocrx_word' id='word_1_173' title='bbox 711 1979 883 2025; x_wconf 88' lang='lat' dir='ltr'>decreta</span> <span class='ocrx_word' id='word_1_174' title='bbox 910 1976 1114 2039; x_wconf 81' lang='lat' dir='ltr'>praescire</span> <span class='ocrx_word' id='word_1_175' title='bbox 1135 1975 1241 2022; x_wconf 88' lang='lat' dir='ltr'>facit</span> <span class='ocrx_word' id='word_1_176' title='bbox 1263 1977 1308 2022; x_wconf 86' lang='lat' dir='ltr'>in</span> <span class='ocrx_word' id='word_1_177' title='bbox 1331 1975 1484 2038; x_wconf 55' lang='lat' dir='ltr'>poste-s</span> 
     </span>
     <span class='ocr_line' id='line_1_26' title="bbox 201 2047 1483 2112; baseline -0.002 -16"><span class='ocrx_word' id='word_1_178' title='bbox 201 2066 301 2096; x_wconf 86' lang='lat' dir='ltr'>rum</span> <span class='ocrx_word' id='word_1_179' title='bbox 317 2084 330 2106; x_wconf 89' lang='lat'><strong>,</strong></span> <span class='ocrx_word' id='word_1_180' title='bbox 353 2066 451 2112; x_wconf 81' lang='lat' dir='ltr'>quae</span> <span class='ocrx_word' id='word_1_181' title='bbox 476 2058 679 2109; x_wconf 58' lang='grc' dir='ltr'>τεῇειμένιι</span> <span class='ocrx_word' id='word_1_182' title='bbox 708 2049 852 2096; x_wconf 91' lang='lat' dir='ltr'>sermo</span> <span class='ocrx_word' id='word_1_183' title='bbox 880 2051 1062 2095; x_wconf 87' lang='lat' dir='ltr'>Graecus</span> <span class='ocrx_word' id='word_1_184' title='bbox 1081 2047 1298 2110; x_wconf 81' lang='lat' dir='ltr'>appellat,</span> <span class='ocrx_word' id='word_1_185' title='bbox 1320 2047 1378 2092; x_wconf 89' lang='lat' dir='ltr'>ita</span> <span class='ocrx_word' id='word_1_186' title='bbox 1398 2063 1483 2094; x_wconf 85' lang='lat' dir='ltr'>co-</span> 
     </span>
     <span class='ocr_line' id='line_1_27' title="bbox 202 2119 1482 2187; baseline -0.002 -18"><span class='ocrx_word' id='word_1_187' title='bbox 202 2122 532 2187; x_wconf 83' lang='lat' dir='ltr'>gnominatam,</span> <span class='ocrx_word' id='word_1_188' title='bbox 551 2122 596 2168; x_wconf 87' lang='lat' dir='ltr'>in</span> <span class='ocrx_word' id='word_1_189' title='bbox 622 2122 757 2169; x_wconf 89' lang='lat' dir='ltr'>cubili</span> <span class='ocrx_word' id='word_1_190' title='bbox 780 2122 985 2185; x_wconf 81' lang='lat' dir='ltr'>solioque</span> <span class='ocrx_word' id='word_1_191' title='bbox 1006 2120 1133 2170; x_wconf 85' lang='lat' dir='ltr'>Jovis</span> <span class='ocrx_word' id='word_1_192' title='bbox 1159 2119 1328 2184; x_wconf 87' lang='lat' dir='ltr'>vigoris</span> <span class='ocrx_word' id='word_1_193' title='bbox 1353 2120 1482 2168; x_wconf 87' lang='lat' dir='ltr'>vivi-</span> 
     </span>
     <span class='ocr_line' id='line_1_28' title="bbox 200 2193 1483 2259; baseline -0.004 -15"><span class='ocrx_word' id='word_1_194' title='bbox 200 2195 276 2244; x_wconf 85' lang='lat' dir='ltr'>fici</span> <span class='ocrx_word' id='word_1_195' title='bbox 301 2196 504 2259; x_wconf 84' lang='lat' dir='ltr'>theologi</span> <span class='ocrx_word' id='word_1_196' title='bbox 523 2208 697 2244; x_wconf 88' lang='lat' dir='ltr'>veteres</span> <span class='ocrx_word' id='word_1_197' title='bbox 717 2196 1021 2245; x_wconf 84' lang='lat' dir='ltr'>collocarunt.</span> <span class='ocrx_word' id='word_1_198' title='bbox 1049 2196 1244 2258; x_wconf 85' lang='lat' dir='ltr'>Auguria</span> <span class='ocrx_word' id='word_1_199' title='bbox 1265 2195 1315 2242; x_wconf 86' lang='lat'>&amp;</span> <span class='ocrx_word' id='word_1_200' title='bbox 1334 2193 1483 2257; x_wconf 89' lang='lat' dir='ltr'>auspi-</span> 
     </span>
     <span class='ocr_line' id='line_1_29' title="bbox 202 2267 1483 2317; baseline -0.002 -1"><span class='ocrx_word' id='word_1_201' title='bbox 202 2269 271 2317; x_wconf 85' lang='lat' dir='ltr'>cia</span> <span class='ocrx_word' id='word_1_202' title='bbox 292 2285 386 2316; x_wconf 89' lang='lat' dir='ltr'>non</span> <span class='ocrx_word' id='word_1_203' title='bbox 408 2269 651 2316; x_wconf 86' lang='lat' dir='ltr'>volucrum</span> <span class='ocrx_word' id='word_1_204' title='bbox 673 2270 858 2317; x_wconf 86' lang='lat' dir='ltr'>arbitrio</span> <span class='ocrx_word' id='word_1_205' title='bbox 879 2269 1028 2316; x_wconf 88' lang='lat' dir='ltr'>futura</span> <span class='ocrx_word' id='word_1_206' title='bbox 1061 2267 1352 2315; x_wconf 84' lang='lat' dir='ltr'>nescientium</span> <span class='ocrx_word' id='word_1_207' title='bbox 1383 2267 1483 2314; x_wconf 89' lang='lat' dir='ltr'>col-</span> 
     </span>
     <span class='ocr_line' id='line_1_30' title="bbox 202 2341 1482 2406; baseline 0 -18"><span class='ocrx_word' id='word_1_208' title='bbox 202 2341 400 2406; x_wconf 82' lang='lat' dir='ltr'>liguntur</span> <span class='ocrx_word' id='word_1_209' title='bbox 419 2359 430 2387; x_wconf 76' lang='grc' dir='ltr'><em>τ</em></span> <span class='ocrx_word' id='word_1_210' title='bbox 454 2343 571 2402; x_wconf 88' lang='lat' dir='ltr'>(nec</span> <span class='ocrx_word' id='word_1_211' title='bbox 590 2343 708 2389; x_wconf 89' lang='lat' dir='ltr'>enim</span> <span class='ocrx_word' id='word_1_212' title='bbox 738 2344 829 2391; x_wconf 88' lang='lat' dir='ltr'>hoc</span> <span class='ocrx_word' id='word_1_213' title='bbox 855 2343 927 2389; x_wconf 89' lang='lat' dir='ltr'>vel</span> <span class='ocrx_word' id='word_1_214' title='bbox 947 2342 1155 2404; x_wconf 88' lang='lat' dir='ltr'>infipiens</span> <span class='ocrx_word' id='word_1_215' title='bbox 1171 2341 1395 2404; x_wconf 87' lang='lat' dir='ltr'>quisquam</span> <span class='ocrx_word' id='word_1_216' title='bbox 1415 2341 1482 2388; x_wconf 87' lang='lat' dir='ltr'>di-</span> 
     </span>
     <span class='ocr_line' id='line_1_31' title="bbox 204 2414 1481 2480; baseline -0.002 -17"><span class='ocrx_word' id='word_1_217' title='bbox 204 2414 312 2479; x_wconf 87' lang='lat' dir='ltr'>cet)</span> <span class='ocrx_word' id='word_1_218' title='bbox 345 2414 416 2461; x_wconf 89' lang='lat' dir='ltr'>sed</span> <span class='ocrx_word' id='word_1_219' title='bbox 442 2416 619 2464; x_wconf 88' lang='lat' dir='ltr'>volatus</span> <span class='ocrx_word' id='word_1_220' title='bbox 654 2417 807 2464; x_wconf 88' lang='lat' dir='ltr'>avium</span> <span class='ocrx_word' id='word_1_221' title='bbox 835 2416 985 2480; x_wconf 85' lang='lat' dir='ltr'>dirigit</span> <span class='ocrx_word' id='word_1_222' title='bbox 1015 2417 1170 2473; x_wconf 56' lang='lat' dir='ltr'>Deus»,</span> <span class='ocrx_word' id='word_1_223' title='bbox 1204 2429 1254 2462; x_wconf 90' lang='lat' dir='ltr'>ut</span> <span class='ocrx_word' id='word_1_224' title='bbox 1285 2414 1481 2462; x_wconf 85' lang='lat' dir='ltr'>rostrum</span> 
     </span>
     <span class='ocr_line' id='line_1_32' title="bbox 204 2486 1481 2555; baseline -0.002 -20"><span class='ocrx_word' id='word_1_225' title='bbox 204 2487 394 2549; x_wconf 84' lang='lat' dir='ltr'>sonans,</span> <span class='ocrx_word' id='word_1_226' title='bbox 420 2500 494 2535; x_wconf 87' lang='lat' dir='ltr'>aut</span> <span class='ocrx_word' id='word_1_227' title='bbox 510 2490 837 2553; x_wconf 81' lang='lat' dir='ltr'>praetervolans</span> <span class='ocrx_word' id='word_1_228' title='bbox 858 2489 998 2555; x_wconf 83' lang='lat' dir='ltr'>pinna</span> <span class='ocrx_word' id='word_1_229' title='bbox 1025 2488 1208 2538; x_wconf 83' lang='lat' dir='ltr'>turbido</span> <span class='ocrx_word' id='word_1_230' title='bbox 1234 2504 1385 2537; x_wconf 84' lang='lat' dir='ltr'>meatu</span> <span class='ocrx_word' id='word_1_231' title='bbox 1406 2486 1481 2540; x_wconf 80' lang='lat' dir='ltr'>vel</span> 
     </span>
    </p>
   </div>
  </div>
 </body>
</html>
