1626 2917
567 143 834 189 VITA.
1302 153 1361 188 υς

74 248 214 315 petita
233 248 344 296 ‘effet
373 247 568 297 Urficini
592 249 824 295 clariffima
860 249 910 295 &
943 244 1365 295 consummatissima

76 316 222 368 virtus
237 350 253 372 ,
278 315 425 378 iique,
442 314 641 376 depotita
662 315 819 361 militia
839 314 1063 374 honorata
1078 349 1092 371 ‚
1117 313 1287 376 digredi
1308 312 1366 359 ad

77 381 222 434 otium
244 380 448 443 ignobile
478 379 612 440 jussus
635 380 686 425 sit
704 415 718 437 ‚
737 392 786 426 ut
807 380 883 427 lib.
912 380 1007 426 XX
1026 378 1335 443 perstringitur
1350 395 1365 425 ε

78 445 215 497 credo
251 459 432 498 tamen,
470 448 750 491 Ammianum
795 444 927 491 suum
959 445 1114 491 locum
1149 446 1200 491 ὅ(
1235 443 1368 491 ordi-

78 526 177 556 nem
199 546 210 563 ,
231 507 554 573 qualiscunque
585 510 764 556 tandem
792 510 925 556 fuerit
943 543 956 565 ‚
984 509 1236 564 retinuisse3
1260 508 1366 571 quia

78 574 130 620 de
157 575 366 622 Ursicino
395 589 505 622 tunc
535 575 766 637 separatim
801 574 1035 637 loquitur,
1054 574 1176 637 quasi
1194 574 1251 620 ab
1269 572 1369 634 ejus

79 638 262 686 fortuna
299 640 543 695 discretus;
578 657 682 686 cum
712 639 920 703 alioquin
952 639 998 685 in
1031 655 1181 686 rerum
1217 639 1273 685 ab
1306 654 1369 684 eo

78 704 292 767 gestarum
323 704 762 753 commemoratione
788 704 992 766 seipsum
1020 703 1062 750 ei
1089 702 1371 766 frequentius

79 768 319 832 adjungat:
348 773 395 817 ὅ(
421 785 534 815 vero
568 770 686 816 hanc
714 769 848 815 status
869 768 933 815 sui
957 768 1368 815 commutationem

77 834 195 880 haud
228 834 538 881 diffimulaffet.
573 835 699 893 Quas
726 845 874 879 autem
892 868 906 890 ,
926 846 1112 879 mortuo
1139 833 1373 886 Constan-

78 897 147 944 tio
169 935 184 955 ,
215 898 292 945 sub
323 899 527 953 juliano,
553 897 876 944 Valeminiano
897 932 910 954 ‚
948 897 1137 944 Valente
1154 935 1167 951 ‚
1193 899 1371 944 Gratia-

78 979 168 1019 no,
194 981 246 1012 ac
274 963 537 1018 Theodosio
555 1000 565 1017 ‚
587 963 800 1009 militares
832 975 908 1010 aut
935 962 1095 1009 civiles
1130 963 1373 1026 dignitates

80 1029 284 1090 gefferst,
309 1045 366 1074 ex
391 1027 485 1087 ejus
518 1027 668 1074 verbis
700 1026 833 1075 nobis
858 1027 919 1074 est
947 1027 1298 1090 incompertum.
1316 1030 1372 1075 In

79 1091 168 1147 fine
196 1093 373 1156 quidem
405 1092 582 1156 operis,
608 1092 866 1155 {impliciter
893 1091 936 1139 se
955 1095 1126 1140 militem
1143 1093 1373 1156 appellat,

80 1172 130 1204 ut
155 1158 376 1206 incertum
396 1158 446 1204 fit
463 1194 477 1215 ,
499 1157 623 1204 miles
652 1175 753 1205 cum
780 1158 998 1222 dignitate
1028 1158 1188 1217 fuerit,
1212 1175 1375 1206 necne.

81 1223 304 1270 Militavit
340 1223 520 1287 quidem
555 1222 689 1270 bello
721 1224 899 1271 Persico
932 1223 1009 1269 sub
1045 1224 1256 1281 Iuliano,
1298 1224 1375 1272 cui

81 1289 212 1334 etiam
234 1288 485 1336 Histoi-icus
500 1288 746 1352 Eutropius
765 1287 999 1343 interfuit;
1019 1288 1092 1335 sed
1109 1307 1166 1336 an
1191 1302 1241 1336 ut
1259 1290 1375 1336 Pro-

83 1355 228 1401 teftor
255 1353 545 1400 Domesticus
566 1389 580 1411 ,
607 1365 685 1401 aut
717 1353 797 1399 sub
830 1353 922 1400 alio
950 1354 1180 1417 dignitatis
1210 1355 1376 1401 milita-

85 1419 144 1465 ris
172 1419 305 1465 titulo
323 1453 337 1477 ‚
354 1427 496 1481 'quem
524 1417 618 1477 ejus
649 1418 860 1465 industria
881 1420 1162 1477 merebatur,
1182 1421 1287 1466 ideo
1309 1419 1375 1467 est

87 1482 318 1530 obscurius
339 1518 355 1541 ‚
385 1483 492 1545 quia
520 1482 710 1544 posteris
747 1483 793 1529 id
836 1483 1008 1530 tradere
1039 1501 1159 1531 curae
1196 1485 1238 1532 ei
1275 1502 1375 1532 non

85 1546 201 1598 fuit:
233 1549 288 1594 ab
307 1547 433 1594 omni
460 1548 581 1593 enim
606 1547 817 1594 vanitatis
845 1565 897 1595 ac
915 1547 1135 1610 jaetantiae
1157 1549 1376 1613 suspicio-

83 1629 143 1658 ne
166 1613 283 1659 abest
305 1612 557 1675 longiflime
584 1616 859 1660 Ammianus.
879 1617 1013 1660 Forte
1033 1614 1183 1662 noluit
1207 1615 1378 1662 referre

44 1732 46 1734 v
85 1679 234 1725 anetus
268 1677 369 1724 suos
398 1679 448 1725 ὃ(
477 1678 713 1740 dignitates
741 1677 956 1741 adjeflas‚
983 1679 1076 1725 five
1106 1697 1128 1727 a
1162 1681 1376 1740 Juiiano,

86 1742 182 1789 five
216 1742 272 1789 ab
314 1742 444 1804 aljis,
479 1760 534 1788 ne
566 1741 770 1790 beneficii
809 1743 942 1804 hujus
976 1745 1285 1807 publicatione
1320 1747 1378 1794 de

86 1807 298 1858 Historiae
333 1808 420 1855 suae
450 1807 536 1854 fide
567 1809 642 1854 vel
675 1808 827 1855 saltem
857 1809 1107 1872 suspicione
1135 1824 1267 1858 tenus
1295 1813 1379 1858 de-

86 1873 324 1920 minueret.
364 1873 447 1920 Sed
477 1887 626 1920 tamen
658 1874 704 1920 in
732 1873 991 1937 reipublicae
1019 1877 1122 1923 luce
1151 1877 1379 1926 versatum

89 1952 224 1985 tantae
252 1938 478 1985 industriae
511 1936 658 1986 virum
679 1974 692 1998 ‚
727 1956 778 1986 ac
811 1940 952 1987 titulis
989 1941 1255 2004 dignitatum
1294 1943 1377 1990 de·

89 2019 294 2050 coratum
323 2001 449 2050 fuiffe
467 2039 481 2060 ‚
513 2021 606 2050 non
640 2004 836 2060 dubit03
864 2023 966 2052 cum
996 2009 1128 2053 etiam
1159 2007 1237 2054 sub
1255 2010 1379 2055 Gra-

90 2070 247 2127 tiano,
280 2069 600 2116 Valentiniano
638 2067 848 2130 juniore,
884 2087 936 2118 ac
972 2072 1238 2119 Theodosio
1275 2073 1381 2124 Co÷

90 2133 296 2180 mitivam
327 2134 392 2181 rei
419 2135 611 2181 Privatae
646 2135 885 2193 meruerit,
914 2135 962 2182 id
1000 2137 1060 2183 est
1081 2173 1095 2195 ,
1123 2138 1178 2185 ab
1208 2151 1377 2186 armata

90 2198 144 2250 ad
163 2198 401 2260 palatinam
434 2199 693 2261 dignitatem
724 2200 956 2249 transierit.
990 2204 1107 2249 Nam
1128 2203 1188 2251 fic
1216 2202 1378 2250 inscri-

93 2262 214 2310 bitur
244 2264 311 2309 lex
341 2266 443 2311 XLI
473 2265 591 2312 Cod.
624 2266 802 2323 Theod.
829 2267 884 2312 de
913 2268 1122 2330 appellat.
1150 2271 1303 2315 ImEM
1327 2284 1379 2316 A.

97 2341 146 2376 A.
166 2343 232 2376 AD
262 2328 578 2376 AMMIANUM
601 2331 741 2378 COM.
761 2332 818 2380 R.
847 2332 894 2378 P.
922 2350 1022 2395 quae
1052 2331 1248 2393 ejusdem
1272 2333 1381 2382 anni

94 2393 178 2448 est,
212 2395 315 2441 licet
338 2395 514 2441 alterius
543 2395 630 2441 diei
659 2412 760 2442 cum
788 2398 832 2442 L.
862 2398 921 2444 V.
952 2397 997 2443 in
1026 2399 1145 2445 Cod.
1176 2411 1377 2461 utroque

97 2460 154 2506 ad
181 2458 267 2524 leg.
295 2461 380 2510 Jul.
410 2473 551 2526 repet.
581 2478 684 2527 quae
714 2461 769 2509 ad
804 2461 1113 2527 Magistratum
1147 2466 1198 2512 &
1226 2463 1274 2511 in
1296 2464 1379 2513 ad-

193 2566 198 2571 .
1088 2546 1113 2577 a
1133 2546 1167 2590 4-
