1626 2917
306 109 528 156 RERUM
565 109 908 158 GESTARUM
937 110 1041 156 LlB.
1073 108 1245 155 XXXI.
1334 110 1422 171 263

133 213 400 262 vastatorias
434 231 617 273 manus,
643 231 743 278 quae
775 213 961 278 [justis]
990 214 1261 277 optimatum
1293 230 1428 261 acce-

133 287 248 351 ptis,
278 287 455 343 statim,
483 300 533 334 ut
571 286 739 334 incensi
772 286 972 333 malleoli
989 322 1011 342 ,,
1030 286 1087 333 ad
1121 285 1427 349 carraginem,

131 377 267 424 quam
302 361 365 408 ita
397 360 479 424 ipfi
504 360 756 424 appellant,
782 359 879 406 aliti
914 359 1160 408 velocitate
1196 359 1425 423 regreffae,

128 431 418 481 incentivum
457 432 651 481 audendi
689 431 860 494 majora
895 432 1194 496 popularibus
1237 431 1426 478 addide-

129 519 251 556 runt.
286 507 416 554 Nihil
448 507 548 570 post
581 507 678 554 baec
707 506 824 553 inter
853 518 997 569 partes
1028 520 1189 569 praeter
1220 505 1426 555 inducias

127 577 329 627 laxatum
346 579 408 627 est
426 580 606 627 breves.
623 578 832 626 Reversis
854 579 974 626 enim
995 579 1090 637 his,
1105 594 1221 643 quos
1241 578 1424 625 neceffi-

128 661 195 697 tas
223 664 471 710 evocarat,
498 651 626 714 plebs
643 651 793 698 omnis
814 650 930 696 intra
951 650 1179 713 septorum
1203 650 1424 697 ambitum

126 723 360 770 etiamtum
387 723 596 771 contrusa
611 760 628 782 ,
651 723 909 771 immaniter
930 722 1124 769 fremens
1139 757 1154 780 ,
1174 721 1424 784 animisque

129 795 314 842 concita
344 796 636 853 truculentis,
655 794 848 858 experiri
876 794 1101 858 postrema
1132 793 1424 850 discrimina,

129 882 215 913 nec
245 866 528 928 principibus
559 867 731 930 gentis,
756 866 838 929 qui
863 867 1073 924 aderant,
1103 864 1424 922 renuentibus,

128 936 351 984 cruditate
378 936 626 986 festinabat.
650 939 706 983 Et
733 936 952 1000 quoniam
978 937 1076 984 haec
1104 935 1198 983 sole
1226 937 1423 1001 ageban-

128 1019 201 1055 tur
219 1014 424 1055 extremo
439 1046 455 1068 ,
474 1025 661 1072 noxque
681 1010 933 1056 adventans
957 1009 1012 1055 ad
1031 1008 1227 1071 quietem
1247 1010 1423 1056 invitos

127 1082 349 1128 retinebat
377 1083 427 1130 ὃ(
458 1081 669 1140 moestos,
698 1094 834 1144 capto
855 1097 936 1144 per
966 1082 1111 1127 otium
1136 1083 1241 1128 cibo
1275 1081 1424 1130 somni

126 1154 384 1201 manserunt
403 1166 626 1217 expertes.
659 1155 837 1202 Contra
856 1154 1084 1212 Romani,
1108 1153 1175 1200 his
1196 1154 1392 1216 cognitis
1407 1189 1423 1210 ‚

125 1226 207 1291 ipsi
236 1245 438 1293 quoque.
457 1227 696 1275 exsomnes
726 1228 998 1276 verebantur
1024 1228 1203 1286 hosteS,
1231 1230 1280 1276 δε
1309 1229 1423 1274 male

126 1302 258 1350 sanos
277 1319 437 1350 eorum
457 1302 666 1348 duEtores
692 1313 741 1348 ut
759 1301 932 1348 rabidas
955 1300 1070 1348 feras
1090 1318 1102 1348 :
1121 1314 1336 1350 eventum
1365 1300 1423 1347 li-

128 1387 201 1421 cet
228 1374 470 1436 ancipitem
486 1409 501 1432 ‚
522 1386 572 1419 ut
598 1388 792 1420 numero
824 1373 923 1420 satis
948 1373 1209 1433 inferiores,
1232 1373 1424 1439 prospe-

127 1464 229 1494 rum
256 1461 407 1495 tamen
439 1447 502 1494 ob
529 1445 759 1508 justiorem
789 1446 852 1493 sui
884 1447 1059 1494 causam
1083 1448 1308 1496 mentibus
1337 1466 1423 1496 ex-

128 1519 372 1582 spe&antes
391 1519 647 1583 impavidis.
667 1520 904 1567 Candente
925 1519 1079 1584 itaque
1097 1521 1302 1583 protinus
1323 1522 1423 1583 die,

127 1592 258 1656 signo
276 1594 332 1640 ad
352 1609 472 1640 arma
499 1592 715 1655 capienda
741 1608 798 1638 ex
828 1605 1016 1655 utraque
1037 1606 1162 1655 parte
1184 1610 1262 1657 per
1283 1594 1423 1643 lituos

127 1665 234 1712 dato
250 1700 264 1724 ‚
283 1664 486 1723 barbari,
508 1664 748 1730 postquam
769 1664 885 1712 inter
907 1681 987 1713 eos
1006 1682 1061 1712 ex
1079 1682 1208 1713 more
1226 1665 1422 1727 juratum

127 1739 217 1795 est,
248 1739 504 1787 tumulosos
540 1738 673 1787 locos
715 1753 926 1803 appetere
967 1753 1292 1790 ten-taverunt:
1323 1759 1422 1808 quo

127 1812 293 1860 e‘xinde
312 1829 393 1876 per
422 1812 630 1876 proclive
651 1824 851 1860 rotarum
880 1814 1023 1861 modo
1048 1814 1220 1862 obvios
1248 1815 1424 1881 impetu

129 1883 482 1932 convolverunt
509 1884 701 1932 acriore.
728 1886 928 1949 Hocque
953 1885 1055 1934 viso
1084 1887 1140 1934 ad
1165 1888 1269 1935 suos
1298 1888 1423 1952 quis-

126 1975 217 2023 que
237 1958 496 2023 manipulos
523 1975 773 2023 properans
804 1959 959 2019 miles,
986 1960 1129 2008 stabili
1148 1964 1287 2026 gradu
1307 1980 1423 2012 con-

128 2030 279 2079 fistens
310 2047 398 2080 nec
429 2032 699 2096 vagabatur,
726 2049 812 2080 nec
844 2032 1006 2081 reliffis
1038 2035 1274 2083 ordinibus
1308 2049 1425 2100 pro-i

130 2102 348 2152 cursabat.
369 2106 492 2168 Ergo
514 2103 596 2151 ubi
615 2104 828 2168 utrinque
853 2105 972 2154 acies
1002 2107 1180 2156 cautius
1203 2107 1424 2158 inceden-

131 2187 198 2223 tes
222 2175 364 2240 gressu
393 2175 608 2224 steterunt
629 2176 883 2237 immobili,
905 2179 1120 2229 torvitate
1146 2194 1301 2229 mutua
1327 2184 1425 2230 bel-

132 2248 301 2296 latores
331 2249 578 2298 luminibus
601 2248 643 2298 se
667 2252 1000 2299 contuebantur
1019 2253 1228 2318 obli-quis.
1256 2259 1311 2303 Et
1328 2258 1426 2305 Ro-

133 2318 255 2366 mani
282 2321 466 2384 quidem
485 2338 604 2370 voce
633 2322 833 2387 undique
862 2326 1023 2373 Martia
1055 2328 1377 2387 concinentes,
1398 2347 1425 2378 a

134 2392 313 2442 minore
343 2393 472 2442 solita
500 2395 556 2442 ad
590 2394 810 2459 majorem
838 2399 1055 2462 protolli,
1076 2418 1212 2463 quam
1243 2401 1425 2467 gentili-2

1064 2475 1106 2521 R
1140 2491 1174 2534 4
