1626 2917
215 157 300 217 136
420 157 1282 204 AMMIANIMARCELLINI

210 277 434 306 morarum
456 260 732 322 impatientes
757 261 828 317 hi,
853 262 928 324 qui
950 279 1039 307 rem
1063 264 1344 320 detulerunt,
1366 263 1490 310 libel-

211 334 258 378 lo
302 335 559 394 petiverunt
603 334 758 380 oblato
786 371 799 391 ,
826 347 875 380 ut
914 335 1252 381 examinandum
1295 337 1489 399 jurgium

209 405 421 467 praest-‚fito
456 407 737 452 mandaretur
773 424 999 453 annonae:
1033 407 1163 469 idque
1200 407 1343 453 studio
1378 410 1491 454 cele-

210 476 350 522 ritatis
385 478 640 523 concessum
673 479 746 524 est.
783 480 980 540 Accepta
1007 479 1139 541 igitur
1171 479 1363 526 nocendi
1398 497 1493 525 ma-

210 548 348 605 teria,
387 550 658 597 Maximinus
687 550 843 598 effudit
874 551 1109 613 genuinam
1143 550 1353 599 ferociam
1377 588 1388 608 ‚
1411 569 1493 614 pe·-

211 620 326 666 &ori
359 621 501 667 crudo
535 622 741 669 affixam:
771 635 820 669 ut
860 623 972 685 saepe
1006 623 1171 669 faciunt
1213 624 1491 685 amphithea-

211 693 344 739 trales
366 693 469 740 ferae
488 730 501 751 ‚
533 695 738 741 diffraffis
763 696 938 741 tandem
966 695 1118 742 solutae
1139 696 1332 759 posticis.
1352 698 1494 743 Cum-

213 782 302 828 que
329 766 667 814 multiformiter
695 768 815 831 quasi
837 767 880 813 in
907 768 1124 830 proludiis
1147 770 1372 832 negotium
1397 769 1497 830 spe-

215 838 440 896 ctaretur,
465 840 515 886 &
546 840 723 901 quidam
754 839 928 886 sulcatis
958 839 1165 886 lateribus
1200 840 1497 886 nominassent

214 911 392 958 nobiles
426 912 632 975 aliquos,
655 929 868 976 tanquam
901 912 1002 959 usos
1029 911 1272 959 artificibus
1307 911 1498 959 laedendi

215 999 296 1045 per
324 983 507 1032 clientes
528 1021 542 1042 ,
569 985 768 1048 aliosque
795 984 981 1030 humiles
1011 997 1147 1031 notos
1174 1001 1271 1030 reos
1298 987 1345 1032 &
1376 984 1498 1030 indi-

216 1072 292 1101 ces
314 1073 323 1100 :
357 1055 486 1118 supra
520 1058 712 1119 plantam
734 1093 748 1115 ‚
774 1069 822 1102 ut
847 1057 1008 1104 dicitur
1023 1092 1034 1111 ,
1053 1070 1264 1119 evagatus
1285 1069 1497 1102 tartareus

215 1128 455 1189 cognitor,
474 1130 692 1176 relatione
717 1130 904 1192 maligna
923 1129 1078 1175 docuit
1104 1130 1352 1191 Principem
1370 1165 1381 1186 ‚
1402 1145 1496 1175 non

215 1198 298 1243 nifi
330 1198 559 1261 suppliciis
592 1200 837 1246 acrioribus
868 1200 1116 1262 perniciosa
1139 1200 1337 1246 facinora
1372 1200 1496 1246 scru-

215 1270 299 1316 tari
321 1272 442 1331 poss'e
458 1306 471 1328 ‚
509 1272 584 1317 vel
607 1272 852 1327 vindicari,
875 1289 972 1333 quae
994 1274 1150 1317 Romae
1182 1285 1495 1333 perpetravere

218 1345 490 1406 complures.
511 1345 592 1391 His
628 1345 702 1391 ille
738 1346 929 1408 cognitis
960 1344 1194 1403 efferatus,
1223 1358 1271 1390 ut
1302 1360 1389 1392 erat
1420 1346 1495 1391 vi-

217 1420 387 1466 tiorum
414 1419 623 1467 inimicus
656 1437 757 1466 acer
788 1420 952 1483 magis,
985 1437 1117 1482 quam
1155 1419 1331 1466 severus
1353 1456 1366 1477 ‚
1403 1437 1497 1466 uno

218 1494 468 1558 proloquio
513 1495 558 1540 in
604 1494 856 1555 hujusmodi
883 1493 1029 1542 causas
1051 1529 1064 1551 ,
1095 1510 1203 1555 quas
1238 1506 1499 1556 arroganter

219 1567 457 1630 propofito
494 1567 728 1629 majestatis
761 1568 1006 1614 imminutae
1039 1567 1282 1623 miscebat,
1316 1582 1498 1623 omnes,

218 1659 336 1705 quos
357 1642 462 1701 juris
479 1643 609 1705 prisci
636 1642 799 1704 justitia
824 1643 1146 1705 Divorumque
1171 1641 1347 1687 arbitria
1374 1658 1499 1704 quae-

220 1716 440 1764 stionibus
458 1735 662 1764 exemere
680 1719 892 1771 cruentis,
914 1718 943 1763 s1
965 1716 1213 1779 postulasset
1235 1715 1466 1778 negotium
1482 1752 1499 1772 ‚

219 1787 370 1835 statuit
401 1790 636 1836 tormentis
664 1791 811 1853 affligi.
845 1793 997 1853 thue
1028 1789 1336 1851 congeminata
1367 1801 1501 1850 pote-

219 1861 304 1908 stas
335 1863 563 1926 ereRaque
585 1864 792 1911 sublatius
827 1865 1006 1911 altiores
1038 1864 1363 1912 consarcinaret
1385 1881 1500 1910 aeru-

221 1951 375 1991 mnas,
397 1936 648 1983 Maximino
683 1938 842 1984 Romae
872 1954 998 2001 agere
1030 1936 1241 1998 disposito
1268 1952 1351 1998 pro
1388 1953 1500 1997 prae-

223 2008 345 2054 feffis
369 2044 382 2066 ‚
412 2009 600 2056 sociavit
627 2011 681 2057 ad
712 2012 805 2058 baec
838 2009 1177 2075 cognoscenda,
1196 2026 1294 2071 quae
1315 2009 1358 2053 in
1379 2009 1500 2054 mul-

220 2094 374 2127 torum
412 2083 606 2144 pericula
652 2083 930 2130 struebantur
953 2119 965 2140 ,
1004 2085 1199 2128 Leonem
1239 2080 1500 2138 notarium,

221 2153 374 2217 postea
408 2156 664 2202 officiorum
691 2157 941 2220 magistrum
958 2192 969 2211 ‚
993 2154 1257 2201 bustuarium
1278 2154 1501 2216 quendam

222 2226 444 2272 latronem
468 2229 750 2274 Pannonium
773 2265 785 2287 ,
807 2230 1024 2274 efflantem
1046 2226 1190 2273 ferino
1212 2227 1319 2272 riCtu
1344 2227 1502 2272 crude-

226 2299 394 2345 litatem
416 2336 428 2357 ,
451 2302 583 2347 etiam
620 2302 759 2363 ipsum
791 2301 1079 2347 nihilominus
1110 2300 1291 2345 humani
1328 2298 1502 2361 sangui-

230 2372 297 2419 nis
332 2373 647 2419 avidiffimum.
686 2376 823 2420 Auxit
860 2373 1125 2420 obstinatum
1166 2372 1397 2418 Maximini
1432 2373 1504 2417 in-

222 2445 402 2510 genium
441 2447 496 2493 ad
524 2447 772 2496 laedendum
805 2447 1022 2494 adventus
1056 2446 1240 2511 collegae
1267 2445 1435 2504 similis,
1456 2445 1507 2492 &
