1626 2917
220 178 305 207 112
436 161 771 206 AMMtANI
807 162 1284 210 MARCELLINI

213 271 521 335 magnitudine
562 270 875 329 fluentorum,
911 271 1293 334 Marcianopolim
1335 270 1389 317 ad
1425 269 1496 317 hi-

213 345 351 391 berna
377 343 577 390 discessit.
611 343 752 389 Simili
784 344 1030 406 pertinacia
1050 346 1185 392 tertio
1206 363 1386 409 quoque
1413 363 1497 392 an-

214 434 277 463 no
315 433 392 479 per
438 417 738 463 Novidunum
783 417 976 464 navibus
1014 419 1069 465 ad
1113 420 1498 466 transmittendum

214 506 389 536 amnem
424 489 642 537 connexis
679 502 896 553 perrupto
927 490 1195 550 barbarico,
1223 491 1497 540 continuatis

211 561 448 607 itineribus
491 560 668 623 longius
715 574 892 624 agentes
935 563 1256 626 Greuthungos
1303 564 1495 611 bellico-

212 633 301 680 sam
337 645 516 697 gentem
554 634 773 696 aggressus
803 634 890 682 est:
925 635 1113 699 postque
1146 636 1320 684 leviora
1342 649 1496 685 'certa-

211 706 335 754 mina
375 706 697 753 Athanaricum
730 724 782 754 ea
814 708 1074 771 tempestate
1113 709 1305 770 judicem
1335 724 1496 773 poten·

211 779 453 837 tissimum,
489 778 639 825 ausum
679 780 870 827 resistere
901 798 1004 828 cum
1045 798 1209 840 manu,
1241 799 1374 845 quam
1419 779 1498 827 sibi

213 851 453 899 crediderit
490 851 738 910 abundare,
767 865 1077 900 extremorum
1117 870 1237 901 metu
1270 855 1419 918 coegit
1449 854 1497 900 in

211 924 364 989 fugam
386 924 599 989 :ipseque
625 943 727 972 cum
756 926 968 972 omnibus
1005 926 1089 973 suis
1119 927 1497 990 Marcianopolim

212 1000 382 1048 redivit
396 1036 409 1058 ,
426 1002 480 1046 ad
498 1001 690 1047 hiemem
706 1002 917 1064 agendam
931 1037 946 1059 ‚
967 1015 1016 1048 ut
1036 1002 1081 1047 in
1101 1002 1186 1048 illis
1203 1003 1413 1049 traEtibus
1431 1003 1494 1048 ha·

212 1075 363 1123 bilem.
400 1075 594 1120 Aderant
619 1075 719 1136 post
740 1075 942 1121 diversos
961 1074 1140 1120 triennii
1167 1075 1288 1122 casus
1311 1074 1498 1122 finiendi

213 1147 321 1194 belli
349 1146 545 1194 materiae
576 1147 868 1209 tempestivae.
901 1148 1071 1205 Prima,
1099 1149 1297 1211 quodsex
1324 1147 1497 1194 Princi-

212 1222 282 1285 pis
311 1221 520 1268 diuturna
541 1221 852 1282 permansione
879 1233 1021 1266 metus
1042 1221 1281 1283 augebatur
1299 1220 1494 1268 hostilis:

215 1294 345 1352 dein,
371 1293 496 1356 quod
526 1293 812 1340 commerciis
840 1293 1022 1350 vetitis,
1042 1294 1195 1340 ultima
1226 1295 1496 1340 necessario-

214 1383 316 1414 rum
345 1366 500 1428 inopia
530 1365 708 1411 barbari
737 1365 1065 1427 stringebantur
1084 1400 1097 1422 ,
1121 1367 1233 1412 adeo
1256 1381 1306 1412 ut
1328 1367 1497 1429 legatos

215 1438 436 1501 supplices
469 1438 582 1500 saepe
619 1438 874 1495 mittentes,
897 1437 1119 1484 venialem
1152 1437 1387 1501 poscerent
1421 1457 1497 1502 pa-

216 1531 332 1560 cem.
365 1511 543 1572 Quibus
570 1514 819 1573 Imperator
849 1510 970 1557 rudis
991 1510 1170 1574 quidem
1186 1547 1199 1568 ,
1220 1527 1377 1557 verum
1401 1511 1498 1575 spe—

216 1588 359 1634 &ator
379 1585 527 1631 adhuc
549 1584 814 1646 aequissimus
834 1600 1007 1641 rerum,
1023 1595 1260 1646 antequam
1283 1584 1499 1631 adulatio·

215 1677 325 1706 num
355 1657 615 1720 perniciosis
644 1656 865 1704 illecebris
898 1670 1053 1719 captus
1076 1658 1394 1720 rempublicam
1427 1658 1500 1705 fu-

217 1731 399 1778 neribus
422 1742 641 1793 perpetuo
671 1728 883 1776 deflendis
902 1728 1144 1792 affligeret,
1174 1731 1221 1775 in
1252 1746 1497 1778 commune

217 1804 476 1853 consultans
499 1819 653 1865 pacem
674 1802 777 1849 dare
798 1814 1011 1864 oportere
1038 1802 1252 1849 decrevit.
1286 1803 1497 1865 Miffique

217 1878 411 1927 vicissim
432 1876 598 1924 'Victor
624 1878 674 1924 &
702 1876 956 1922 Arinthaeus
973 1911 988 1934 ‚
1009 1876 1083 1938 qui
1116 1888 1226 1922 tunc
1253 1875 1497 1938 equestrem

220 1968 274 1998 ac
295 1949 540 2013 pedestrem
560 1946 764 1994 militiam
788 1947 973 2010 agebant
992 1965 1004 1994 :
1027 1946 1104 2011 qui
1132 1963 1234 1994 cum
1254 1948 1498 2010 propositis

221 2022 563 2073 conditionibus
580 2021 773 2068 assentiri
794 2022 976 2069 Gothos
995 2020 1240 2069 docuissent
1257 2022 1395 2069 literis
1416 2040 1498 2070 ve-

220 2097 306 2154 ris,
330 2094 617 2158 praestituitur
641 2094 970 2157 componendae
1001 2093 1101 2156 paci
1119 2094 1398 2140 conveniens
1426 2095 1498 2142 lo-

220 2184 313 2215 cus.
333 2169 387 2213 Et
404 2167 618 2229 quoniam
643 2166 853 2213 asserebat
871 2165 1187 2223 Athanaricus,
1207 2165 1283 2212 sub
1302 2166 1497 2215 timenda

219 2239 527 2288 exsecratione
551 2238 837 2301 jurisjurandi
873 2239 915 2287 se
943 2238 1026 2286 esse
1054 2238 1339 2297 obstriCtum,
1371 2256 1497 2286 man-

221 2309 416 2373 datisque
450 2311 727 2372 prohibitum
760 2312 920 2375 patris,
951 2327 1007 2357 ne
1033 2309 1174 2357 solum
1203 2311 1392 2358 calcaret
1415 2312 1496 2358 ali-

221 2385 404 2448 quando
431 2384 745 2432 Romanorum
762 2421 776 2442 ,
796 2386 846 2432 &
869 2384 985 2447 adigi
1013 2399 1109 2429 non
1139 2396 1342 2447 poterat,
1368 2384 1495 2431 inde-

217 2474 465 2524 corumque
495 2460 657 2509 erat&
687 2459 779 2510 vile
806 2460 859 2508 ad
883 2475 983 2508 eum
1007 2459 1327 2523 Imperatorem
1350 2470 1493 2508 trans·
