1626 2917
176 197 266 243 262
367 198 717 243 AMMIANI
764 196 1258 242 MARCELLINI

174 315 223 349 ut
245 302 431 366 propius
457 320 589 366 agens
609 303 786 351 futuros
805 304 936 366 poffit
951 304 1213 352 antevenire
1239 314 1450 360 conatus,

175 376 507 438 quamprimum
536 375 734 423 hibernis
763 377 977 440 egressus,
999 379 1147 425 accito
1178 378 1375 441 undique
1406 394 1455 423 c-

173 448 351 510 quitatu
373 449 662 514 peditumque
685 451 869 509 robore,
893 467 987 514 quo
1006 449 1183 507 fidebat,
1200 468 1277 513 per
1291 448 1455 512 Capes-

177 518 326 564 Ianam
361 519 589 582 Euphrate
617 520 768 568 navali
798 534 938 583 ponte
958 520 1207 568 transcurso
1225 556 1238 578 ,
1263 519 1457 566 Edessam

175 591 289 654 petit
311 591 492 639 uberem
513 593 837 640 commeatibus
859 595 906 641 &
926 594 1143 641 munitam
1165 613 1174 640 z
1197 594 1258 640 ibi
1277 611 1456 656 parum-

175 681 256 727 per
276 665 517 728 opperiens
533 701 547 725 ‚
571 666 676 712 (lum
696 666 1008 729 exploratores
1041 679 1115 713 aut
1132 665 1327 730 perfugae
1355 681 1458 713 mo-

176 750 272 783 tum
302 737 543 785 castrorum
564 738 791 785 hostilium
814 738 1075 787 indicarent.

243 811 357 856 VIII.
389 810 640 857 Discedens
662 810 777 857 inter
807 811 902 859 haec
930 811 1129 859 Julianus
1159 829 1183 858 a
1211 809 1424 859 Rauracis
1445 846 1459 871 ‚

178 881 390 945 peraffls,
418 901 517 947 quae
547 883 786 930 docuimus
814 884 1012 942 dudum,
1034 883 1278 930 Sallustium
1301 883 1462 946 praefe-

178 955 299 1002 {tum
341 968 607 1018 promotum
646 956 810 1003 remisit
840 957 886 1002 in
924 956 1089 1003 Gallias
1108 991 1120 1013 ,
1154 955 1462 1002 Germaniano

179 1026 294 1090 juffo
319 1029 467 1077 vicem
489 1030 602 1078 tueri
629 1031 860 1077 Nebridii:
888 1031 1132 1094 itidemque
1156 1029 1336 1076 Nevitae
1369 1047 1464 1076 ma-

181 1101 405 1165 gisterium
427 1103 650 1151 commisit
669 1120 925 1161 armorum,
940 1103 1239 1150 Gumoarium
1260 1103 1465 1165 prodito-

180 1193 277 1222 rem
297 1176 528 1240 antiquum
548 1177 708 1224 timens
721 1214 733 1236 ,
752 1195 884 1240 quem
899 1213 911 1235 ‚
934 1194 1035 1224 cum
1057 1175 1270 1223 scutarios
1289 1188 1434 1238 ageret
1449 1210 1465 1233 ,

183 1249 375 1296 latenter
410 1250 654 1313 prodidiffe
690 1251 1041 1298 Veteranionem
1061 1248 1186 1296 suum
1216 1247 1465 1311 principem

183 1324 416 1380 audiebat3
437 1326 488 1371 ὃ(
505 1324 644 1372 Jovio
662 1325 926 1388 quaesturam
941 1361 954 1383 ,
977 1323 1103 1386 cujus
1121 1323 1167 1370 in
1185 1322 1349 1370 affitibus
1370 1325 1468 1369 Ma-

185 1395 357 1460 gnentii
382 1397 694 1452 meminimus;
725 1397 773 1445 &
810 1396 1082 1444 Mamertino
1104 1394 1363 1459 largitiones
1385 1411 1466 1442 cu-

184 1470 372 1517 randas:
396 1472 445 1518 &
462 1470 793 1535 Dagalaiphum
813 1469 1016 1534 praefecit
1032 1468 1312 1528 domest-icis,
1339 1467 1469 1516 alios-

186 1559 275 1604 que
298 1543 446 1604 plures
474 1560 530 1590 ex
557 1544 745 1591 arbitrio
767 1543 846 1591 suo
865 1543 1081 1591 militibus
1103 1542 1307 1607 regendis
1327 1559 1470 1605 appo·

188 1616 273 1663 suit
289 1653 302 1675 ,
325 1634 517 1680 quorum
537 1618 692 1665 merita
711 1629 840 1664 norat
859 1619 907 1665 ὅ(
921 1616 1066 1663 fidem.
1084 1615 1368 1662 Profesturus
1389 1615 1471 1662 ita-

188 1709 276 1755 que
304 1709 383 1754 per
411 1693 657 1741 MarcIanas
685 1693 848 1750 silvas,
867 1691 1048 1755 viasque
1066 1690 1235 1753 jun&as
1264 1689 1355 1736 lstri
1380 1690 1469 1736 ssu-

188 1764 320 1811 minis
354 1765 462 1827 ripis
484 1801 498 1824 ‚
529 1765 645 1813 inter
679 1765 822 1812 subita
861 1764 1153 1812 vehementer
1192 1763 1390 1810 incertus
1423 1762 1469 1808 id

189 1837 428 1884 verebatur
443 1874 457 1895 ,
481 1855 538 1886 ne
569 1850 849 1897 contemtus,
871 1850 921 1885 ut
943 1835 1260 1884 comitantibus
1282 1833 1434 1897 paucis
1454 1868 1469 1892 ,

192 1909 525 1958 multitudinem
563 1912 812 1959 offenderet
855 1920 1192 1973 repugnantem.
1238 1906 1379 1968 Quod
1413 1922 1470 1953 ne

188 1980 349 2039 fieret,
381 1983 573 2030 consilio
596 1982 765 2030 sollerti
795 1980 1026 2045 praevidit:
1055 1982 1104 2028 &
1123 1977 1375 2042 agminibus
1399 1976 1470 2023 di-

194 2054 393 2102 stributis
409 2091 421 2113 ,
443 2073 521 2118 per
540 2055 698 2102 itinera
732 2054 868 2101 Italiae
887 2065 995 2100 nota
1021 2050 1235 2116 quosdam
1255 2064 1472 2113 propera-

194 2140 322 2174 turos
346 2146 449 2176 cum
481 2128 651 2178 Jovino
685 2126 798 2175 misit
830 2129 879 2176 ὅ(
904 2125 1073 2181 Jovi0;
1099 2124 1212 2172 alios
1238 2140 1317 2186 per
1334 2121 1473 2170 medi-

196 2210 397 2246 terranea
421 2200 664 2247 Raetiarum
690 2199 902 2263 magistro
922 2198 1120 2260 equitum
1146 2195 1322 2244 Nevitae
1341 2211 1473 2243 com·

196 2271 370 2329 missos,
388 2288 481 2335 quo
500 2271 639 2319 diffufi
656 2289 733 2335 per
750 2270 873 2319 varia
890 2269 1155 2333 opinionem
1171 2266 1344 2314 numeri
1362 2284 1474 2329 prae·

194 2345 352 2391 herent
371 2344 588 2403 immensi,
603 2343 934 2407 formidineque
949 2341 1103 2388 cun&a
1116 2340 1407 2402 complerent.
1423 2336 1471 2384 Id

196 2419 316 2467 enim
333 2420 380 2467 &
399 2420 652 2467 Alexander
667 2422 872 2483 Magnus,
888 2419 936 2465 &
955 2416 1112 2463 deinde
1131 2415 1208 2463 alii
1220 2415 1365 2478 plures
1377 2451 1388 2471 ‚
1403 2429 1473 2460 ne-

194 2492 324 2557 gotio
346 2493 404 2540 ita
427 2492 639 2556 poscente
658 2527 670 2549 ‚
686 2491 817 2556 periti
837 2490 980 2539 fecere
996 2489 1214 2538 duitor&
1233 2486 1471 2557 Mandabat
