1626 2917
296 270 517 318 RERUM
550 270 888 319 GESTARUM
924 272 1028 320 LIB.
1057 273 1228 323 XXIII.
1326 291 1419 341 339

124 380 189 441 la,
201 379 363 445 quibus
378 380 658 443 incorporati
680 381 778 428 sunt
795 381 939 439 funes,
955 373 1243 445 explicantes,
1258 398 1421 432 retror-

67 451 69 453 ’
128 455 199 503 sus
226 453 371 500 stilum
397 471 523 516 paene
550 453 754 517 supinum
787 455 1036 503 inclinant:
1062 456 1210 520 itaque
1238 457 1420 506 demum

129 528 330 576 sublimis
357 528 530 574 adstans
564 529 795 592 magister,
823 529 1058 575 claustrum
1078 565 1091 585 ,
1125 531 1249 594 quod
1278 532 1422 579 totius

128 602 281 665 operis
314 601 521 649 continet
554 602 738 649 vincula
757 638 771 660 ‚
801 603 962 649 reserat
991 592 1287 651 malleororti
1317 622 1422 668 per-

131 677 316 723 cuffum.
348 676 466 721 unde
490 676 717 723 absolutus
743 677 832 723 ictu
864 677 1042 724 volucri
1063 678 1208 737 stilus,
1236 681 1285 728 &
1304 681 1421 728 mol-

132 748 324 796 litudine
357 748 552 796 offensus
588 749 757 807 cilicii,
790 750 938 796 saxum
961 764 1263 814 contorquet,
1285 753 1423 816 quid-

132 814 242 884 quid
272 820 540 878 incurrerit,
560 821 833 870 collisurum.
857 825 913 868 Et
941 835 1218 870 tormentum
1240 825 1422 887 quidem

134 894 385 958 appellatur
410 912 466 940 ex
499 911 556 941 eo
578 931 591 953 ‚
622 895 746 958 quod
775 896 924 943 omnis
959 896 1204 957 explicatio
1233 912 1424 961 torque-

134 978 209 1013 tur
229 984 239 1012 ε
265 965 446 1028 scorpio
472 979 617 1013 autem
638 1003 650 1024 ‚
672 967 888 1029 quoniam
915 969 1116 1014 aculeum
1140 969 1324 1032 desuper
1347 972 1425 1018 ha-

135 1041 212 1088 bet
231 1040 451 1086 erectum:
485 1039 558 1086 cui
591 1040 723 1085 etiam
764 1042 924 1103 onagri
955 1042 1230 1088 vocabulum
1262 1044 1426 1092 indidit

138 1127 242 1160 aetas
266 1111 448 1158 novella
472 1128 521 1157 ea
546 1128 594 1157 re
611 1147 624 1170 ‚
650 1112 774 1175 quod
797 1111 904 1158 asini
926 1112 1007 1159 feri
1027 1149 1039 1171 ‚
1064 1131 1164 1160 cum
1190 1117 1427 1164 venatibus

138 1186 389 1249 agitantur,
420 1185 479 1230 ita
499 1184 673 1231 eminus
691 1185 858 1246 lapides
880 1186 980 1248 post
1001 1198 1122 1250 terga
1145 1187 1425 1237 calcitrando

137 1260 366 1317 emittunt,
383 1271 434 1306 ut
453 1258 690 1322 perforent
709 1260 890 1322 pectora
911 1259 1209 1322 sequentium,
1231 1276 1304 1309 aut
1323 1282 1430 1326 per-

139 1334 288 1382 fractis
319 1334 484 1380 offibus
511 1334 654 1395 capita
679 1333 767 1395 ipsa
791 1333 1059 1396 displodant.
1087 1336 1205 1383 Hinc
1234 1338 1289 1383 ad
1311 1340 1431 1387 arie-

139 1423 231 1454 tem
254 1406 501 1452 veniemus.
541 1405 730 1468 Eligitur
762 1405 880 1452 abies
901 1442 914 1462 ‚
945 1407 1021 1453 vel
1057 1424 1196 1454 ornus
1229 1411 1395 1457 excelsa
1414 1448 1430 1469 ,

142 1479 273 1540 cujus
303 1478 526 1524 summitas
548 1479 661 1523 duro
683 1477 803 1523 ferro
830 1479 1120 1526 concluditur
1142 1483 1190 1528 ὃς
1215 1485 1398 1545 prolixo
1416 1520 1431 1543 ,

142 1551 291 1600 arietis
327 1549 524 1596 efficiens
555 1549 856 1612 prominulam
895 1549 1084 1612 speciem
1107 1589 1119 1609 ,
1153 1570 1252 1617 quae
1284 1555 1431 1604 forma

144 1625 254 1673 huic
278 1623 640 1670 machinamento
667 1623 937 1668 vocabulum
964 1623 1154 1671 indidit:
1185 1629 1233 1674 &
1254 1627 1314 1675 fic
1343 1629 1434 1677 sus·
1466 1676 1475 1682 ,

146 1698 283 1762 pensa
325 1697 536 1758 utrinque
581 1695 842 1742 transversis
883 1696 1091 1764 afferibus
1132 1701 1181 1747 &
1228 1700 1433 1763 ferratis,

146 1771 270 1835 quasi
300 1787 354 1816 ex
386 1770 513 1816 lance
531 1805 544 1827 ‚
575 1768 767 1815 vinculis
794 1769 928 1814 trabis
949 1770 1124 1816 alterius
1146 1773 1432 1825 continetur:

146 1862 355 1909 eamque,
373 1857 587 1907 quantum
613 1843 828 1889 mensurae
850 1842 966 1889 ratio
987 1843 1166 1905 patitur,
1188 1849 1431 1898 multitudo

148 1931 274 1965 retro
293 1917 538 1980 repellens,
561 1916 708 1962 rursus
734 1916 786 1961 ad
807 1916 950 1962 obvia
973 1931 1159 1981 quaeque
1181 1924 1432 1984 rumpenda

150 1990 379 2055 protrudit
407 1989 565 2036 ictibus
596 1988 868 2035 validiffimis
890 2025 903 2045 ‚
933 1989 1067 2036 instar
1098 1991 1355 2055 affurgentis
1384 1999 1436 2045 δε

152 2064 364 2112 caedentis
387 2063 544 2110 arietis.
568 2064 674 2124 Qua
694 2063 931 2110 crebritate
960 2063 1082 2110 velut
1100 2067 1324 2129 reciproci
1344 2069 1436 2117 ful-

153 2138 288 2185 minis
316 2138 485 2200 impetu
523 2137 720 2184 aedificiis
756 2137 890 2184 sciffis
922 2137 968 2182 in
997 2138 1128 2185 rimas
1149 2176 1162 2197 ,
1185 2144 1435 2192 concidunt

154 2211 381 2259 structurae
411 2211 567 2258 laxatae
597 2228 845 2258 murorum.
878 2211 981 2256 Hoc
1003 2228 1164 2273 genere
1191 2216 1339 2276 operis
1359 2254 1372 2275 ‚
1406 2219 1438 2266 fi

156 2283 291 2330 suerit
323 2282 498 2330 exserto
525 2283 684 2346 vigore
707 2283 961 2340 discuffiun,
989 2284 1161 2331 nudatis
1189 2287 1439 2337 defensori-

156 2355 270 2411 bus,
307 2354 500 2417 ideoque
537 2354 689 2401 solutis
720 2355 931 2413 obsidiis,
958 2355 1163 2403 civitates
1197 2361 1438 2408 munitiffi-

157 2442 242 2471 mae
261 2425 563 2471 recluduntur.
594 2426 680 2471 Pro
702 2426 768 2472 his
791 2426 977 2473 arietum
1002 2427 1328 2478 meditamentis
1347 2431 1438 2494 jam

159 2496 394 2542 crebritate
417 2497 626 2559 despectis
642 2533 656 2556 ‚
678 2498 891 2545 conditur
916 2499 1123 2546 machina
1145 2500 1438 2565 scriptoribus

158 2568 380 2617 historicis
411 2583 520 2618 nota
538 2606 553 2632 ,
586 2588 722 2635 quam
752 2571 1008 2635 Helepolim
1031 2574 1181 2620 Graeci
1203 2579 1440 2641 cognomit

1080 2645 1121 2693 Y
1160 2664 1186 2696 a.
