1626 2917
205 89 296 139 288
399 90 755 138 AMMIANI
791 91 1297 140 MARCELLINI

202 197 512 262 terrogatique
529 196 657 260 super
678 196 876 245 confiliis
894 197 1112 256 hostium,
1131 199 1388 248 variarunt:
1405 218 1494 248 un-

203 272 259 318 de
285 271 446 318 factum
473 270 560 330 est,
587 287 636 317 ut
653 283 839 317 cruenta
865 271 1113 335 quaestione
1137 276 1320 334 vexati,
1342 275 1495 323 cervi·

203 345 329 390 cibus
348 343 545 405 perirent
566 341 738 390 abscisis
752 377 764 398 ,
787 342 898 406 quid
918 345 1057 391 acturi
1078 358 1319 405 venerant,
1339 361 1492 411 aperte

204 417 404 465 confeffi.
442 417 584 464 Omni
621 417 771 479 itaque
809 417 1005 464 bellandi
1037 435 1252 482 apparatu
1285 421 1493 481 praestru-

204 491 304 545 Sto,
326 490 598 536 adventante
627 488 782 552 vigilia
804 489 929 536 tertia
945 527 958 548 ,
981 490 1155 536 barbari
1174 492 1349 539 abolito
1375 510 1494 555 prae-

203 561 441 609 teritorum
460 562 699 608 vulnerum
719 572 866 617 metu,
888 561 932 605 in
956 561 1077 608 urbis
1097 562 1330 610 obseratos
1348 565 1493 618 ‚aditus

204 633 514 696 multiplicatis
536 633 773 680 ordinibus
796 633 1098 693 inundarunt,
1123 637 1171 682 δι
1195 636 1497 685 obstinatione

204 707 481 769 magnatium
502 706 687 766 majore.
708 708 765 753 At
788 723 887 753 cum
914 708 1095 766 armatis
1118 709 1424 771 provinciales
1446 710 1499 756 &

205 779 394 844 palatini
424 779 481 826 ad
510 779 770 826 obruendos
797 795 875 826 eos
903 780 1140 827 excitatius
1170 781 1497 845 exsurgebant:

207 854 259 899 ὅ(
280 851 491 913 cujusque
523 851 649 897 modi
680 851 764 897 tela
780 887 792 908 ,
811 851 857 898 in
883 851 1169 913 multitudine
1192 865 1311 900 tanta
1335 854 1410 901 vei
1429 867 1499 904 te·:

209 941 332 972 mere
352 924 499 980 missa,
525 924 681 970 cadere
701 923 791 970 fine
818 941 939 970 noxa
965 941 1062 970 non
1083 936 1308 987 poterant.
1339 924 1503 971 Anim-

208 996 449 1043 adversum
467 995 527 1042 est
543 1013 564 1042 a
579 995 758 1052 nostris,
774 994 926 1042 iisdem
947 996 1045 1042 telis
1065 997 1276 1044 barbaros
1294 999 1378 1056 uti,
1395 997 1499 1061 qui-

209 1071 292 1117 bus
323 1071 603 1133 petebantur.
641 1070 838 1132 Ideoque
866 1071 1123 1117 mandatum
1155 1071 1243 1128 est,
1271 1085 1320 1118 ut
1347 1072 1498 1119 nervis

209 1143 380 1190 ferrum
405 1142 666 1206 lignumque
687 1143 1062 1189 conne&entibils
1083 1160 1184 1191 ante
1203 1143 1365 1205 jaEtum
1386 1145 1500 1192 inci-

210 1217 264 1263 fis
280 1253 292 1275 ,
312 1216 621 1262 emitterentur
639 1232 744 1262 arcu
769 1215 936 1278 sagittae
957 1234 967 1262 :
990 1233 1093 1279 quae
1114 1218 1366 1278 volitantes>⁴
1380 1219 1498 1264 vires

211 1289 406 1351 integras
424 1287 737 1333 inservabant:
761 1286 913 1333 infixae
930 1305 1043 1334 vero
1068 1290 1364 1351 corporibus,
1389 1291 1500 1336 nihil

211 1361 390 1425 vigoris
422 1361 697 1422 perdebant,
720 1372 794 1406 aut
827 1375 974 1419 certe,
996 1362 1027 1407 fi
1057 1363 1314 1409 cecidissent
1343 1364 1388 1409 in
1416 1380 1499 1409 va-

212 1453 345 1494 num,
366 1436 492 1482 illico
514 1435 843 1499 frangebantur.
862 1436 1004 1483 Dedit
1024 1449 1170 1483 autem
1191 1437 1320 1483 rebus
1341 1437 1398 1484 ita
1418 1437 1499 1482 fla-

212 1510 444 1574 grantibus
464 1526 601 1573 grave
622 1522 905 1556 momentum
924 1510 1046 1557 casus
1071 1510 1318 1557 admodum
1345 1510 1499 1573 inopi-

215 1600 314 1629 nus.
337 1582 557 1644 Scorpio,
579 1599 719 1646 genus
738 1583 981 1641 tormenti,
1004 1600 1137 1647 quem
1159 1584 1395 1647 Onagrum
1416 1584 1500 1630 ser-

213 1671 293 1702 mo
338 1654 531 1718 vulgaris
566 1655 785 1718 appellat,
820 1672 864 1706 e,
885 1657 1069 1719 regione
1105 1671 1263 1703 contra
1304 1656 1501 1703 hostiurn

215 1729 354 1775 aciem
377 1728 553 1774 densam
572 1729 744 1776 locatus
759 1765 773 1787 ,
796 1729 986 1792 lapidem
1009 1729 1230 1776 contorfit
1250 1730 1500 1792 ingentem:

216 1802 312 1865 qui,
331 1801 434 1847 licet
453 1802 598 1847 humo
619 1801 775 1849 frustra
794 1803 930 1850 illisus
944 1804 1023 1861 est,
1047 1803 1166 1850 visus
1184 1817 1331 1850 tamen
1348 1805 1406 1850 ita
1422 1821 1502 1852 eos

219 1885 341 1920 metu
379 1874 684 1932 exanimavit,
718 1888 768 1921 ut
801 1875 982 1938 stupore
1013 1875 1248 1939 spteRaculi
1282 1878 1396 1935 novi
1431 1895 1501 1924 εε-1

194 1971 197 1973 -
220 1947 375 1992 dentes
401 1963 423 1992 e
452 1948 602 1993 medio
618 1983 632 2004 ,
652 1947 774 1994 abire
796 1961 1032 1995 tentarent.
1059 1950 1143 1995 Sed
1160 1949 1362 1996 buccinis
1383 1951 1500 2010 opti-

220 2032 387 2066 matum
413 2020 593 2067 monitu
617 2021 956 2079 occinentibus,
978 2021 1266 2084 instauratum
1287 2021 1348 2067 est
1376 2039 1502 2083 proe-

221 2093 362 2138 lium:
399 2094 448 2139 &
483 2093 579 2156 pari
614 2094 754 2140 modo
788 2110 855 2140 res
887 2095 1092 2140 Romana
1129 2093 1328 2156 superior
1365 2093 1502 2154 stetit„

224 2162 352 2207 nullo
382 2162 519 2209 ferme
546 2163 636 2210 alio
663 2164 755 2210 telo
787 2165 862 2210 vel
891 2163 1130 2210 funditoris
1152 2162 1502 2227 amentolincasss

222 2232 316 2282 sum
345 2237 543 2283 excusso.
567 2237 756 2300 Agmina
777 2237 896 2284 enim
921 2237 1213 2300 praeeuntium
1242 2238 1504 2298 mistorum,

223 2325 340 2373 quos
366 2308 566 2373 rapiendi
595 2310 795 2358 Valentis
820 2311 944 2358 malis
970 2310 1354 2359 lucubrationibus
1378 2329 1502 2376 quae-
