1626 2917
286 144 505 191 RERUM
536 142 873 190 GESTARUM
904 142 1008 188 LlB.
1036 142 1189 188 XXX.
1291 157 1381 203 233

105 251 227 298 mine
244 287 259 308 ,
277 251 402 314 quod
435 250 560 298 civili
591 249 803 314 flagrante
832 248 1075 306 discordia,
1093 247 1290 311 hospitio
1317 247 1388 293 di-

108 327 290 373 cebatur
323 325 552 387 suscepisse
592 323 923 387 Magnentium,
958 337 1036 386 per
1071 338 1227 386 agrum
1263 320 1388 366 suum

105 399 157 443 ad
180 397 410 460 proposita
432 396 726 443 festinantem.
757 394 897 456 Cujus
916 395 1083 442 meritis
1105 392 1388 440 Valentinia-

106 487 190 517 nus
218 471 272 517 ab
304 471 488 517 ineunte
524 468 822 516 adolescentia
852 467 1250 526 commendabilis,
1276 483 1391 514 con-

106 556 231 590 textu
255 543 428 590 suarum
456 560 639 606 quoque
666 542 927 606 suffragante
949 543 1194 599 virtutum,
1216 539 1390 587 induti-

105 617 190 663 bus
213 617 513 680 Imperatoriae
541 615 776 677 majestatis
799 616 916 678 apud
950 615 1150 662 Nicaeam
1176 626 1392 671 ornatus,

105 689 152 736 in
181 689 423 752 Augustum
456 689 697 750 collegium
726 688 907 734 fratrem
940 688 1178 734 Valentem
1208 686 1395 744 ascivit,

107 775 156 808 ut
176 762 462 825 germanitate
485 762 543 808 ita
563 761 810 809 concordia
829 762 905 807 fibi
924 761 1259 823 junffiffimum,
1277 760 1394 805 inter

108 836 274 899 probra
296 835 490 881 medium
520 837 569 881 &
595 835 845 896 praecipua,
865 852 964 897 quae
990 835 1099 881 loco
1131 833 1395 880 docebimus

111 908 402 971 competenti.
430 909 569 972 Igitur
589 908 929 954 Valentinianus
955 908 1053 971 post
1085 908 1395 970 periculorum

111 981 337 1028 molestias
357 981 522 1043 plures,
540 981 645 1027 dum
664 980 767 1026 effet
786 981 1003 1042 privatus,
1022 979 1231 1036 emensas,
1252 979 1396 1041 impe-

112 1055 246 1100 ritare
267 1052 477 1110 exorsus,
503 1068 626 1098 arces
648 1068 792 1114 prope
817 1052 1002 1098 flumina
1028 1052 1126 1099 fitas
1157 1055 1206 1100 &
1236 1054 1364 1100 urbes
1381 1090 1398 1112 ,

112 1128 163 1174 &
193 1125 358 1172 Gallias
387 1124 515 1186 petiit
545 1123 848 1170 Alamannicis
880 1135 1080 1186 patentes
1111 1126 1396 1182 excursibus,

114 1198 490 1246 reviviscentibus
524 1198 736 1255 ereffius,
763 1197 952 1260 cognito
983 1198 1203 1260 Principis
1232 1198 1396 1246 Juliani

114 1272 326 1329 interitu,
362 1289 494 1335 quem
536 1271 635 1333 post
674 1271 966 1318 Constantem
1011 1271 1154 1317 solum
1193 1272 1399 1319 omnium

114 1344 429 1391 formidabant.
461 1345 567 1390 Ideo
594 1354 740 1389 autem
771 1343 903 1388 etiam
931 1343 1271 1390 Valentinianus
1301 1362 1401 1391 me-

116 1418 208 1464 rito
228 1416 488 1474 timebatur,
508 1415 634 1478 quod
653 1415 778 1460 auxit
799 1417 846 1461 &
874 1415 1093 1461 exercitus
1113 1415 1267 1463 valido
1294 1416 1401 1479 sup-

117 1491 348 1553 plemento
364 1526 377 1547 ,
398 1491 448 1537 &
471 1489 712 1550 utrobique
737 1489 943 1534 Rhenum
972 1488 1232 1536 celsioribus
1251 1490 1401 1537 castris

118 1564 318 1613 munivit
343 1576 474 1627 atque
495 1561 708 1617 castellis,
735 1577 790 1607 ne
816 1561 950 1607 latere
975 1561 1157 1626 usquam
1179 1562 1318 1609 hostis
1344 1565 1400 1610 ad

118 1639 272 1687 nostra
297 1637 338 1684 se
370 1636 622 1699 proripiens
645 1635 792 1698 poffit.
822 1638 976 1699 thue
1003 1636 1139 1682 multa
1161 1651 1400 1698 praeterea-

118 1727 235 1767 mus,
252 1727 351 1772 quae
367 1709 455 1772 egit
472 1707 771 1755 moderatoris
788 1707 1048 1754 auetoritate
1069 1707 1258 1765 fundati,
1278 1726 1401 1771 quee-

120 1799 210 1849 que
229 1799 308 1844 per
327 1781 368 1828 se
391 1780 466 1827 vel
494 1782 629 1827 duces
653 1780 850 1826 correxit
871 1779 1111 1825 industrios
1132 1798 1142 1825 ε
1162 1781 1260 1842 post
1282 1782 1401 1826 Gra-

119 1856 291 1902 tianum
323 1853 465 1901 filium
499 1853 545 1899 in
580 1852 837 1901 societatem
864 1853 951 1898 suae
982 1853 1210 1914 potestatis
1240 1853 1403 1901 affum-

121 1939 242 1985 tum,
270 1925 580 1989 Vithigabium
612 1940 760 1986 regem
790 1924 1143 1970 Alamannorum
1171 1925 1402 1972 Vadoma-

122 1999 194 2047 rio
219 1999 440 2063 genitum‚
464 1997 791 2045 adolescentem
814 1998 859 2043 in
881 1997 993 2043 flore
1014 1997 1161 2059 primo
1186 2016 1402 2063 genarum

124 2072 331 2119 nationes
358 2072 413 2118 ad
440 2071 655 2118 tumultus
678 2071 870 2117 cientem
897 2073 946 2118 δε
976 2071 1115 2128 bella,
1135 2072 1248 2119 clam
1265 2109 1278 2128 ‚
1297 2072 1403 2135 quia

125 2163 220 2192 non
253 2146 404 2207 potuit
436 2156 612 2208 aperte,
645 2144 880 2191 confodit:
912 2145 962 2191 &
995 2145 1255 2193 Alamannis
1288 2163 1404 2193 con-

124 2219 288 2282 gressus
315 2235 456 2281 prope
481 2217 747 2264 Solicinium
779 2217 959 2275 locum,
982 2217 1059 2263 ubi
1078 2217 1244 2265 infidiis
1276 2235 1404 2281 paene

127 2289 316 2351 perierat
336 2289 697 2343 circumventus,
725 2290 780 2335 ad
806 2288 993 2335 exitium
1023 2289 1231 2337 ultimum
1256 2292 1404 2337 delere

127 2361 277 2423 potuit
302 2361 563 2421 universos,
592 2363 638 2408 ni
667 2378 835 2424 paucos
865 2362 1007 2409 velox
1031 2362 1246 2426 effugium
1274 2376 1403 2409 tene-

124 2435 213 2481 bris
241 2435 520 2484 amandaffet.
553 2437 670 2483 Inter
697 2436 790 2483 haec
817 2447 964 2484 tamen
992 2449 1119 2485 caute
1147 2437 1288 2500 gesta,
1312 2435 1403 2497 jam
1436 2443 1438 2446 ’
