1626 2917
330 218 550 266 RERUM
585 218 920 266 GESTARUM
957 220 1058 264 ΠΒ.
1095 219 1219 265 XVI.
1329 235 1407 266 101

142 336 268 374 reret.
285 326 483 389 Cupiens
503 325 653 390 itaque
669 325 960 390 augustissima
982 326 1184 375 omnium
1203 326 1299 372 sede
1317 338 1417 373 τηου·

139 399 228 445 rari
259 399 423 445 diutius
456 402 729 462 Imperator,
763 411 811 446 ut
845 399 944 446 otio
973 399 1154 462 puriore
1192 398 1417 446 frueretur

139 473 191 518 &
213 471 480 533 voluptate,
505 472 683 519 affiduis
715 471 884 519 nuntiis
909 473 1156 521 terrebatur
1180 474 1229 519 &
1258 472 1416 530 certis,

136 544 437 591 indicantibus
469 545 645 591 Suevos
667 545 829 592 Raetias
859 545 1111 600 incursare,
1141 545 1417 607 Quadosque

141 617 389 674 Valeriam,
425 619 474 664 &
506 619 750 676 Sarmatas,
783 618 1082 664 latrocinandi
1113 617 1418 679 peritissimum

139 704 305 750 genus,
334 687 606 751 superiorem
638 690 836 735 Moefiam
866 691 915 737 &
943 689 1176 735 secundam
1207 688 1418 751 populari

140 761 417 808 Pannoniam
442 762 634 824 :quibus
663 761 882 824 percitus,
918 761 1143 807 tricesimo
1180 761 1417 824 postquam

139 833 356 897 ingressus
382 833 443 880 est
469 834 569 893 die,
591 849 644 880 lv
671 835 859 881 Kalend.
881 835 1026 881 Junias
1051 835 1104 880 ab
1124 835 1233 880 urbe
1266 833 1417 896 profe=

142 906 264 961 Qus,
298 923 377 968 per
413 906 678 953 Tridentum
710 907 793 953 iter
828 907 875 953 in
913 908 1144 970 Illyricum
1177 907 1418 956 festinavit.

141 979 274 1024 Unde
305 978 431 1025 miffo
461 977 508 1024 in
538 979 690 1025 locum
734 978 937 1025 Marcelli
966 980 1159 1036 Severo,
1193 980 1416 1026 bellorum

139 1051 222 1098 usu
245 1052 295 1098 &
313 1051 565 1098 maturitate
599 1050 778 1098 firmato
794 1088 809 1108 ,
837 1051 1090 1099 Ursicinum
1122 1053 1177 1099 ad
1197 1053 1238 1099 se
1259 1054 1414 1101 venire

139 1125 433 1188 praecepit.,Et
451 1124 548 1182 ille,
566 1124 703 1172 literis
722 1136 945 1189 gratanter
966 1126 1183 1188 acceptis,
1202 1126 1413 1174 Sirmium

141 1197 298 1255 venit,
329 1197 647 1245 comitantibus
677 1198 808 1246 sociis
842 1216 852 1244 :
887 1197 1142 1263 libratisque
1177 1199 1251 1245 diu
1287 1199 1416 1261 super

139 1287 247 1333 pace
273 1270 466 1318 consiliis
480 1307 495 1328 ‚
517 1288 649 1335 quam
670 1271 848 1318 fundari
874 1272 996 1334 posse
1026 1290 1127 1320 cum
1147 1273 1282 1319 Persis
1303 1275 1413 1319 Mu-

138 1342 348 1390 sonianus
367 1344 606 1402 retulerat,
628 1344 674 1391 in
698 1345 930 1391 Orientem
956 1362 1054 1392 cum
1077 1345 1313 1408 magisterii
1339 1361 1414 1391 re-

136 1415 335 1462 mittitur
360 1416 604 1478 potestate:
626 1417 848 1480 proveffis
873 1434 897 1463 e
927 1416 1160 1464 consortl'o
1185 1417 1340 1464 nostro
1359 1418 1415 1464 ad

140 1487 360 1548 regendos
384 1487 546 1533 milites
573 1501 677 1533 natu
702 1487 972 1549 majoribus,
992 1489 1292 1535 adolescentes
1312 1506 1414 1535 eum

141 1557 263 1621 sequi
288 1558 493 1620 jubemur
511 1595 526 1618 ,
548 1560 765 1625 quidquid
784 1578 868 1625 pro
886 1562 1114 1624 republica
1134 1561 1414 1609 mandaverit

140 1630 382 1695 impleturi.
597 1671 599 1674 -

204 1707 282 1753 XI.
300 1707 360 1753 At
375 1705 546 1762 Caesar,
563 1707 711 1754 exaEla
728 1708 844 1769 apud
866 1709 1064 1755 Senonas
1087 1707 1231 1755 hieme
1251 1708 1412 1755 turbu-

140 1779 285 1839 lenta,
301 1780 500 1843 Augusto
530 1781 713 1839 novies,
735 1781 862 1844 seque
889 1781 1046 1828 iterum
1067 1784 1196 1830 Coss.
1222 1785 1412 1830 Germa·

141 1852 253 1900 nicis
288 1853 485 1917 undique
521 1854 980 1902 circumfrementibus
1014 1855 1177 1913 minis,
1211 1855 1415 1905 secundis

142 1925 369 1972 ominibus
393 1939 570 1985 motus,
600 1926 767 1973 Remos
791 1928 1078 1991 properavit,
1097 1929 1287 1976 alacrior
1314 1946 1411 1976 ma-

141 1998 292 2061 gisque
312 1999 439 2047 laetus
454 2035 469 2059 ,
488 2001 612 2065 quod
630 2002 874 2048 exercitum
898 2002 1076 2066 regebat
1095 2003 1306 2061 Severus,
1328 2020 1415 2052 nee

141 2072 332 2129 discors,
352 2090 436 2121 nec
463 2091 698 2138 arrogans,
717 2075 789 2122 sed
808 2076 941 2139 longa
971 2076 1141 2122 militiae
1163 2075 1412 2139 frugalitate

141 2157 422 2207 compertus,
450 2148 499 2194 &
518 2163 618 2193 eum
641 2148 752 2194 re&a
784 2161 1055 2210 praeeuntem
1082 2148 1335 2208 secut-urus,
1363 2162 1412 2195 ut

140 2217 366 2264 dustorem
390 2219 636 2282 morigerus
656 2219 794 2267 miles.
824 2221 948 2267 Parte
970 2220 1052 2267 alia
1082 2222 1288 2268 Barbatio
1310 2221 1417 2284 post

141 2288 311 2335 Silvani
345 2289 570 2338 interitum
610 2304 846 2354 promotus
883 2293 938 2338 ad
971 2293 1170 2354 peditum
1208 2293 1412 2356 magiste-

142 2360 284 2416 rium,
315 2378 370 2408 ex
400 2363 521 2410 Italia
551 2364 665 2427 juffu
699 2364 913 2428 principis
943 2382 1047 2412 cum
1076 2380 1186 2411 xxv
1215 2366 1415 2416 millibus

143 2447 411 2482 armatorum
446 2437 671 2485 Rauracos
705 2438 841 2486 venit.
881 2438 1127 2502 cogitatum
1159 2439 1222 2486 est
1262 2438 1411 2496 enim,

142 2507 419 2573 solliciteque
436 2511 736 2580 praestrufilum
751 2547 769 2573 ‚
787 2525 836 2560 ut
849 2513 1082 2562 saevientes
1097 2513 1211 2560 ultra
1230 2512 1415 2564 solitum

1031 2588 1074 2632 G
1102 2601 1123 2647 3
