1626 2917
191 186 276 247 362
391 183 718 230 AMMIANI
769 182 1234 228 MARCELLINI

186 290 270 351 spa.
301 291 358 336 At
378 290 421 337 in
451 289 713 352 penitiffima
747 302 870 351 parte
897 289 1094 334 perfidos
1114 287 1327 335 Gedrosia
1357 286 1444 344 est,

183 362 333 408 dextra
361 361 576 407 terminos
610 361 872 424 contingens
891 360 1100 406 Indorum
1118 397 1132 415 ‚
1163 361 1276 406 inter
1298 360 1446 406 mino-

184 450 250 479 res
276 434 387 479 alios
407 433 595 479 Artabio
619 433 803 480 uberior
827 433 1008 479 flumine
1030 449 1039 477 :
1068 433 1142 478 ubi
1163 447 1336 479 montes
1366 432 1445 477 de-

183 503 339 551 ficiunt
376 505 628 562 Barbstani,
651 522 843 567 quorum
877 521 931 551 ex
961 504 1144 566 pedibus
1176 504 1274 550 imis
1306 519 1446 549 emer·

181 590 327 640 gentes
348 577 422 623 alii
440 576 568 624 fluvii
586 578 697 624 Indo
719 577 975 632 miscentur,
995 577 1241 624 amittentes
1262 576 1446 622 nomina

181 649 481 713 magnitudine
518 650 724 712 potioris.
769 650 988 696 Civitates
1023 662 1168 695 autem
1208 648 1336 694 etiam
1374 647 1448 694 hic

182 721 304 768 sunt:
323 721 438 767 inter
454 721 660 768 civitates
679 734 836 784 praeter
854 721 1013 767 insulas
1032 721 1265 782 Sedratyra
1281 722 1328 765 &
1346 722 1452 780 Gy-

179 810 339 840 naecon
366 794 503 840 limen
530 793 738 839 meliores
756 793 937 839 residuis
967 793 1245 839 aestimantur.
1279 793 1346 838 Ne
1365 791 1451 854 igi-

180 879 252 912 tur
274 882 364 913 orae
383 864 615 914 maritimae
644 863 779 927 spatia
801 864 1011 910 alluentia
1038 865 1218 912 Perfidis
1246 862 1452 910 extremi·

180 950 290 985 tates
310 955 388 1000 per
406 937 615 985 minutias
639 937 985 984 demonstrantes
1003 972 1016 994 ‚
1040 953 1065 982 a
1092 935 1326 999 proposito
1347 934 1452 980 lon-

181 1011 276 1074 gius
297 1012 548 1057 aberremus
568 1045 580 1067 ‚
600 1010 644 1055 id
661 1009 840 1056 sufficiet
857 1009 947 1056 dici
964 1027 974 1055 :
991 1009 1114 1072 quod
1131 1024 1248 1055 mare
1269 1019 1454 1069 praeten·

182 1099 275 1132 tum
304 1102 327 1131 a
348 1084 515 1147 Caspiis
544 1084 772 1130 montibus
803 1100 881 1145 per
903 1083 1089 1128 boreum
1120 1081 1232 1128 latus
1262 1078 1454 1141 adusque

181 1170 447 1203 memoratas
482 1154 730 1219 angustias,
765 1172 932 1202 novem
959 1153 1147 1200 millium
1182 1152 1455 1208 stadiorum3

182 1228 365 1276 australe
394 1244 505 1274 vero
535 1229 590 1273 ab
621 1226 746 1274 ostiis
771 1228 865 1273 Nili
896 1226 1090 1273 fluminis
1110 1224 1301 1287 adusque
1331 1223 1455 1284 prin·

185 1302 303 1363 cipia
330 1302 659 1347 Carmanorum
683 1336 696 1357 ,
719 1299 1057 1363 quatuordecim
1079 1298 1268 1345 millium
1295 1295 1456 1342 stadio·

183 1392 279 1419 rum
306 1389 495 1420 numero
522 1371 746 1419 definitur.
774 1373 853 1418 Per
878 1373 955 1417 has
976 1371 1178 1417 nationes
1198 1369 1383 1415 dissonas
1405 1369 1456 1416 &

184 1446 452 1508 multiplices
471 1481 486 1504 ,
507 1444 745 1491 hominum
765 1439 946 1506 quoque
969 1443 1241 1489 diversitates
1260 1441 1355 1487 sunt
1373 1478 1386 1497 ,
1407 1453 1456 1487 ut

183 1519 411 1566 locorum.
445 1517 529 1564 Sed
558 1529 607 1564 ut
643 1516 902 1580 generaliter
931 1531 1123 1576 corpora
1161 1513 1457 1560 describamus

186 1591 236 1637 &
261 1605 409 1635 mores
427 1624 442 1645 ‚
474 1588 656 1652 graciles
682 1604 807 1650 paene
833 1585 931 1632 sunt
951 1602 1106 1632 omnes
1124 1623 1138 1642 ,
1159 1585 1357 1648 subnigri
1381 1584 1458 1630 vel

186 1662 331 1710 livido
360 1661 515 1708 colore
547 1660 760 1724 pallentes
779 1695 793 1716 ‚
820 1658 1014 1721 caprinis
1043 1659 1184 1705 oculis
1225 1657 1380 1713 torvi,
1409 1659 1460 1704 δε

187 1735 429 1797 superciliis
472 1735 518 1780 in
564 1734 848 1780 semiorbium
889 1732 1077 1794 speciem
1121 1729 1319 1777 curvatis
1355 1729 1461 1789 jun-

187 1808 380 1869 &isque,
409 1823 502 1852 non
531 1806 821 1853 indecoribus
859 1805 1041 1860 barbis,
1070 1803 1321 1865 capillisque
1356 1817 1461 1864 pro-

189 1879 322 1925 miffis
355 1878 542 1925 hirsuti:
572 1895 729 1925 omnes
755 1891 902 1925 tamen
938 1875 1215 1939 promiscue,
1241 1874 1315 1921 vel
1343 1873 1460 1919 inter

188 1949 339 2012 epulas
388 1949 604 2013 festosque
657 1950 748 1996 dies
765 1985 778 2006 ‚
820 1947 971 2012 gladiis
1019 1946 1148 1993 cinfti
1196 1957 1459 1991 cernuntur.

190 2024 338 2083 Quem
361 2022 623 2070 Graecorum
644 2035 848 2068 veterum
871 2036 1043 2066 morem
1067 2017 1268 2078 abjeciffe
1290 2017 1462 2078 primos

189 2095 475 2142 Athenienses
502 2130 516 2153 ,
551 2095 844 2158 Thucydides
883 2093 942 2140 est
974 2093 1124 2138 auElor
1163 2089 1462 2152 amplissimus.

188 2167 372 2214 Effusius
406 2167 606 2230 plerique
628 2167 759 2213 soluti
784 2168 830 2212 in
856 2167 1101 2220 Venerem,
1121 2179 1324 2226 aegreque
1345 2178 1461 2208 con-

191 2239 303 2286 tenti
333 2238 617 2285 multitudine
649 2238 859 2300 pellicum
893 2254 903 2282 :
938 2235 1174 2298 puerilium
1210 2234 1463 2298 stuprorum

193 2322 394 2374 expertes
417 2327 427 2356 :
451 2326 534 2371 pro
562 2311 720 2373 opibus
742 2308 925 2372 quisque
946 2304 1464 2365 asciscensmatrimonia

193 2385 319 2447 plura
350 2384 423 2429 vel
449 2399 598 2445 pauca.
631 2383 760 2430 Unde
789 2382 905 2444 apud
933 2396 1010 2426 eos
1040 2397 1118 2442 per
1146 2378 1348 2425 libidines
1381 2394 1463 2424 va-

197 2456 280 2502 rias
311 2453 466 2503 caritas
488 2453 676 2517 dispersa
696 2452 919 2517 torpescit.
943 2449 1185 2498 Munditias
1216 2447 1464 2498 convivio-
