1626 2917
289 192 510 240 RERUM
543 191 879 238 GESTARUM
914 190 1018 238 LIB.
1048 188 1176 237 th.
1282 191 1373 253 267

98 301 201 362 nia,
222 301 484 365 impeditura
506 300 653 349 cursus
680 299 773 362 ejus
800 299 1031 357 ardentes,
1061 298 1107 346 ni
1137 296 1376 362 vigilanter

96 380 192 428 haec
208 395 409 442 quoque,
422 391 659 441 antequam
675 376 992 435 adolescerent,
1008 368 1262 422 hebetasset:
1277 390 1378 436 quae

98 451 297 501 breviter
312 464 613 514 exponentur.
629 451 758 498 Duas
783 449 982 514 legiones
1007 445 1348 496 Constantiacas
1362 481 1377 505 ,

97 526 243 575 addita
273 543 361 574 una
388 525 713 590 sagittariorum
755 526 945 573 cohorte
963 558 977 581 ,
1006 538 1115 587 quas
1147 520 1384 569 invenerat

99 600 219 663 apud
236 600 466 659 Sirmium,
491 610 541 647 ut
568 598 772 662 suspeslae
803 598 945 646 adhuc
963 596 1065 644 fidei
1085 612 1163 660 per
1188 594 1378 659 speciem

97 673 402 722 neceffitatum
420 672 674 737 urgentium
695 671 811 719 misit
826 671 872 718 in
891 670 1073 718 Gallias.
1102 686 1201 733 quae
1212 667 1380 732 pigrius

98 761 260 805 motae,
281 746 506 811 spatiaque
531 745 741 793 itinerum
766 745 899 809 longa
914 781 928 803 ,
948 745 996 792 ὃς
1015 746 1269 790 Germanos
1290 740 1379 787 ho-

100 820 184 868 stes
204 833 351 869 truces
366 822 416 869 &
434 820 625 868 affiduos
643 819 960 878 formidantes,
979 833 1149 865 novare
1174 814 1378 879 quaedam

101 893 405 941 moliebantur
426 928 440 952 ,
470 894 650 942 audiore
673 894 721 940 &
744 891 982 940 incitatore
1010 888 1200 953 Nigrino
1217 923 1231 948 ,
1252 886 1380 950 equi-

102 980 198 1013 tum
228 981 387 1013 turmae
413 965 598 1013 tribuno
619 1002 633 1023 ,
662 965 708 1012 in
740 962 1068 1028 Mesopotamia
1103 962 1288 1025 genito:
1310 976 1382 1007 re·

101 1056 190 1102 que
219 1037 380 1102 digesta
409 1031 492 1100 sper
517 1036 680 1085 secreta
703 1035 933 1100 colloquia
949 1071 965 1092 ‚
983 1036 1031 1082 δι
1054 1033 1146 1080 alto
1168 1033 1383 1079 roborata

103 1110 282 1159 silentio
303 1144 317 1168 ,
346 1126 446 1157 cum
481 1108 733 1173 Aquilejam
764 1106 1096 1171 pervenissent,
1127 1104 1281 1152 urbem
1302 1104 1386 1151 situ

103 1186 154 1233 &
172 1182 334 1247 opibus
367 1181 590 1246 murisque
619 1183 939 1232 circumdatam
968 1179 1130 1227 validis
1150 1214 1164 1238 ,
1185 1195 1281 1226 eam
1301 1176 1384 1225 ho-

104 1257 259 1305 stiliter
284 1267 467 1319 repente
490 1255 682 1303 clausere
698 1292 711 1315 ,
734 1255 918 1317 juvante
939 1253 1145 1317 indigena
1167 1252 1296 1316 plebe
1316 1263 1386 1298 tu-

104 1333 275 1381 multus
303 1332 539 1379 horrorem
559 1367 573 1390 ,
604 1330 676 1379 cui
707 1329 965 1378 Constantii
985 1346 1153 1377 nomen
1175 1341 1266 1375 erat
1289 1339 1385 1374 tum

103 1405 238 1452 etiam
268 1403 475 1451 amicum.
508 1405 563 1449 Et
597 1402 810 1469 obseratis
846 1401 1069 1460 aditibus,
1106 1400 1387 1463 turribusque

105 1476 284 1524 armatis
325 1478 375 1524 &
419 1476 767 1539 propugnaculis
789 1511 803 1534 ,
846 1474 1007 1522 suturae
1055 1473 1387 1522 concertationi

106 1548 416 1615 praeparabant
442 1547 564 1595 utilia
584 1583 597 1605 ,
626 1547 804 1595 interim
836 1547 970 1595 soluti
1000 1548 1050 1595 &
1085 1546 1245 1594 liberi:
1274 1547 1387 1593 hoc·

105 1638 196 1686 que
226 1619 425 1668 facinore
457 1619 516 1666 ita
542 1619 698 1667 audaci
726 1656 740 1678 ,
768 1620 822 1667 ad
850 1619 1090 1668 favendum
1127 1617 1384 1666 Constantii

106 1694 334 1760 partibus,
350 1706 401 1740 ut
427 1692 691 1756 superstitiS,
716 1693 895 1740 Italicos
915 1692 1086 1740 incolas
1116 1691 1385 1739 excitabant.

173 1768 276 1829 ΧΠ.
298 1766 476 1828 Quibus
509 1765 704 1813 Julianus
734 1765 925 1828 acceptis
941 1800 954 1823 ,
975 1781 1104 1827 agens
1134 1776 1243 1810 tunc
1268 1762 1384 1825 apud

106 1841 329 1900 Naeffum,
353 1840 466 1887 nihil
486 1857 509 1887 a
531 1852 661 1904 tergo
679 1838 838 1887 timens
860 1838 1087 1887 adversum
1107 1874 1121 1896 ,
1151 1836 1386 1901 legensque

108 1916 159 1963 &
186 1913 398 1973 audiens,
422 1913 538 1961 hanc
577 1913 807 1961 civitatem
843 1911 1164 1960 circumsessam
1203 1908 1384 1972 quidem

109 1988 371 2053 aliquoties,
400 2006 625 2052 nunquam
659 2001 807 2036 tamen
832 1987 1022 2036 excisam
1055 1999 1127 2034 aut
1158 1985 1349 2033 deditam
1368 2017 1382 2040 ,

111 2061 379 2125 impensiore
409 2061 556 2110 studio
584 2060 663 2109 fibi
690 2061 858 2109 sociare
876 2097 888 2120 ‚
910 2062 985 2108 vel
1015 2059 1199 2117 fraude,
1220 2058 1296 2105 vel
1316 2056 1385 2102 di-

112 2133 250 2181 verfis
268 2134 576 2183 adulationum
601 2134 835 2199 generibus
848 2171 861 2193 ,
880 2147 1114 2198 antequam
1138 2131 1277 2193 majus
1296 2128 1388 2176 ori-

113 2218 235 2252 retur
255 2207 449 2270 aliquid,
475 2209 757 2273 properabat.
777 2209 972 2271 Ideoque
1003 2207 1217 2254 Jovinum
1243 2205 1383 2268 magi-

114 2278 250 2325 strum
281 2280 485 2343 equitum
499 2317 513 2340 ‚
533 2280 790 2329 venientem
814 2297 890 2343 per
910 2280 1044 2342 Alpes
1064 2315 1077 2337 ‚
1101 2277 1385 2340 Noricosque

114 2350 374 2414 ingressum,
387 2355 518 2408 adid,
534 2355 658 2419 quod
672 2353 911 2411 exarserat,
924 2368 1113 2415 quoquo
1131 2352 1270 2398 modo
1287 2366 1389 2398 cor-

115 2423 347 2485 rigendum
378 2426 520 2473 redire
548 2427 679 2476 citius
710 2426 963 2490 imperavit.
987 2427 1043 2472 Et
1080 2442 1134 2471 ne
1167 2424 1277 2487 quid
1312 2423 1389 2468 de-

115 2497 239 2555 effet,
256 2498 419 2547 milites
433 2517 608 2560 omnes,
629 2500 704 2565 qui
720 2500 982 2548 comitatum
999 2499 1291 2564 sequebantur
1312 2508 1388 2543 aut
