1626 2917
273 137 494 208 RERUM
528 136 872 184 GESTARUM
901 136 1008 184 LIB.
1040 136 1215 184 XXXI.
1303 153 1390 202 255

115 245 199 292 Per
224 244 310 302 hos
339 243 431 291 dies
467 243 634 292 interea
670 244 802 290 etiam
838 242 1098 291 Vithericus
1134 245 1400 291 Greuthun-

115 333 277 380 gorum
299 333 378 364 rex
404 334 505 363 cum
539 317 729 363 Alatheo
752 319 799 364 ὅζ
825 315 1044 378 Saphrace
1060 351 1073 374 ,
1095 332 1291 379 quorum
1325 333 1399 363 ar-

114 388 254 435 bitrio
282 390 519 452 regebatur
537 424 552 447 ‚
578 389 774 451 itemque
804 388 1034 434 Farnobio
1050 424 1063 446 ‚
1086 388 1402 452 propinquans

115 460 208 506 Istri
241 461 513 524 marginibus
534 497 546 515 ,
577 473 624 507 ut
660 460 786 506 simili
816 459 1106 522 susciperetur
1146 461 1399 509 humanita-

115 545 182 590 te,
209 534 466 582 obsecravit
496 537 816 597 Imperatorem
838 568 852 589 ,
882 533 1038 596 legatis
1068 549 1259 595 propere
1294 534 1401 581 mis-

114 603 183 650 fis.
202 605 380 665 Quibus
395 641 408 664 ,
426 617 475 651 ut
508 605 740 652 communi
761 605 824 651 rei
844 606 1099 651 conducere
1129 606 1365 655 videbatur
1385 644 1402 666 ‚

113 677 388 739 repudiatis,
418 679 468 725 &
503 677 610 741 quid
648 677 917 740 capesserent
952 677 1126 724 anxiis:
1163 680 1400 726 Athanari-

114 766 193 796 cus
212 751 334 813 paria
360 751 672 814 pertimescens
696 751 919 807 absceflit,
941 768 1141 810 memor,
1162 753 1401 803 Valentem

115 824 283 872 dudum
316 843 418 873 cum
443 825 737 873 foederaretur
767 826 1016 874 concordia
1047 824 1285 888 despexisse
1302 863 1316 886 ‚
1337 828 1402 874 af-

112 893 364 945 firmantem
395 898 437 945 se
465 898 682 961 religione
704 900 963 947 dev'inffitm
983 936 995 959 ,
1023 916 1077 946 ne
1113 900 1301 949 calcaret
1325 902 1400 950 so-

112 972 206 1018 lum
226 971 466 1034 aliquando
487 973 744 1019 Romanum
762 1007 776 1030 ,
808 973 978 1035 hacque
1002 972 1253 1021 causatione
1275 974 1402 1021 Prin-

114 1045 259 1106 cipem
293 1034 468 1089 firniare
498 1060 651 1108 pacem
691 1044 737 1089 in
771 1045 923 1089 medio
951 1044 1137 1091 flumine
1176 1046 1399 1108 coegisse:

113 1133 244 1177 quam
278 1115 541 1161 simultatem
572 1114 772 1171 veritus,
804 1126 855 1161 ut
888 1115 1032 1161 adbuc
1066 1115 1323 1175 durantem,
1346 1119 1401 1165 ad

113 1186 522 1236 Caucalandensem
561 1187 713 1234 locum
753 1187 987 1233 altitudine
1025 1186 1235 1236 silvarum
1275 1189 1400 1237 inac-

112 1262 275 1309 ceffum
305 1263 353 1309 &
371 1261 596 1308 montium
617 1297 630 1318 ‚
653 1278 754 1308 cum
779 1261 862 1308 suis
890 1262 1102 1308 omnibus
1126 1263 1400 1325 declinavit,

113 1333 322 1380 Sarmatis
354 1333 458 1380 inde
488 1333 689 1379 extrusis.

184 1408 241 1453 V.
272 1409 331 1452 At
364 1422 477 1452 vero
503 1405 785 1469 Thervingi‚
805 1404 1058 1467 jamdudum
1087 1406 1270 1453 transire
1299 1424 1400 1470 per-

114 1479 227 1526 miffi
247 1515 260 1537 ‚
297 1496 440 1542 prope
471 1479 589 1542 ripas
622 1480 851 1526 etiamtum
887 1481 1163 1543 vagabantur
1184 1516 1197 1538 ,
1228 1480 1397 1543 duplici

116 1551 442 1614 impedimento
472 1552 695 1609 adstriffi,
729 1552 852 1614 quod
892 1553 1053 1599 ducum
1087 1553 1399 1599 diffimulatio-

114 1641 172 1670 ne
199 1625 447 1686 perniciosa
478 1643 562 1672 nec
596 1626 732 1673 vistui
766 1626 976 1689 congruis
1006 1626 1106 1672 sunt
1140 1626 1304 1687 adjuti,
1345 1628 1396 1674 ἅτ

116 1698 384 1745 tenebantur
422 1697 663 1757 consulto,
700 1697 903 1744 nefandis
945 1699 1139 1745 nudandi
1174 1716 1397 1746 commer-

116 1770 211 1818 ciis.
242 1772 355 1830 Quo
385 1771 638 1829 intellecto,
659 1771 715 1818 ad
743 1770 974 1834 perfidiam
1013 1771 1269 1818 instantium
1304 1790 1399 1821 ma-

113 1841 263 1890 lo'rum
282 1843 517 1891 subsidium
536 1845 744 1892 vertendi
771 1845 1014 1892 mussabant
1033 1863 1043 1891 z
1062 1847 1109 1892 &
1128 1845 1396 1908 Lupicinus,

114 1929 173 1960 ne
185 1912 274 1974 jam
295 1913 551 1974 deficerent,
573 1915 885 1978 pertimescens
899 1952 912 1974 ‚
933 1933 1011 1963 eos
1027 1952 1040 1975 ,
1063 1916 1253 1963 admotis
1271 1919 1394 1965 mili-

115 1987 237 2033 tibus
255 2023 270 2045 ,
289 1988 494 2052 adigebat
519 1990 648 2035 ocius
668 1987 907 2052 proficisci.
935 1989 981 2034 Id
1009 2001 1182 2050 tempus
1215 2005 1393 2051 oppor-

117 2071 277 2107 tunum
298 2061 412 2108 nacti
431 2063 744 2126 Greuthungi,
763 2079 862 2110 cum
884 2062 989 2109 alibi
1016 2062 1232 2108 militibus
1251 2079 1396 2108 occu-

116 2130 229 2195 patis
244 2168 264 2189 ,
278 2132 458 2196 navigia
474 2133 594 2180 ultro
619 2135 826 2199 citroque
846 2135 1085 2181 discurrere
1106 2134 1232 2181 solita
1256 2135 1399 2181 transl-

119 2203 305 2266 greffum
339 2219 497 2251 eorum
541 2207 827 2269 prohibentia
870 2206 1097 2270 quiescere
1141 2206 1394 2269 prospexis-

120 2275 217 2321 sent
245 2309 256 2328 ‚
303 2277 469 2325 ratibus
517 2279 725 2325 transiere
762 2279 875 2325 male
930 2280 1155 2326 contextis
1180 2314 1194 2337 ‚
1234 2278 1393 2324 castra-

121 2363 209 2410 que
234 2363 258 2392 a
289 2348 536 2410 Fritigerno
570 2351 781 2396 locavere
816 2349 1080 2411 longissime.
1111 2355 1170 2395 At
1210 2350 1284 2395 ille
1313 2366 1393 2412 ge-

121 2420 259 2468 nuina
291 2422 566 2484 praevidendi
596 2422 792 2471 sollertia
830 2436 1050 2473 venturos
1078 2423 1282 2471 muniens
1322 2438 1399 2476 ca-⁴

957 2661 1012 2681 Υδι·
