1626 2917
230 231 321 280 288
422 229 763 306 ΑΜΜΙΑΝΙΔ
814 228 1317 277 MARCELLINI

228 337 535 403 transgressum
548 372 562 394 ‚
592 353 766 400 quaqua
786 332 1013 382 incederet
1029 337 1278 384 acceffione
1296 354 1437 400 opum
1459 339 1510 386 &

227 412 394 460 virium
427 410 617 455 flammae
655 409 789 458 instar
828 412 984 457 cundia
1022 410 1197 458 facilius
1239 410 1508 473 occupass'e:

226 482 528 548 principatum
551 481 742 544 denique
765 482 992 530 deferente
1014 496 1126 530 nutu
1146 483 1318 532 coelesti
1343 483 1509 548 absque

226 556 317 604 ulla
339 555 533 617 publicae
553 554 614 601 rei
632 555 859 619 suscepiffe
878 556 1055 619 jaciura.

290 631 362 676 111.
400 628 539 675 Brevi
574 628 734 675 deinde
765 630 972 677 Secundo
1017 628 1250 686 Sallustio,
1284 642 1505 694 promoto

221 700 437 766 praefecio
457 701 699 764 praetorio‚
725 701 938 748 summam
963 701 1257 767 quaestionum
1283 702 1507 766 agitanda·

222 792 323 821 rum
354 791 403 821 ut
437 772 529 820 fido
553 773 774 821 commisit
795 792 805 821 :
828 776 1101 822 Mamertino
1119 811 1133 833 ,
1155 777 1203 823 &
1222 777 1470 823 Arbetione
1491 810 1508 831 ‚

222 852 274 897 δι
293 848 487 912 Agilone
505 862 639 910 atque
661 846 826 894 Nevita
846 846 1061 908 adjunffis
1077 885 1090 906 ,
1111 848 1358 912 itidemque
1379 847 1507 895 Jovi-

220 939 287 969 no
304 920 514 986 magistro
530 920 728 984 equitum
748 937 827 984 per
845 921 1079 984 Illyricum
1100 939 1252 970 recens
1267 922 1505 985 proveElO.

222 996 320 1056 Qui
365 1012 525 1044 omnes
559 993 804 1058 transgressi
850 996 1139 1043 Chalcedona
1160 1032 1176 1053 ,
1215 995 1506 1058 praesentibus

222 1071 523 1118 Jovianorum
556 1069 1024 1131 Herculianorumque
1049 1069 1327 1131 principibus
1346 1071 1395 1116 &
1425 1068 1509 1114 tri·

221 1145 355 1193 bunis
377 1180 391 1203 ,
422 1143 571 1193 causas
596 1143 904 1188 vehementius
927 1159 1060 1205 aequo
1091 1143 1307 1206 bonoque
1340 1144 1508 1205 specia-

223 1230 418 1275 verunt‚
438 1228 598 1279 praeter
625 1230 788 1277 paucas
804 1250 816 1271 ,
838 1214 883 1261 in
912 1215 1074 1277 quibus
1106 1215 1271 1262 veritas
1297 1231 1399 1262 reos
1418 1231 1507 1261 no-

220 1289 496 1338 centiffirnos
532 1286 763 1334 offerebat.
784 1289 837 1333 Et
859 1287 1099 1333 Palladium
1121 1288 1313 1349 primum
1336 1304 1393 1334 ex
1414 1305 1508 1334 ma-

221 1362 363 1427 gistro
388 1359 648 1407 officiorum
679 1359 726 1404 in
747 1359 988 1406 Britannos
1015 1359 1394 1417 exterminarunt,
1435 1359 1507 1406 su-

222 1433 427 1497 spicione
463 1445 594 1479 tenus
627 1431 929 1477 insimulatum
952 1467 966 1489 ‚
998 1431 1199 1495 quaedam
1235 1432 1282 1478 in
1321 1432 1506 1479 Gallum

221 1506 526 1571 composuisse
553 1506 674 1570 apud
701 1505 1015 1553 Constantium
1036 1541 1050 1564 ,
1095 1506 1198 1552 dum
1231 1505 1309 1551 sub
1345 1506 1506 1552 eodem

220 1580 399 1628 Caesare
424 1577 682 1625 officiorum
703 1577 808 1624 effet
826 1576 1042 1640 magister.
1068 1577 1192 1624 Dein
1214 1578 1414 1625 Taurum
1447 1595 1506 1627 ex

221 1652 437 1717 praefecto
457 1651 676 1714 praetorio
696 1649 742 1696 in
762 1650 964 1696 exsilium
984 1666 1110 1713 egere
1127 1652 1405 1700 Vercellum:
1427 1670 1506 1700 cu-

221 1727 291 1791 jus
317 1725 479 1772 facium
512 1724 631 1787 apud
671 1722 869 1785 judices,
891 1721 1111 1785 justorum
1145 1724 1504 1791 injustorumque

223 1799 528 1857 distinssores,
541 1797 686 1846 videri
701 1797 853 1861 potuit
867 1796 1010 1844 veniae
1027 1797 1223 1858 plenum.
1242 1799 1367 1858 Quid
1381 1800 1501 1846 enim

222 1872 444 1935 deliquit,
476 1872 507 1918 fi
549 1885 701 1918 ortum
737 1872 962 1918 turbinem
1002 1872 1198 1931 veritus,
1228 1874 1282 1919 ad
1319 1874 1503 1921 tutelam

220 1945 443 2008 Principis
473 1945 537 1991 sui
563 1943 806 2008 confugit?
838 1947 893 1990 Et
917 1945 1009 1990 acia
1043 1944 1170 2006 super
1189 1960 1245 1990 eo
1263 1945 1379 2009 gesta
1408 1962 1504 1992 non

221 2019 314 2067 fine
335 2034 498 2081 magno
519 2017 776 2082 legebantur
805 2018 1025 2075 horrore,
1053 2034 1156 2063 cum
1187 2017 1231 2062 id
1252 2017 1504 2066 voluminis

222 2092 392 2156 publici
421 2091 675 2138 contineret
707 2090 947 2137 exordium
975 2108 987 2137 z
1035 2092 1264 2152 Consulatu
1300 2093 1431 2136 Tauri
1461 2089 1505 2137 G·

223 2169 423 2214 Florentii
444 2203 458 2226 ‚
484 2168 648 2213 induc‘lo
660 2167 743 2227 fich
763 2168 1018 2228 praeconibus
1045 2168 1196 2211 Tauro,
1225 2165 1293 2211 Ad
1313 2165 1502 2211 exitium

220 2239 376 2287 itidem
407 2240 490 2286 tale
526 2239 764 2286 Pentadius
789 2238 1071 2286 trahebatur:
1094 2238 1164 2285 cui
1195 2237 1240 2284 id
1275 2238 1503 2300 objeflum

220 2314 310 2372 est,
337 2314 462 2376 quod
489 2331 512 2360 a
543 2312 812 2360 Constantio
841 2312 988 2359 missus
1014 2312 1133 2359 notis
1163 2311 1371 2375 excepit,
1401 2328 1503 2375 quae

221 2386 558 2451 propinquante
589 2384 787 2448 pernicie
822 2384 949 2448 super
982 2385 1132 2432 multis
1169 2385 1502 2447 interrogatus,

221 2458 512 2522 responderat
538 2458 713 2505 Gallus.
751 2458 835 2505 Sed
873 2475 973 2505 cum
996 2456 1037 2504 se
1064 2457 1177 2520 juste
1208 2455 1466 2502 defenderet
1485 2491 1500 2514 ‚

220 2534 401 2582 tandem
431 2532 541 2584 abiit
570 2529 802 2582 innoxius.
824 2531 1064 2597 Iniquitate
1094 2530 1219 2579 simili
1249 2528 1500 2580 Florentius
