1626 2917
322 192 539 241 RERUM
572 191 908 240 GESTARUM
941 192 1045 240 LlB.
1079 190 1188 239 XV.'
1245 189 1261 207 ²
1343 204 1402 253 57

126 302 188 350 set
203 338 217 361 ‚
233 301 406 350 haerens
426 303 475 350 &
499 301 724 365 ambigens
751 300 851 359 diu,
871 299 1078 364 quidnam
1095 298 1140 345 id
1161 296 1265 345 esset
1288 295 1406 362 (nec

127 374 243 421 enim
281 373 544 421 meminerat
573 373 748 430 secum,
779 370 1023 437 aliquando
1058 370 1188 434 super
1215 370 1407 433 negotio

127 447 221 493 ullo
241 446 481 505 interiore,
503 447 612 505 hos,
634 463 827 510 quorum
849 446 997 493 literas
1022 454 1280 507 acceperat,
1302 442 1405 490 col-

126 517 340 579 locutos)
364 518 568 580 epistolas
588 516 696 581 ipsas
719 534 797 580 per
823 516 1053 579 bajulum,
1077 515 1154 579 qui
1172 526 1374 577 portarat
1389 548 1408 573 ‚

126 589 280 651 jun&0
309 591 450 638 milite
482 592 536 638 ad
555 590 849 638 Malarichum
885 589 1029 648 misit,
1054 588 1315 643 obsecrans,
1353 597 1405 632 ut

127 662 311 710 doceret
338 675 513 725 aperte,
547 680 648 727 quae
668 662 833 722 vellet,
861 678 955 708 non
977 661 1037 709 ita
1058 660 1269 724 perplexe
1289 676 1299 703 z
1320 675 1404 705 nec

126 735 246 780 enim
272 734 533 781 intellexisse
562 733 793 790 firmabat,
825 745 875 780 ut
904 732 1194 796 subagrestem
1225 733 1276 780 &
1302 731 1408 778 fim-

126 804 289 866 plicem
305 839 320 863 ,
338 805 448 868 quid
475 804 762 869 significatum
782 805 886 851 effet
903 805 1151 851 obscurius.
1174 806 1282 851 Haec
1304 805 1407 850 Ma-

127 876 322 925 larichus
339 878 484 924 subito
505 879 654 925 nasius
670 914 686 935 ‚
711 878 844 924 etiarn
866 890 974 925 tunc
996 877 1198 941 squalens
1221 880 1269 925 &
1287 895 1409 924 moe·

129 947 245 1007 stus,
263 949 470 1012 suamque
493 951 543 996 &
571 949 802 1011 popularis
837 949 1010 995 Silvani
1041 950 1186 996 vicem
1211 951 1407 1013 graviter

127 1018 419 1083 ingemiscens
434 1057 446 1078 ‚
479 1020 685 1068 adhibitis
706 1020 882 1067 Francis
897 1057 910 1079 ‚
930 1037 1129 1084 quorum
1160 1038 1211 1067 ea
1231 1033 1411 1084 temped

129 1093 233 1140 flate
271 1095 316 1141 in
349 1094 517 1158 palatio
555 1094 798 1141 multitudo
842 1093 1058 1152 florebat,
1096 1094 1280 1155 ereffius
1320 1094 1409 1153 jam

128 1166 428 1230 loquebatur:
455 1167 898 1231 tumultuabaturque
914 1203 929 1227 ‚
954 1165 1179 1231 patesaffis
1211 1167 1378 1214 insidiis
1394 1204 1412 1225 ,

127 1241 376 1305 retetstaque
394 1241 480 1303 jam
508 1241 707 1297 fallacia,
733 1259 811 1303 per
828 1259 962 1305 quam
991 1259 1046 1287 ex
1073 1239 1275 1288 confesso
1294 1239 1411 1287 salus

128 1329 286 1360 eorum
316 1314 618 1377 appetebatur.
653 1314 823 1377 Hisque
860 1314 1057 1378 cognitis
1085 1313 1234 1360 statuit
1262 1316 1411 1376 Impe-

131 1397 284 1444 rator,
321 1385 656 1449 dispicientibus
693 1385 1023 1433 consistorianis
1060 1388 1109 1433 ἃ
1143 1385 1412 1434 militaribus

130 1458 369 1516 universis,
395 1459 442 1504 in
473 1458 704 1522 negotium
730 1458 1073 1522 praeterinquiri.
1106 1460 1314 1522 Cumque
1334 1457 1412 1519 ju-

132 1531 251 1579 dices
268 1531 543 1588 fastidissem,
566 1531 819 1579 Florentius
838 1531 1092 1595 Nigriniani
1111 1530 1229 1578 filius
1245 1567 1259 1589 ‚
1277 1548 1411 1595 agens

131 1614 241 1650 tunc
279 1619 362 1665 pro
396 1603 606 1666 magistro
640 1603 928 1660 officiorum,
961 1603 1275 1665 contemplans
1304 1603 1412 1649 dili-

130 1674 303 1738 gentius
337 1673 517 1737 scripta,
560 1674 827 1738 apicumque
871 1676 1161 1738 pristinorum
1198 1676 1411 1740 reliquias

131 1746 353 1809 quasdam,
370 1747 621 1810 reperien3‚
660 1748 1000 1806 animadvertit,
1036 1762 1084 1796 ut
1120 1748 1283 1795 fastum
1319 1749 1411 1808 est,

131 1818 282 1880 priore
309 1831 434 1866 textu
464 1819 740 1883 interpolato
772 1820 905 1883 louge
935 1821 1045 1877 alia,
1073 1837 1205 1884 quam
1227 1821 1411 1869 dislarat

130 1889 337 1937 Silvanus
352 1927 365 1948 ‚
388 1909 444 1938 ex
467 1891 650 1938 libidine
673 1891 993 1939 consarcinata:
1025 1892 1224 1951 salsitatis
1244 1892 1412 1941 adseri⁴

130 1975 215 2028 pta.
249 1965 443 2014 Proinde
473 1966 745 2014 fallaciarum
779 1967 897 2013 nube
926 1966 1132 2027 discussa,
1161 1970 1413 2030 Imperator

131 2036 288 2086 dofilus
329 2037 442 2102 gesta
478 2039 697 2086 relatione
733 2038 879 2098 fideli,
917 2040 1129 2103 abrogata
1160 2039 1411 2102 potestate,

131 2109 386 2172 praefeE'tum
408 2111 536 2158 statui
555 2110 635 2158 sub
661 2111 908 2174 quaestione
927 2111 1128 2174 praecipit
1148 2127 1159 2155 ι
1179 2110 1250 2157 sed
1274 2111 1411 2157 abso-

131 2181 250 2230 lutus
277 2183 341 2229 est
371 2183 489 2231 enisa
511 2183 844 2247 conspiratione
870 2185 1148 2232 multorum:
1179 2183 1409 2247 suspensus

132 2265 279 2303 autem
299 2255 509 2304 Eusebius
539 2257 791 2304 ex-comite
823 2258 1094 2319 privatarum
1112 2294 1126 2316 ,
1150 2256 1192 2304 se
1219 2258 1408 2305 conscio

131 2325 228 2372 haec
258 2325 428 2373 dixerat
447 2327 684 2376 concitata.
704 2327 898 2375 AEdefius
918 2329 1036 2375 enim
1054 2365 1067 2389 ,
1088 2329 1234 2376 minus
1253 2329 1374 2376 scisse
1387 2365 1404 2386 ‚

133 2396 241 2460 quid
269 2397 413 2445 aecum
447 2399 517 2458 sit,
546 2399 764 2462 pertinaci
792 2399 1062 2449 infitiatione
1089 2403 1368 2450 contendens
1389 2438 1406 2460 ‚

131 2469 240 2518 abiit
265 2469 509 2520 innoxius:
537 2474 589 2521 &
620 2473 680 2521 ita
705 2471 834 2522 finito
868 2474 1083 2540 negotio,
1114 2491 1271 2523 omnes
1305 2474 1406 2522 sunt
