1626 2917
203 145 263 193 72
420 129 747 175 ΑΜΜΙΑΝΙ
786 130 1260 181 MARCELLINI

207 235 393 282 sentium
419 234 726 282 secundiffima
745 272 758 292 ‚
776 248 826 282 ut
847 235 916 282 vir
937 237 1070 285 serius
1086 276 1097 292 ,
1119 240 1263 286 rector
1280 243 1490 302 pronun2

206 308 343 353 tiatur
371 306 560 368 imperii.
598 310 711 352 Mox
748 308 984 369 principali
1011 309 1162 356 habitu
1189 313 1491 358 circumdatus

205 381 255 426 &
281 395 482 436 corona,
510 379 822 442 Augustusque
851 396 1134 444 nuncupatus
1164 402 1266 431 cum
1288 385 1492 431 laudibus

204 453 392 514 amplis,
427 469 534 515 quas
570 453 789 501 novitatis
831 455 984 516 potuit
1023 456 1219 503 excitare
1262 458 1490 506 dulcedo,

207 524 508 588 praemeditata
527 525 674 571 dicere
693 524 781 586 jam
802 527 997 587 parabat.
1034 528 1193 591 quue
1207 563 1221 585 ‚
1239 541 1288 574 ut
1306 530 1493 591 expedi-

205 600 294 646 tius
313 599 599 662 loqueretur,
626 600 855 646 brachium
883 601 1155 658 exsertante,
1180 603 1496 649 obmurmura-

207 674 275 721 tio
294 675 444 736 gravis
464 675 693 731 exoritur,
707 673 1086 736 concrepantibus
1106 673 1316 720 centuriis
1334 675 1383 721 &
1401 691 1494 720 rna-

205 745 404 808 nipulis‚
440 748 790 809 cohortiumque
832 747 1036 792 omnium
1077 745 1205 807 plebe
1237 745 1495 808 urgentium

206 819 446 877 destinate,
472 820 706 866 confestim
728 823 1044 881 Imperatorem
1078 817 1264 863 alterum
1295 816 1493 863 declara-

208 891 262 939 ri.
296 892 438 952 Quod
465 892 570 939 licet
596 891 805 939 nonnulli
826 890 1135 936 existimarunt
1155 888 1305 951 paucis
1331 906 1493 935 corru-

208 964 297 1027 ptis
328 966 382 1011 ad
410 965 596 1028 gratiam
622 963 716 1011 fieri
745 963 1049 1026 despeetorum
1070 982 1081 1010 z
1103 980 1160 1009 ex
1184 979 1240 1009 eo
1271 976 1416 1009 tamen
1445 963 1494 1010 id

214 1035 376 1083 frustra
395 1037 613 1084 creditum
636 1037 899 1093 videbatur,
917 1037 1042 1099 quod
1064 1053 1157 1083 non
1174 1037 1402 1092 emercati‚
1421 1035 1494 1082 sed

213 1108 425 1164 consoni,
439 1109 581 1156 totius
596 1109 895 1156 multitudinis
914 1109 1034 1170 paria
1056 1109 1253 1155 volentis
1274 1109 1494 1155 clamores

209 1182 530 1240 audiebantur,
552 1185 832 1230 documento
857 1183 1025 1230 recenti
1052 1182 1334 1245 fragilitatem
1358 1182 1497 1244 perti-

208 1255 445 1304 mescentis.
464 1255 716 1302 sublimium
744 1255 1046 1302 fortunarum.
1077 1255 1200 1301 Dein
1231 1272 1283 1301 ex
1314 1255 1496 1301 susurris

208 1329 464 1376 immaniter
490 1329 722 1391 strepentis
752 1329 975 1376 exerc-itus
1002 1328 1109 1374 cieri
1134 1328 1355 1379 tumultus
1389 1328 1496 1374 vio-

211 1399 382 1446 lentior
405 1400 673 1463 apparebat,
692 1401 742 1447 &
772 1399 1046 1448 confidentia
1075 1400 1226 1446 militis
1255 1416 1498 1462 erumpen-

210 1472 267 1520 tis
283 1473 506 1520 interdum
525 1475 580 1520 ad
599 1475 850 1536 perniciosa
870 1474 1068 1521 facinora
1086 1473 1336 1520 timebatur.
1354 1471 1496 1533 Quod

215 1543 560 1593 Valentinianus
577 1547 716 1610 magis
737 1564 830 1609 prae
849 1547 1016 1594 cunctis
1031 1582 1043 1602 ‚
1065 1562 1120 1591 ne
1138 1543 1261 1591 fieret
1277 1581 1289 1602 ,
1308 1546 1498 1592 extime-

211 1615 364 1675 scens,
388 1618 500 1664 elata
531 1618 741 1682 prospere
777 1620 957 1666 dextera
992 1619 1036 1667 vi
1071 1618 1291 1680 Principis
1331 1616 1497 1664 fiducia

211 1690 364 1754 pleni,
385 1691 509 1738 ausus
527 1693 758 1755 increpare
776 1682 990 1758 quosdam
1010 1706 1057 1739 ut
1077 1691 1309 1738 seditiosos
1330 1694 1379 1740 δέ
1398 1708 1497 1753 per-

211 1763 382 1810 tinaces
396 1800 410 1820 ‚
429 1765 625 1828 cogitata
644 1765 778 1812 nullis
808 1765 1201 1827 interpellantibus
1221 1764 1499 1811 absolvebat.

212 1838 426 1897 Exficlm,
436 1840 754 1900 provinciarum
768 1839 986 1902 forziffimi
1006 1839 1253 1898 defensores,
1276 1835 1319 1883 δ’
1333 1856 1416 1897 prae
1436 1856 1498 1883 me

206 1912 301 1976 fero
316 1948 331 1969 ,
353 1913 587 1974 semperque
615 1918 775 1960 laturus
791 1916 922 1975 sitm,
943 1933 1013 1959 nec
1032 1915 1250 1975 speranti,
1271 1931 1341 1957 nec
1374 1931 1500 1972 appe-

215 1988 319 2033 tenti
356 1990 640 2033 moderamina
677 1991 786 2034 orbis
829 1990 1016 2033 Romani
1050 1989 1180 2043 mihi,
1217 2002 1262 2031 ut
1288 1986 1499 2048 potiffi'mo

216 2061 403 2104 omnium
419 2095 431 2115 ‚
451 2062 598 2125 vestras
624 2057 806 2124 detuliffe
831 2064 1011 2107 virtutes.
1041 2061 1171 2119 Quod
1196 2074 1279 2103 erat
1306 2061 1434 2119 igitur
1452 2061 1498 2105 itz

217 2149 347 2179 manu
360 2133 542 2195 pofitum
562 2135 686 2197 vestra
705 2170 718 2189 ,
740 2136 925 2179 nondum
946 2132 1060 2178 elcffo
1079 2135 1238 2192 imperii
1246 2131 1497 2189 formatore,

216 2206 372 2250 utiliter
390 2202 431 2249 G·
456 2208 630 2267 gloriose
649 2207 896 2271 complestis,
925 2206 1053 2265 α]ὲὶῑο
1073 2205 1118 2249 irz
1144 2207 1342 2249 honorum
1369 2207 1497 2249 verti-

216 2294 297 2322 cem
327 2294 401 2331 eo,
419 2295 531 2336 quem
566 2280 618 2322 ab
646 2282 807 2323 ineunte
838 2278 1112 2337 adolescentia
1148 2281 1208 2322 ad
1238 2280 1345 2322 lzanc
1373 2278 1499 2337 astque-

216 2352 349 2398 aetatis
382 2353 656 2396 maturitatem
682 2353 904 2411 splendide
940 2354 1162 2411 integreque
1194 2349 1339 2413 vixiſje
1375 2369 1498 2410 expe·
1558 2407 1561 2409 Α

215 2426 367 2474 timido
403 2425 662 2487 cognoscitis.
694 2428 873 2471 Proinde
900 2428 1069 2487 pacatis
1102 2427 1271 2470 auribus
1294 2427 1495 2484 accipite,
