1626 2917
244 226 466 274 RERUM
496 226 834 273 GESTARUM
871 227 978 272 LlB.
1012 226 1181 272 XXIII.
1286 243 1368 290 351

83 335 143 383 ris
172 351 322 383 amnes
341 333 443 381 sunt
469 334 561 381 duo
581 331 787 397 perpetui
805 369 818 392 ‚
840 349 956 397 quos
975 334 1026 382 &
1046 331 1337 381 transivimus
1354 370 1369 398 ,

82 408 254 456 Diabas
273 410 323 456 &
341 407 554 466 Adiabas,
573 406 711 469 junffl
734 407 961 454 navalibus
981 407 1195 470 pontibus
1215 424 1225 453 ε
1247 407 1373 454 ideo·

82 500 171 547 que
203 481 392 546 intelligi
424 482 698 528 Adiabenam
732 482 1126 546 cognominatam,
1149 496 1200 528 ut
1224 499 1248 528 a
1282 481 1373 528 flu·-

81 555 277 602 minibus
311 553 517 600 maximis
548 555 773 617 AEgyptus
793 590 806 611 ‚
838 556 1044 601 Homero
1078 554 1261 601 att&ore
1282 590 1297 611 ,
1322 555 1373 602 ὃς

81 626 206 674 India
228 663 242 685 ,
268 626 318 673 &
349 626 665 689 Euphratensis
694 626 877 674 antehac
908 628 1217 689 Commagena
1246 645 1256 673 :
1295 627 1374 673 iti-

81 699 273 763 demque
302 699 487 746 Hiberia
515 716 570 746 ex
602 699 775 745 Hibero
795 735 808 757 ,
838 715 957 747 nunc
987 698 1202 761 Hispania
1222 735 1235 757 ‚
1267 700 1317 747 &
1349 716 1373 746 a

82 772 192 819 Baeti
226 788 356 819 amne
383 772 543 836 insigni
575 771 815 834 provincia
847 771 1024 837 Baetica.
1054 774 1102 817 In
1134 771 1218 818 hac
1241 772 1373 818 Adia-

82 846 199 893 bena
229 846 377 893 Ninus
416 844 478 892 est
521 844 711 902 civitas,
740 862 840 908 quae
877 845 988 891 olim
1020 845 1205 891 Persidis
1235 861 1373 908 regna

80 919 357 982 possederat,
379 935 549 965 nomen
575 918 684 965 Nini
711 917 1004 980 potentissimi
1039 918 1272 981 quondam
1300 936 1374 966 re-

80 992 148 1056 gis
179 992 476 1038 Semiramidis
505 991 650 1038 mariti
687 991 912 1038 declarans
930 1028 943 1050 ‚
975 994 1023 1039 &
1047 992 1299 1049 Ecbatana,
1323 994 1373 1041 &

83 1067 246 1113 Arbela
265 1103 278 1125 ,
300 1068 350 1114 &
370 1066 643 1130 Gaugamela
657 1101 670 1124 ‚
687 1066 764 1112 ubi
785 1066 974 1112 Darium
999 1066 1254 1112 Alexander
1273 1067 1373 1129 post

82 1139 337 1186 discrimina
358 1140 482 1186 varia
499 1138 781 1201 proeliorum*
796 1138 985 1185 incitato
1006 1140 1151 1185 Marte
1177 1139 1373 1202 prostra-

81 1212 165 1261 vit.
196 1215 242 1259 In
275 1213 402 1260 omni
432 1225 583 1259 autem
611 1211 784 1276 Assyria
814 1211 966 1258 multae
988 1210 1091 1258 sunt
1119 1212 1282 1258 urbes:
1303 1212 1374 1258 in-

81 1300 150 1334 ter
175 1304 286 1351 quas
315 1287 504 1350 Apamia
533 1286 700 1332 eminet
733 1285 911 1332 Mesene
945 1285 1266 1347 cognominata
1285 1323 1300 1343 ,
1323 1288 1374 1334 δέ

81 1361 296 1408 Teredon
312 1397 328 1418 ,
359 1363 408 1409 &
433 1359 683 1423 Apollonia
700 1394 713 1417 ‚
745 1360 792 1405 ὅζ
818 1357 1074 1420 Vologeffia
1096 1394 1111 1414 ,
1141 1357 1297 1420 hisque
1318 1360 1375 1404 fi-

81 1435 210 1482 miles
230 1435 398 1483 multae.
416 1432 782 1498 Splendidiffimae.
805 1447 919 1477 vero
939 1432 989 1477 &
1008 1431 1283 1494 pervulgatae
1302 1433 1375 1478 hae

83 1507 192 1554 solae
228 1507 328 1554 sunt
363 1520 481 1554 tres:
509 1505 720 1569 Babylon
742 1540 753 1562 ,
786 1503 911 1565 cujus
948 1503 1118 1549 moenia
1154 1503 1374 1551 bitumine

85 1581 337 1628 Semiramis
366 1578 749 1642 struxit,(arcem
785 1577 902 1623 enim
939 1576 1262 1640 antiquissimus
1298 1595 1377 1625 rex

84 1651 291 1698 condidit
313 1652 442 1698 Belus
461 1649 483 1715 )
506 1653 556 1698 8<
578 1649 824 1712 Ctesiphon
840 1684 852 1706 ‚
873 1665 1006 1710 quam
1032 1648 1261 1695 Vardanes
1282 1650 1374 1711 pri-

84 1723 167 1770 scis
206 1723 487 1785 temporibus
527 1722 748 1779 instituit‚
790 1721 1029 1784 posteaque
1062 1738 1142 1766 rex
1175 1722 1372 1781 Pacorus

84 1796 339 1844 incolarum
363 1797 535 1846 viribus
557 1794 866 1858 amplificatam
890 1797 939 1842 &
958 1795 1216 1854 moenibus,
1237 1798 1373 1843 Gra:-

87 1887 146 1918 co
177 1870 329 1918 indito
361 1871 548 1918 nomine
590 1869 775 1916 Persidis
808 1868 955 1915 effecit
989 1869 1211 1931 specimen
1251 1870 1371 1917 sum-

86 1960 208 1990 mum
231 1960 242 1989 :
274 1943 374 2005 post
398 1943 513 1989 hanc
538 1941 762 2000 Seleucia,
794 1940 1079 1988 ambitiosum
1098 1958 1214 2005 opus
1236 1942 1372 1989 Nica—

87 2015 207 2062 toris·
226 2015 411 2062 Seleuci.
433 2017 540 2075 Qua
561 2030 641 2078 per
669 2015 803 2061 duces
824 2013 930 2059 Veri
950 2012 1134 2059 Caesaris
1155 2050 1170 2071 ‚
1191 2027 1241 2060 ut
1270 2028 1372 2061 ante

87 2088 324 2135 retulimus
343 2124 357 2146 ‚
379 2087 608 2150 expulsata
626 2119 639 2142 ‚
661 2087 870 2134 avulsum
893 2085 1067 2132 sedibus
1090 2086 1370 2134 simulacrum

88 2163 256 2210 Comei
286 2163 514 2227 Apollinis
537 2199 550 2221 ,
586 2163 898 2225 perlatumque
927 2162 1121 2207 Romam
1144 2196 1157 2218 ,
1196 2161 1244 2207 in
1277 2163 1370 2209 aede

89 2236 313 2298 Apollinis
349 2235 536 2282 Palatini
568 2236 780 2282 Deorum
817 2234 1030 2280 antistites
1070 2234 1367 2281 collocarunt,

91 2312 247 2356 Fertur
279 2323 453 2366 autern,
480 2310 605 2371 quod
633 2308 732 2370 post
764 2309 984 2370 direptum
1015 2307 1104 2354 hoc
1141 2308 1256 2354 idern
1287 2307 1370 2372 fig«

90 2395 326 2441 mentum,
363 2382 541 2430 incensa
591 2382 811 2438 civitate,
843 2381 1004 2427 milites
1049 2381 1200 2428 fimum
1246 2381 1369 2428 scru-

90 2468 235 2502 tantes
256 2456 472 2503 invenere
492 2456 694 2503 foramen
721 2454 949 2517 angustum
971 2473 981 2501 :
1010 2471 1104 2518 quo
1141 2454 1332 2501 reserato
1353 2490 1368 2512 ,

91 2545 141 2579 ‘nt
167 2530 411 2596 pretiosum
431 2531 600 2597 aliquid
624 2530 901 2590 invenirent,
919 2546 974 2578 ex
997 2531 1140 2596 adyto
1168 2531 1366 2594 quodam
