1626 2917
195 214 287 266 300
388 198 743 246 AMMIANI
778 199 1286 248 MARCELLINI

190 306 408 354 merosam
433 305 635 352 sobolem
655 340 670 364 ‚
696 322 831 353 manu
852 303 1090 354 firmiffima
1117 308 1172 355 ad
1195 308 1298 355 loca
1325 318 1480 356 reverss

187 390 302 426 terat
329 379 535 442 genitalia
553 414 565 432 ‚
586 377 741 426 secuto
769 391 976 442 ternpore
1005 382 1185 444 populis
1206 383 1479 430 diversarum

186 453 415 516 originum
444 451 759 500 formidabilis.
797 453 930 499 Haud
961 455 1127 516 procul
1163 456 1266 502 inde
1304 456 1480 503 attolli-

183 536 257 571 tur
286 525 513 572 Carambis
534 524 710 588 placide
731 524 863 572 collis
885 560 900 584 ‚
930 539 1091 573 contra
1112 526 1478 589 septemtrionem

182 599 373 648 Helicen
395 600 636 664 exsurgens
655 636 668 659 ,
689 598 820 662 cujus
849 617 874 647 e
897 601 1085 665 regione
1116 601 1177 648 est
1203 603 1476 651 Criovmeto-

183 689 282 737 pon
309 673 518 721 Tauricae
552 673 924 736 promontorium
943 709 956 732 ,
991 674 1168 722 duobus
1196 676 1396 723 millibus
1425 678 1477 724 &

181 746 440 811 quingentis
456 746 603 794 stadiis
622 745 904 809 disparatum.
921 749 1115 811 Hocque
1129 765 1185 795 ex
1203 748 1312 795 loco
1327 749 1478 795 omnis

185 836 266 868 ora
291 821 509 869 maritima
527 858 540 878 ‚
559 820 688 883 cujus
707 821 886 868 initium
908 821 1051 886 Halys
1071 822 1132 868 est
1152 823 1296 870 amnis
1314 858 1328 881 ‚
1348 822 1479 870 velut

186 894 471 959 longitudine
513 894 665 943 lineali
706 896 872 943 diresta
904 895 1036 944 nervi
1071 896 1210 944 efficit
1246 895 1437 960 speciem
1460 932 1478 954 ‚

185 967 356 1015 duabus
375 985 502 1015 arcus
521 967 849 1015 summitatibus
871 968 1145 1031 complicati.
1167 969 1248 1016 His
1276 968 1477 1032 regioni-

185 1040 271 1087 bus
293 1040 440 1087 Dahae
471 1039 675 1086 confines
702 1040 833 1099 sunt,
864 1041 1073 1088 acerrimi
1097 1041 1302 1087 omnium
1337 1041 1477 1087 bella-

185 1124 308 1160 tores
322 1148 335 1170 ,
356 1114 407 1160 &
433 1113 663 1176 Chalybes
679 1148 691 1170 ,
711 1129 791 1174 per
823 1130 943 1175 quos
979 1126 1161 1160 erutum
1179 1115 1229 1160 &
1249 1113 1475 1160 domitum

184 1185 252 1233 est'
267 1185 471 1248 primitus
492 1184 672 1232 ferrum.
691 1184 794 1231 Post
814 1201 929 1247 quos
950 1198 1088 1232 terras
1108 1198 1309 1248 patentes
1331 1187 1476 1249 Byza-

184 1274 254 1305 res
272 1257 506 1315 obtinent,
526 1258 576 1305 &
590 1256 762 1318 Sapires
778 1294 790 1314 ‚
811 1259 860 1305 ὅ(
878 1256 1090 1304 Tibareni
1110 1294 1124 1315 ‚
1146 1259 1195 1305 δε
1215 1258 1476 1322 Moss‘ynoe-

186 1330 255 1388 ci,
275 1331 326 1377 &
360 1332 622 1384 Macrones,
644 1332 693 1377 δέ
717 1330 923 1393 Philyres
943 1365 956 1387 ‚
988 1329 1145 1392 populi
1182 1330 1304 1376 nulla
1339 1329 1474 1376 nobis

183 1402 458 1449 affuetudine
485 1401 670 1464 cogniti.
700 1404 741 1448 A
779 1403 942 1466 quibus
972 1402 1100 1450 brevi
1134 1401 1277 1464 spatio
1311 1402 1472 1449 distant

182 1476 392 1523 virorum
414 1489 706 1522 monumenta
733 1474 985 1532 nobilium,
1015 1475 1062 1521 in
1089 1475 1250 1538 quibus
1282 1475 1475 1521 Sthene-

182 1549 251 1595 lus
278 1547 342 1595 est
375 1547 582 1595 humatus
601 1585 614 1606 ‚
641 1549 691 1596 &
718 1549 879 1596 Idmon
903 1584 916 1606 ‚
949 1550 999 1595 &
1024 1548 1234 1612 Tiphys:
1270 1548 1440 1610 primus
1457 1583 1473 1607 ‚

183 1619 390 1668 Herculis
409 1620 555 1668 socius
569 1657 582 1680 ,
602 1621 884 1668 Amazonico
904 1621 1026 1668 bello
1047 1621 1238 1668 letaliter
1258 1620 1474 1668 vulnera·
1531 1678 1533 1681 ι

183 1704 288 1748 tus;
321 1693 432 1739 alter
467 1710 610 1757 augur
640 1696 1040 1757 Argonautarum;
1082 1694 1239 1740 tertius
1279 1691 1473 1754 ejusdem

182 1765 313 1812 navis
335 1766 605 1813 cautissimus
627 1768 788 1815 rector.
815 1766 1112 1814 Praetercursis
1144 1765 1342 1828 partibus
1376 1781 1473 1811 me-

183 1838 399 1895 moratis,
420 1838 590 1885 Aulion
617 1852 794 1886 antrum
814 1839 874 1886 est
892 1874 904 1891 ‚
943 1841 993 1887 &
1021 1838 1186 1885 fluenta
1217 1836 1469 1884 Callichori

181 1927 240 1958 ex
269 1910 386 1958 fausto
418 1913 761 1977 cognominati,
784 1914 934 1978 quod,
962 1912 1175 1976 superatis
1204 1911 1303 1975 post
1330 1910 1471 1958 trien·

183 1984 309 2030 nium
339 1986 499 2033 Indicis
530 1987 788 2034 nationibus
807 2024 820 2044 ‚
845 1988 899 2033 ad
922 2003 999 2033 eos
1025 1987 1189 2032 tracius
1208 1985 1343 2032 Liber
1363 2000 1471 2030 ver-

182 2053 254 2101 sus
269 2090 282 2112 ,
307 2055 421 2102 circa
439 2056 570 2117 hujus
592 2059 708 2120 ripas
730 2059 898 2105 virides
920 2060 969 2106 &
990 2074 1152 2120 opacas
1172 2055 1298 2119 orgia
1321 2054 1470 2116 pristi-

182 2143 239 2174 na
259 2128 482 2188 reparavit
502 2131 552 2177 δε
573 2131 769 2178 choros:
802 2130 1050 2178 Trieterica
1070 2125 1323 2191 hujusmodi
1347 2125 1467 2173 sacra

180 2199 358 2262 quidam
381 2202 633 2251 existimant
650 2204 877 2268 appellari.
907 2203 1011 2250 Post
1040 2204 1137 2249 haec
1161 2200 1364 2248 confinia
1380 2201 1469 2247 Ca·

181 2273 438 2321 maritarum
456 2277 553 2340 pagi
576 2278 674 2324 sunt
697 2279 908 2335 celebres,
934 2280 982 2325 &
997 2276 1141 2323 Phasis
1164 2273 1466 2322 fremebundis

182 2346 380 2394 cursibus
400 2350 603 2398 Colchos
638 2351 818 2416 attingit
836 2387 851 2409 ‚
879 2349 1202 2413 AEgyptiorum
1234 2348 1465 2411 antiquam

184 2417 386 2466 sobolem
409 2439 421 2468 :
443 2422 520 2468 ubi
539 2424 654 2471 inter
675 2425 882 2472 civitates
907 2424 1012 2471 alias
1031 2423 1177 2470 Phasis
1197 2422 1259 2469 est
1283 2422 1468 2469 nomine

183 2489 315 2540 fluvii
351 2494 545 2543 distitata
563 2533 579 2555 ,
615 2499 665 2546 ὅ(
696 2497 962 2546 Dioscurias
1002 2512 1126 2543 nunc
1160 2495 1297 2560 usque
1326 2507 1467 2542 nota:
