1626 2917
262 138 353 184 226
475 136 804 184 AMMIANI
841 138 1319 187 MARCELLINI

259 255 476 291 venturus
505 255 578 288 aut
603 242 825 289 conscios.
849 244 1029 302 Quibus
1058 244 1170 307 saepe
1196 246 1348 293 eadem
1375 244 1543 293 iteran-

257 318 402 374 tibus,
433 316 642 362 haetenus
681 317 891 378 perpensa
927 318 1246 365 deliberatione
1281 319 1540 381 respondit,

255 392 351 438 haec
372 389 415 434 in
434 387 570 445 locis,
588 388 666 434 ubi
689 389 901 435 dicuntur
923 391 1126 449 admiffa,
1144 394 1380 454 quaerenda
1404 392 1540 438 veris·-

254 459 373 508 simis
403 462 687 509 documentis
723 463 773 509 &
809 462 1092 510 vindicanda.
1134 465 1340 526 Cumque
1375 464 1538 511 exinde

253 535 542 581 Carnuntum
572 533 837 597 lllyriorum
866 535 1084 597 oppidum
1118 535 1367 593 introisset,
1389 535 1539 582 deser-

252 622 349 657 tum
381 608 563 672 quidem
595 626 717 655 nunc
740 611 789 655 &
818 609 1046 671 squalens,
1076 608 1148 657 sed
1168 610 1343 657 duEtori
1362 609 1539 657 exemi-¹

248 693 324 729 tus
345 697 560 743 perquam
581 693 922 742 opportunum,
941 681 1018 727 ubi
1044 681 1138 728 fors
1157 682 1334 744 copiam
1357 681 1538 728 dedisset

248 766 326 802 aut
347 753 463 800 ratio
477 789 490 810 ,
510 770 533 798 e
555 752 743 799 statione
762 753 970 815 proxima
991 754 1258 816 reprimebat
1277 754 1536 801 barbaricos

247 826 486 889 appetitus.
516 826 571 872 Et
597 842 868 888 quamquam
902 827 1065 873 terrori
1090 828 1260 875 cunetis
1285 840 1405 880 erat,
1427 827 1536 873 dum

248 897 508 959 sperabatur
539 910 588 943 ut
620 913 722 943 acer
756 899 804 944 ὅ(
833 897 1074 944 vehemens
1110 914 1221 943 mox
1255 896 1425 958 judices
1455 898 1535 943 da-

246 970 389 1018 mnari
407 969 620 1032 jussurus,
638 986 836 1032 quorum
859 969 1042 1033 perfidia
1063 971 1138 1017 vel
1158 970 1397 1017 seceffione
1421 966 1550 1015 Pan-⁴

246 1044 488 1092 noniarum
515 1043 731 1089 nudatum
750 1042 811 1087 est
834 1043 944 1089 latus
963 1061 972 1088 :
995 1060 1096 1089 cum
1117 1042 1223 1089 illuc
1246 1041 1453 1099 venisset,
1470 1040 1532 1088 ita

245 1115 462 1179 intepuit,
495 1127 542 1161 ut
576 1131 720 1177 neque
746 1115 791 1160 in
821 1115 1006 1161 Gabinii
1038 1115 1150 1177 regis
1177 1115 1423 1177 inquireret
1448 1130 1531 1160 ne-

244 1208 369 1247 cem,
397 1205 542 1252 neque
570 1187 710 1236 inusta
739 1188 997 1250 reipublicae
1026 1189 1215 1235 vulnera
1243 1203 1337 1250 quo
1362 1186 1531 1233 sinente

240 1266 317 1316 vel
337 1277 493 1326 agente
515 1262 689 1326 segnius
709 1263 977 1320 evenissent,
997 1263 1245 1322 accuratius
1267 1263 1530 1326 vestigaret:

239 1354 298 1386 eo
336 1335 549 1383 videlicet
582 1351 737 1391 more,
767 1352 860 1398 quo
893 1348 985 1382 erat
1020 1337 1199 1382 severus
1236 1335 1282 1381 in
1318 1335 1531 1398 gregariis

240 1410 550 1474 corrigendis,
585 1409 808 1456 remiffior
845 1425 948 1472 erga
983 1407 1176 1470 majores
1208 1408 1412 1455 fortunas
1453 1407 1530 1455 vel

241 1485 395 1532 verbis
423 1481 723 1545 asperioribus
744 1481 1030 1529 incessendas.
1055 1482 1213 1529 Solum
1239 1494 1388 1529 tamen
1410 1481 1530 1529 inci-

239 1571 336 1607 tato
361 1557 538 1620 petebat
562 1556 673 1603 odio
694 1556 918 1614 Probum,
939 1572 1198 1619 nunquam,
1222 1572 1278 1602 ex
1299 1572 1394 1619 quo
1421 1572 1528 1602 eum

239 1631 448 1687 viderat,
478 1629 641 1676 minari
674 1629 876 1676 defitiens
907 1628 983 1675 vel
1011 1628 1276 1676 mitescens:
1311 1626 1439 1688 cujus
1458 1627 1527 1676 rei

237 1704 379 1752 causae
412 1721 496 1753 nec
530 1702 734 1755 obscurae
766 1701 974 1758 fuerunt,
1001 1718 1084 1749 nec
1120 1701 1258 1749 leves.
1289 1701 1376 1749 Hic
1406 1718 1526 1763 prae-

235 1779 447 1826 feauram
485 1777 705 1841 praetorio
740 1792 848 1825 tunc
881 1775 1086 1838 primitus
1124 1777 1300 1835 naitus,
1335 1792 1524 1840 eamque

235 1852 390 1898 multis
417 1850 738 1914 atque‚utinam
764 1849 1073 1912 probabilibus
1097 1849 1244 1896 modis
1263 1849 1309 1896 in
1333 1849 1524 1912 longum

234 1923 438 1988 proferre
473 1923 686 1987 gestiens,
718 1939 815 1968 non
842 1934 890 1968 ut
922 1921 1138 1985 prosapiae
1170 1920 1257 1967 suae
1295 1919 1520 1968 claritudo

231 1997 467 2051 monebat,
486 1996 586 2058 plus
604 1995 875 2053 adulationi,
898 2012 1034 2057 quam
1055 1994 1361 2052 verecundiae,
1381 1995 1522 2060 dedit,

232 2069 577 2132 Contemplatus
598 2070 718 2116 ‘enim
740 2069 1023 2131 propositum
1043 2068 1289 2131 Principis,
1310 2085 1519 2131 quaeren-

232 2143 300 2189 dae
321 2141 520 2205 undique
543 2141 744 2204 pecuniae
773 2141 870 2188 vias
894 2141 1056 2205 absque
1085 2141 1304 2202 justorum
1326 2141 1518 2204 injusto-

231 2232 420 2278 rumque
449 2215 714 2266 discretione
735 2214 994 2272 scrutantis,
1016 2227 1233 2271 errantem
1260 2231 1353 2260 non
1380 2216 1516 2262 redu-

231 2289 361 2341 cebat
385 2289 439 2335 ad
466 2288 687 2352 aequitatis
716 2288 967 2347 tramitem,
988 2300 1036 2335 ut
1065 2287 1177 2350 saepe
1206 2289 1514 2338 moderatores

230 2361 377 2409 fecere
405 2362 632 2424 tranquilli
652 2378 664 2406 t
685 2361 756 2409 sed
777 2362 867 2424 ipse
887 2378 1070 2426 quoque
1090 2361 1335 2408 flexibilem
1356 2362 1512 2425 seque-

227 2435 356 2485 batur
375 2448 506 2500 atque
525 2435 837 2487 transversum.
868 2437 1001 2485 Unde
1020 2452 1178 2500 graves
1200 2435 1510 2486 obedientium
