1626 2917
199 162 292 213 302
564 142 1119 194 EXCERPTA

193 249 545 317 implorantibus
563 252 769 300 Sarmatis
788 252 1006 299 auxilium
1030 253 1146 300 tulit.
1176 255 1236 300 lta
1259 268 1338 318 per
1359 250 1488 303 Com*

196 327 435 374 flaminum
469 325 688 372 Caesarcm
725 339 907 372 centum
943 341 1086 388 prope
1115 326 1251 373 minia
1289 328 1404 374 fame
1437 329 1489 375 δί

197 399 367 464 frigore
401 399 613 445 exstinfita
633 398 745 446 sunt.
765 399 899 446 Tunc
925 401 973 446 &
1000 399 1174 446 obfides
1199 401 1395 463 accepit,
1415 402 1490 448 in·

197 486 267 520 ter
293 489 408 537 quos
443 474 491 520 ὅ(
525 473 711 520 Ariarici
741 473 858 538 regis
880 471 1039 520 filium.
1070 474 1140 521 Sic
1171 491 1271 522 cum
1292 474 1359 521 his
1379 488 1489 537 pace

197 543 370 591 firmata
391 580 405 602 ,
442 545 487 591 in
516 546 736 592 Sarmatas
771 544 924 591 versus
959 545 1052 601 est,
1078 546 1158 608 qui
1197 545 1347 592 dubiae
1384 544 1490 592 fidei

199 621 466 684 probantur.
498 618 584 664 Sed
617 618 731 665 servi
750 619 1046 665 Sarmatarum
1076 620 1311 666 adversum
1331 632 1492 666 omnes

200 694 416 740 dominos
437 692 739 738 rebeliarunt:
764 707 880 753 quos
913 692 1065 754 pulsos
1093 692 1414 740 Constantinus
1435 691 1493 738 li·

200 765 360 814 beuter
375 766 572 827 accepit,
593 766 643 812 &
667 764 855 826 amplius
882 778 1081 812 trecenta
1098 765 1234 812 millia
1253 766 1494 812 hominum

201 841 356 887 mixtae
385 839 526 886 aetatis
560 841 610 885 &
642 837 770 885 sexus
809 853 888 901 per
925 839 1168 886 Thraciam
1193 875 1205 897 ‚
1233 839 1495 903 Scythiam,

200 912 551 970 Macedoniam,
585 912 845 976 Italiamque
877 911 1042 959 divifit.
1075 915 1183 960 Item
1230 911 1496 960 Constanti·

202 1003 291 1034 nus
319 986 566 1049 imperator
598 985 768 1048 primus
804 985 1088 1033 Christianus
1107 1023 1122 1043 ‚
1154 1000 1347 1050 excepto
1388 986 1499 1034 Phi-

202 1059 352 1123 lippo,
365 1059 440 1123 qui
456 1058 737 1105 Christianus
755 1058 998 1105 admodum
1015 1060 1069 1105 ad
1083 1060 1174 1107 hoc
1188 1073 1359 1107 tantum
1382 1075 1500 1108 con·

204 1133 383 1181 stitutus
411 1131 535 1178 fuisse
566 1129 678 1177 mihi
711 1130 830 1177 visus
857 1131 947 1188 est,
972 1143 1023 1178 ut
1054 1132 1311 1180 millefimus
1336 1136 1499 1180 Romae

205 1223 352 1254 annus
386 1202 567 1253 Christo
601 1203 781 1266 potius,
815 1221 951 1267 quam
987 1205 1152 1263 idolis,
1188 1205 1422 1254 dicaretur.
1458 1209 1498 1255 A

207 1277 510 1328 Constantino
532 1289 681 1322 autem
702 1291 860 1323 omnes
883 1276 1053 1339 semper
1080 1277 1325 1326 Christiani
1347 1282 1510 1343 Impe-⁸

208 1364 382 1400 ratores
411 1349 549 1412 usque
573 1347 841 1394 hodiernum
862 1346 980 1394 diem
1009 1347 1143 1394 creati
1166 1347 1288 1408 sunt,
1306 1361 1503 1413 excepto

209 1424 389 1474 Juliano
408 1457 423 1481 ,
452 1437 588 1485 quem
618 1419 780 1483 impia,
809 1431 860 1466 ut
891 1419 1034 1482 ajunt,
1054 1420 1383 1468 machinantem
1403 1422 1506 1469 exi-

208 1500 326 1548 tialis
360 1497 455 1544 vita
487 1495 690 1543 deseruit.
722 1497 829 1542 Item
851 1494 1171 1542 Constantinus
1197 1492 1314 1557 justo
1342 1495 1506 1543 ordine

210 1575 265 1622 &
288 1573 368 1636 pio
399 1571 549 1618 vicem
582 1568 732 1616 vertit.
754 1569 912 1615 Eclifflo
942 1569 1157 1632 siquidem
1192 1569 1367 1627 statuit,
1391 1569 1505 1618 citra

211 1649 356 1695 ullam
380 1645 547 1693 caedem
568 1644 806 1690 hominum
836 1659 1114 1706 paganorum
1147 1642 1312 1706 templa
1343 1642 1506 1691 claudi.

214 1720 478 1770 Gothorum
515 1717 768 1765 fortissimas
811 1718 861 1764 ὃς
900 1715 1220 1778 copiofiffimas
1264 1727 1416 1780 gentes
1458 1716 1508 1763 in

213 1794 315 1858 ipso
347 1791 587 1840 barbarico
619 1791 719 1838 solo
741 1826 754 1848 ,
787 1791 880 1837 hoc
909 1789 994 1848 est,
1020 1790 1067 1837 in
1099 1790 1399 1837 Sarmatarum
1434 1805 1509 1836 re·

216 1869 355 1934 gione
371 1866 555 1914 delevit.
574 1865 860 1912 Calocaerum
876 1864 1096 1927 quendam
1117 1863 1162 1909 in
1185 1864 1374 1927 Cypro,
1392 1861 1509 1924 aspi·

218 1953 392 1989 tantem
420 1939 558 1986 novis
585 1938 747 1995 rebus,
769 1937 998 2000 oppressit.
1028 1936 1308 1984 Dalmatium
1326 1970 1340 1992 ‚
1362 1934 1510 1982 filium

219 2013 369 2062 fratris
404 2013 469 2060 sui
511 2012 745 2060 Dahnatii.
774 2010 878 2074 Ejus
915 2011 1095 2057 fratrem
1131 2009 1511 2067 Annibalianum,

218 2089 322 2136 data
344 2087 385 2134 ei
405 2085 704 2133 Constantina
724 2083 815 2130 filia
835 2084 932 2142 sua,
959 2085 1125 2148 Regem
1147 2100 1298 2146 regum
1319 2086 1366 2129 ὃ(
1387 2083 1513 2128 Pon·

221 2162 410 2210 ticarum
439 2160 638 2225 gentium
669 2157 917 2206 constituit.
943 2159 1010 2205 Ita
1030 2171 1079 2204 ut
1097 2157 1267 2203 Gallias
1285 2156 1515 2203 Constan-

220 2237 344 2283 tinus
370 2234 524 2281 minor
552 2233 756 2297 regebat,
779 2232 1016 2278 Orientem
1046 2230 1336 2278 Constantius
1353 2266 1366 2286 ‚
1391 2228 1515 2276 Afri-

223 2327 323 2358 cam
344 2344 359 2366 ‚
388 2308 626 2372 Iliyricum
660 2310 710 2355 &
747 2306 914 2352 ltaliam
943 2305 1168 2353 Constans
1191 2340 1205 2361 ‚
1232 2306 1375 2367 ripam
1410 2304 1517 2350 (ΞΟ-ἐ

223 2384 391 2430 thicam
421 2380 676 2428 Dalmatius
701 2381 918 2427 tuebatur.
947 2381 1053 2426 Item
1071 2379 1394 2426 Constantinus
1412 2391 1515 2424 cnm

221 2458 389 2507 benum
419 2465 594 2521 pararet
626 2452 672 2500 in
708 2451 857 2501 Persas
874 2487 890 2515 ,
916 2451 964 2500 in
996 2450 1255 2499 suburbano
1284 2449 1514 2509 Constanff
