1626 2917
212 107 308 169 296
585 107 1133 154 EXCERPTA

209 226 294 260 rat.
325 213 505 260 Deinde
528 213 712 260 Galerio
733 213 937 259 mittente
959 231 1036 275 per
1065 213 1269 275 paludem
1292 230 1410 277 equo
1431 211 1500 260 in-

210 287 374 349 gresssis
416 287 495 331 suo
518 322 530 341 ‚
570 287 686 332 viam
731 286 888 333 ceteris
926 285 1031 333 fecit
1069 287 1122 331 ad
1161 287 1408 344 Sarmatas,
1442 303 1500 334 ex

209 360 372 423 quibus
402 359 603 420 plurimis
630 359 794 414 stratis,
821 359 1012 406 Galerio
1038 360 1268 406 vietoriam
1299 373 1501 423 reporta-

207 433 455 480 vinT-„mc
487 450 589 478 eum
613 432 819 478 Galerius
851 432 964 492 patri
993 433 1172 481 remisit.
1203 433 1325 492 Qui,
1346 447 1394 479 ut
1419 435 1502 480 Se·-

211 522 372 552 verum
420 524 498 568 per
546 507 711 552 ltaliam
753 507 967 552 transiens
999 506 1192 563 vitaret,
1225 507 1389 554 summa
1434 507 1504 553 fe-

207 577 450 625 stinatione
493 579 671 626 veredis
703 577 802 641 post
839 578 880 625 se
923 579 1142 625 truncatis
1184 580 1323 641 Alpes
1358 579 1503 626 trans-

208 651 400 713 gressus,
427 652 480 696 ad
511 665 680 712 patrem
711 651 1024 698 Constantium
1048 652 1173 698 venit
1200 653 1318 713 apud
1344 654 1504 698 Bono-

209 724 332 769 niam
353 760 367 781 ‚
399 742 532 786 quam
581 725 702 772 Galli
751 725 875 787 prius
920 725 1212 770 Ges-siacum
1263 727 1509 774 vocabant.

209 797 314 843 Post
345 798 578 844 vietoriam
610 812 758 845 autem
794 799 1016 846 Pictorum
1053 797 1345 844 Constantius
1382 812 1507 859 pater

208 872 408 919 Eboraci
445 887 655 921 mortuus
674 873 757 929 est,
779 876 825 921 δέ
847 874 1171 921 Constantinus
1192 873 1398 919 omnium
1421 873 1510 918 mi-

211 944 342 990 litum
374 943 592 990 consensu
619 945 766 991 Caesar
795 960 982 994 creatus.
1007 949 1176 992 Interea
1198 948 1392 993 Caesares
1412 945 1507 991 duo

208 1017 312 1063 faui
329 1054 341 1072 ,
362 1019 552 1064 Severus
580 1019 630 1065 &
656 1019 960 1066 Maximinus:
985 1019 1239 1065 Maximino
1269 1019 1418 1065 datum
1441 1017 1506 1064 est

213 1089 418 1135 Orientis
451 1088 687 1149 imperium
712 1106 722 1134 :
743 1089 945 1135 Galerius
970 1090 1043 1135 sibi
1069 1090 1301 1153 Illyricum
1318 1125 1332 1145 ,
1355 1090 1503 1136 Thra-

211 1159 305 1206 cias
347 1161 396 1207 &
433 1159 696 1223 Bithyniam
741 1161 887 1205 tenuit
921 1179 931 1206 :
965 1162 1156 1206 Severus
1188 1160 1375 1222 suscepit
1414 1165 1503 1207 lta-

212 1231 321 1278 liam
344 1267 356 1287 ‚
383 1235 431 1278 &
465 1232 686 1294 quidquid
723 1234 957 1279 Herculius
987 1234 1235 1279 obtinebat.
1271 1235 1509 1298 Postquam

213 1321 329 1352 vero
353 1304 645 1349 Constantius
669 1303 712 1348 in
736 1306 960 1351 Britannia
981 1320 1185 1352 mortuus
1206 1305 1288 1362 est,
1309 1308 1358 1352 δὲ
1382 1310 1508 1352 (Lon-

213 1377 432 1424 stantinus
453 1375 571 1421 filius
594 1375 791 1422 succeffit
809 1412 822 1433 ‚
855 1376 1064 1422 subitoin
1086 1376 1192 1421 urbe
1226 1377 1372 1421 Roma
1395 1394 1511 1438 prae-

216 1450 384 1497 toriani
413 1448 576 1494 milites
600 1448 880 1494 Maxentium
914 1448 1055 1494 filium
1086 1449 1284 1495 Herculii
1315 1450 1510 1512 impera-

215 1536 364 1571 torem
407 1538 627 1569 crearunt.
666 1523 751 1568 Sed
789 1523 1025 1568 adversum
1072 1523 1351 1569 Maxentium
1390 1522 1511 1583 juffu

217 1596 392 1644 Galerii
423 1599 612 1643 Severus
645 1597 774 1642 duxit
808 1596 1072 1642 exercitum.
1112 1596 1203 1656 Qui
1239 1609 1418 1657 repente
1454 1596 1509 1642 ab

216 1671 432 1718 omnibus
472 1670 558 1717 suis
593 1669 786 1717 desertus
828 1670 888 1716 est
912 1706 925 1728 ‚
965 1671 1012 1717 &
1049 1671 1314 1716 Ravennam
1363 1669 1510 1732 fugit:

216 1743 381 1790 dehinc
407 1743 614 1789 Galerius
640 1759 742 1788 cum
771 1743 1028 1807 ingentibus
1051 1742 1194 1804 copiis
1218 1745 1405 1788 Romam
1429 1759 1509 1790 ve·

215 1818 319 1875 nit,
347 1816 542 1862 minatus
577 1816 774 1864 civitatis
814 1817 1042 1862 interitum
1064 1852 1079 1874 ‚
1114 1817 1161 1862 &
1195 1816 1327 1862 casira
1365 1816 1510 1861 Inter-

218 1908 363 1938 amnae
396 1891 449 1936 acl
487 1890 686 1951 Tiberini
716 1889 879 1952 posuit.
910 1890 1042 1935 Tunc
1078 1889 1249 1952 legatos
1273 1888 1327 1934 ad
1350 1887 1509 1936 urbem

216 1963 334 2012 misit
356 1964 579 2010 Licinium
607 1965 651 2010 &
675 1965 897 2022 Probum,
920 1981 999 2027 per
1020 1964 1303 2026 colloquium
1325 1974 1508 2024 petens,

217 2050 268 2084 ut
301 2054 433 2099 gener
466 2038 579 2100 apud
619 2036 821 2083 socerum
842 2073 854 2093 ‚
892 2037 937 2082 id
970 2036 1061 2093 est,
1100 2034 1357 2082 Maxentius
1391 2034 1510 2096 apud

220 2111 450 2158 Galerium
476 2111 679 2172 precibus
703 2111 839 2173 magis
855 2146 866 2167 ‚
893 2127 1022 2173 quam
1042 2110 1198 2164 armis,
1218 2120 1370 2169 optata
1390 2123 1508 2152 mer-

219 2197 409 2230 caretur.
451 2183 545 2242 Qui
578 2195 832 2228 contemtus
853 2217 866 2238 ‚
898 2180 1087 2243 agnovit
1125 2178 1344 2240 promissis
1377 2177 1508 2222 viro-

217 2273 320 2303 rum
349 2255 569 2301 Maxentii
608 2268 752 2317 partes
791 2254 883 2300 suas
918 2253 1174 2300 deseruisse:
1208 2252 1369 2314 quibus
1404 2266 1510 2311 per-

221 2331 425 2376 turbatus
452 2343 572 2374 retro
609 2327 756 2374 versus
785 2327 866 2384 est,
888 2330 935 2375 &
965 2340 1011 2371 ut
1039 2324 1167 2371 militi
1201 2324 1282 2369 suo
1312 2324 1509 2386 praedam

223 2418 542 2469 quamcunque
579 2400 839 2461 conferret,
860 2404 885 2428 ³*
919 2399 1163 2448 flamminia
1187 2397 1305 2463 juffit
1330 2395 1515 2450 auferri.
