1626 2917
287 188 505 238 RERUM
540 186 876 237 GESTARUM
913 185 1016 234 LIB.
1053 185 1182 234 XVI.
1285 203 1369 251 113

97 298 201 347 Hoc
231 310 376 345 autem
398 298 559 344 exinde
579 296 829 355 acciderat,
848 296 973 361 quod
990 332 1002 354 ,
1025 297 1130 344 dum
1161 298 1374 346 ordinum

95 373 337 421 restituitur
366 371 493 419 series
514 407 527 429 ,
550 371 811 434 cataphracti
841 371 1042 435 equites,
1070 371 1171 419 viso
1201 373 1374 419 rectore

95 447 176 494 suo
213 446 376 492 leviter
413 445 654 492 vulnerato
685 476 700 500 ‚
737 446 787 492 &
814 446 1025 492 consorte
1062 446 1258 509 quodam
1293 462 1374 509 pet·

96 521 341 567 cervicem
355 517 460 581 equi
487 517 675 564 labentis
706 517 904 579 pondere
937 534 1164 564 armorum
1191 517 1376 581 oppres·-

95 592 180 649 so,
210 590 390 654 dilapfi,
423 607 510 653 qua
541 588 724 652 quisque
762 601 966 671 poterat,
991 588 1243 653 peditesque
1280 590 1375 637 cal-

95 667 242 714 cando
277 664 431 712 cunita
463 663 738 721 turbassent,
772 663 819 708 ni
857 662 1052 710 conferti
1093 663 1156 709 illi
1202 664 1373 728 sibique

94 738 286 786 viciffim
336 736 465 783 innisi
509 736 717 782 stetiss'ent
762 736 1030 782 immobiles.
1089 736 1224 799 {gitur
1272 754 1375 786 cum

96 810 265 873 equites
285 846 298 866 ,
326 809 437 855 nibil
468 820 628 871 praeter
660 807 775 871 fugae
813 806 1226 870 circumspectantes
1259 827 1375 872 prae-

95 883 226 939 fidia,
262 881 438 928 vidisset
475 880 654 943 longius
697 878 872 936 Caesar,
911 880 1096 926 concito
1131 897 1250 942 equo
1294 899 1374 931 eos

97 955 226 1002 velut
242 953 497 1017 repagulum
514 952 740 1015 quoddam
761 950 976 998 cohibuit.
994 953 1103 1011 Quo
1122 953 1277 1016 agnito
1295 973 1373 1018 pet·

95 1042 368 1091 purpureum
390 1026 555 1089 signum
577 1024 803 1072 Draconis
826 1059 840 1080 ‚
861 1024 1094 1071 summitati
1116 1026 1248 1085 hastae
1271 1029 1374 1076 lon-

95 1098 232 1162 gioris
251 1109 443 1160 aptatum
458 1129 471 1151 ‚
496 1094 622 1142 velut
643 1094 874 1141 senectutis
901 1096 1135 1157 pandentis
1156 1099 1345 1147 exuvias
1359 1135 1375 1158 ,

93 1169 211 1216 stetit
243 1168 372 1214 unius
402 1180 559 1213 turmae
592 1165 821 1224 tribunus,
850 1168 1086 1229 &pallore
1117 1170 1373 1236 timoreque

94 1241 350 1305 perculsus,
381 1239 436 1287 ad
470 1238 611 1285 aciem
646 1238 951 1300 integrandam
988 1242 1188 1289 recurrit.
1220 1247 1374 1309 thue

94 1312 142 1359 in
174 1312 303 1357 rebus
339 1305 456 1356 amat
486 1308 583 1355 fieri
619 1309 797 1367 dubiis,
834 1310 1011 1356 eosdem
1041 1311 1182 1359 lenius
1220 1315 1373 1364 incre-

94 1401 205 1449 pans
224 1383 400 1440 Caesar,
431 1383 552 1444 Quo,
571 1381 750 1443 inquit,
784 1386 992 1440 cedimus,
1013 1387 1090 1429 viri
1108 1385 1354 1449 fortiffmi
1350 1393 1373 1424 »³

95 1477 153 1504 an
179 1459 380 1517 ignoratis
401 1457 583 1515 fugam,
614 1472 699 1514 quae
720 1455 902 1514 salutem
943 1474 1159 1516 nunquam
1197 1465 1372 1520 reperit,

97 1533 204 1577 irriti
246 1546 416 1575 conatus
437 1529 662 1594 stu'tiiiczm
702 1529 927 1573 indicare?
963 1533 1172 1577 redeamus
1201 1538 1262 1579 ad
1290 1555 1371 1583 720-

82 1604 226 1669 stros,
244 1593 393 1661 sizliem
418 1603 555 1661 gloriae
586 1599 730 1658 fleturi
759 1603 1012 1660 participes,
1032 1601 1082 1664 si
1112 1621 1177 1648 eos
1201 1624 1279 1665 pro
1307 1628 1371 1654 re-

89 1678 260 1738 publica
290 1675 539 1719 dimicantes
566 1693 650 1719 non
686 1677 951 1734 relinquis-mis
981 1676 1218 1734 inconsulte.
1257 1680 1368 1729 Haec

97 1761 356 1796 reverenter
376 1747 567 1794 dicendo
586 1782 599 1804 ‚
622 1746 802 1792 reduxit
820 1762 977 1792 omnes
1007 1748 1060 1792 ad
1083 1749 1234 1797 munia
1266 1752 1370 1800 sub..

98 1823 242 1870 eunda
270 1808 490 1879 bellandi,
517 1820 707 1866 imitatus
737 1819 857 1866 salva
887 1819 1132 1867 differentia
1167 1839 1369 1878 veterem

98 1896 263 1942 Sullam
290 1911 302 1941 :
339 1895 443 1958 qui,
474 1911 574 1940 curn
606 1906 765 1940 contra
796 1894 1057 1940 Archelaum
1093 1895 1370 1951 Mithridatis

97 1969 257 2016 ducem
286 1968 438 2014 educta
467 1970 561 2013 acie
593 1967 760 2028 proelio
792 1965 1059 2029 fatigabatur
1078 1968 1281 2030 ardenti,
1302 1991 1372 2021 re.

98 2042 224 2089 licius
246 2034 277 2087 va
301 2041 516 2087 militibus
540 2039 730 2096 cunffis,
760 2040 952 2086 cucurrit
976 2040 1021 2086 in
1049 2042 1255 2095 ordinem
1276 2048 1373 2108 pri..

99 2130 251 2168 mum;
284 2126 501 2176 raptoque
529 2116 576 2161 δι’
603 2110 808 2171 conjecto
837 2112 1008 2157 vexillo
1027 2112 1072 2158 in
1093 2128 1261 2175 partem
1283 2119 1371 2166 ho-

99 2187 239 2232 stilem
258 2221 272 2244 ‚
304 2190 389 2244 Ite,
411 2187 606 2242 dixerat,
619 2187 729 2245 socii
749 2188 1019 2245 periculorum
1043 2189 1149 2231 eleHi
1166 2223 1179 2245 ‚
1215 2188 1256 2234 δ’
1278 2194 1372 2252 sci..

101 2263 283 2306 tantibus
308 2263 378 2305 ubi
414 2259 570 2305 relic‘t'us
589 2260 675 2324 stm
704 2262 960 2318 Imperator,
996 2260 1228 2318 respondete
1261 2267 1374 2312 nihil

93 2335 312 2394 fallentes,
326 2336 448 2394 solus
467 2339 511 2381 in
532 2337 692 2381 Baeotia
710 2353 785 2394 pro
806 2337 994 2379 omnibus
1021 2337 1141 2380 nobis
1173 2355 1263 2382 cum
1283 2342 1372 2399 diss

95 2408 250 2468 pendio
269 2407 498 2468 sanguinis
516 2409 592 2469 sui
625 2411 847 2452 decernens.
879 2404 1073 2452 Proinde
1106 2407 1370 2468 Alamanni,

101 2478 233 2541 pulsis
257 2477 526 2541 disjeffiisque
553 2479 773 2542 equitibus
801 2477 983 2537 nostris,
1011 2479 1202 2541 primam
1230 2482 1370 2531 aciem

162 2556 382 2602 Ammian.
398 2556 634 2602 Marcellin.
667 2558 712 2602 V
709 2558 762 2602 ol,
782 2556 821 2604 J.
1134 2554 1177 2600 H
