1626 2917
222 201 312 250 334
426 185 761 233 AMMIANI
810 185 1288 234 MARceLuNt

216 306 381 353 cupare
401 306 647 352 properans
664 302 802 337 terras
815 327 828 345 ,
848 291 1053 338 nondum
1073 292 1230 340 adulto
1254 309 1358 341 vere
1377 291 1500 341 miffa

216 381 297 428 per
312 365 525 411 militares
545 381 759 411 numeros
779 365 1102 428 expeditionali
1122 369 1291 428 tessera,
1311 370 1500 417 mustos

216 436 398 483 transire
432 435 550 498 juffit
583 438 858 499 Euphraten.
895 440 1007 498 Quo
1037 455 1275 504 comperto
1294 478 1308 500 ,
1339 458 1501 490 omnes

213 509 406 556 evolant
431 527 489 557 ex
517 510 744 568 hibernis,
765 511 1136 575 transmissoque,
1162 527 1210 561 ut
1239 526 1387 561 textus
1412 514 1501 560 do-

214 584 345 631 cebat
373 583 669 647 scriptorum,
687 583 865 645 dispersi
884 601 963 647 per
991 585 1200 633 stationes
1222 588 1391 645 varias,
1419 587 1502 638 adq

215 669 406 704 ventum
430 656 648 719 Principis
673 655 999 719 exspeElabant.
1033 659 1127 721 Ipse
1157 671 1304 707 autem
1331 661 1500 707 Antio-

215 729 361 777 chiam
400 730 678 793 egreffurus,
709 730 1022 793 Heliopoliten
1048 733 1271 796 quendam
1300 734 1502 780 Alexan-
1556 737 1561 741 ’

214 805 346 852 drurn
381 804 580 869 Syriacae
612 803 903 866 jurisdiffioni
935 805 1161 869 praefecit,
1192 808 1504 854 turbulentum

215 878 268 924 &
288 875 476 922 saevum:
495 875 773 939 dicebatque,
798 894 896 924 non
918 877 1043 925 illum
1066 879 1292 936 meruiffe3
1315 880 1387 927 sed
1406 883 1504 926 An-

215 946 522 996 tiochenfibus
542 948 689 1000 avaris
713 950 762 997 δι
789 950 1125 998 contumeliosis
1155 950 1411 1012 hujusmodi
1433 951 1506 1013 ju-

217 1022 361 1070 dicem
386 1020 652 1075 convenire.
671 1023 880 1084 Cumque
901 1040 1001 1069 eum
1024 1023 1334 1086 profesturum
1362 1025 1505 1072 dedu-

215 1109 339 1144 ceret
367 1095 613 1142 multitudo
647 1095 922 1158 promiscua,
944 1097 1054 1156 itum
1076 1097 1249 1144 felicem
1285 1099 1508 1145 reditum..

216 1187 305 1233 que
325 1168 573 1234 gloriosum
594 1182 834 1232 exoptans,
854 1169 1090 1233 oransque,
1106 1182 1155 1216 ut
1179 1170 1338 1216 deinde
1354 1171 1502 1232 placa·

216 1244 320 1293 bilis
340 1244 444 1290 efl‘et
462 1243 677 1291 &lenior
695 1261 707 1291 :
728 1244 931 1291 nondum
952 1243 1039 1301 ira,
1064 1259 1199 1305 quam
1220 1259 1274 1289 ex
1296 1244 1503 1307 compel-

216 1318 465 1367 lationibus
489 1320 538 1366 &
563 1318 744 1380 probris
767 1328 1065 1379 conceperat,
1087 1317 1286 1363 emollita
1303 1353 1317 1374 ,
1340 1318 1504 1381 loque-

218 1395 351 1442 batur
369 1393 563 1455 asperius
578 1428 592 1449 ,
618 1392 660 1438 se
679 1391 762 1438 effe
784 1409 863 1438 eos
884 1391 1071 1437 afferens
1090 1390 1244 1452 postea
1265 1407 1357 1438 non
1383 1391 1515 1439 visu-t

217 1484 331 1515 rum.
366 1465 644 1529 Disposuisse
673 1465 792 1511 enim
814 1464 990 1526 ajebat,
1011 1463 1236 1510 hiemandi
1263 1464 1397 1527 gratia
1425 1481 1517 1527 per*

219 1541 606 1605 compendiariam
627 1539 750 1587 viam
764 1575 775 1596 ‚
790 1539 1100 1586 consummato
1117 1537 1374 1600 procinEtu,
1390 1540 1507 1586 Tar-

220 1617 315 1663 sum
345 1615 519 1663 Ciliciae
552 1613 834 1663 reversurum
863 1631 874 1660 ε
908 1610 1208 1675 scripsisseque
1240 1613 1294 1659 ad
1323 1615 1517 1660 Memo-·

219 1690 337 1737 rium
366 1688 591 1752 praesidem
608 1724 621 1747 ,
653 1699 701 1733 ut
721 1688 768 1733 in
791 1686 943 1733 eadem
974 1685 1080 1732 urbe
1102 1686 1260 1732 cunfia
1282 1685 1361 1732 fibi
1386 1703 1506 1734 con-

220 1780 332 1826 grua
364 1775 625 1825 pararentur
647 1779 657 1807 :
681 1762 729 1809 &
757 1760 850 1807 hoc
877 1759 995 1806 haud
1019 1758 1095 1805 diu
1117 1759 1269 1821 postea
1297 1760 1507 1823 contigit.

220 1837 401 1897 Corpus
423 1850 614 1898 namque
631 1832 726 1894 ejus
741 1832 846 1879 illuc
866 1831 1051 1878 relatum
1067 1866 1078 1883 ,
1093 1829 1403 1893 exsequiarum
1424 1832 1506 1877 hu·

221 1909 320 1956 mili
359 1925 529 1971 pompa
565 1907 613 1954 in
655 1905 911 1953 suburbano
949 1904 1171 1967 sepultum
1205 1902 1265 1949 est
1283 1938 1296 1960 ‚
1333 1915 1382 1948 ut
1415 1902 1515 1964 ipse*

222 1983 467 2030 mandarat.
506 1983 690 2044 Jamque
724 1980 950 2042 apricante
987 1978 1111 2025 coelo
1128 2013 1141 2035 ,
1177 1977 1311 2023 tertio
1348 1977 1507 2024 Nonas

223 2055 407 2102 Martias
436 2054 691 2118 profefflus,
711 2051 991 2115 Hierapolim
1014 2051 1154 2098 solitis
1171 2049 1403 2096 itineribus
1426 2046 1508 2096 vess

223 2128 292 2176 nit
311 2144 323 2172 ι
345 2126 422 2173 ubi
449 2144 551 2174 cum
570 2126 777 2173 introiret
798 2125 991 2173 civitatis
1012 2122 1302 2187 capacissimae
1322 2137 1476 2185 portas
1492 2159 1508 2181 ,

225 2199 396 2249 sinistra
415 2200 615 2263 porticus
637 2199 784 2248 subito
803 2197 944 2261 lapsa,
961 2197 1105 2243 subter
1122 2195 1354 2242 tendentes
1372 2194 1510 2257 quin-

227 2273 442 2337 quaginta
469 2272 632 2319 milites
649 2308 663 2331 ,
685 2273 885 2335 exceptis
916 2268 1118 2334 plurimis
1147 2267 1397 2314 vulneratis
1414 2303 1426 2324 ‚
1450 2267 1511 2314 ti-

227 2363 424 2410 gnorum
442 2346 780 2410 tegularumque
801 2345 1001 2408 pondere
1026 2359 1190 2407 magno
1212 2341 1387 2389 collisit.
1413 2342 1510 2387 Un-

229 2421 285 2468 de
314 2420 553 2469 contraffis
580 2420 725 2483 copiis
753 2419 992 2476 omnibus,
1012 2414 1387 2478 Mesopotamiam
1416 2426 1508 2460 tam

229 2509 425 2559 propere
468 2492 586 2558 signa
631 2491 915 2551 commovit,
954 2503 1004 2540 ut
1043 2489 1161 2539 fama
1203 2489 1255 2538 de
1297 2486 1338 2538 se
1387 2484 1511 2534 nulla
