1626 2917
211 219 300 267 282
430 216 759 264 AMMIANI
795 215 1268 264 MARCELLINI

209 323 312 377 bat,
336 323 476 370 Marci
496 322 612 368 illius
640 321 853 368 dissimilis
872 321 1088 383 Principis
1110 319 1351 368 verecundi
1369 337 1380 366 :
1396 318 1475 383 qui

209 412 310 442 curn
331 395 385 440 ad
413 394 640 454 imperiale
659 395 834 439 culmen
861 393 906 439 in
933 394 1061 457 Syria
1079 394 1244 441 Caffius
1270 391 1482 439 surrexis-

210 468 302 524 set,
321 466 606 529 epistolarum
633 465 789 511 fascem
814 466 867 512 ab
886 483 941 513 eo
972 466 1025 511 ad
1047 465 1253 512 conscios
1277 464 1447 511 miffum
1464 499 1481 521 ‚

210 540 434 602 perlatore
454 553 585 600 capto
608 538 685 583 fibi
707 539 909 584 oblatum
928 574 941 596 ,
962 539 1085 584 illico
1110 533 1320 600 signatum
1351 535 1482 582 exuri

210 611 424 673 praecepit
440 647 453 667 ,
469 627 602 674 agens
622 611 764 656 adhuc
783 610 827 657 in
851 611 1059 674 Illyrico,
1080 627 1133 655 ne
1155 611 1486 656 insidiatoribus

212 682 432 745 cognitis,
467 682 638 728 invitus
667 682 879 743 quosdam
911 683 1070 728 habere
1107 681 1246 742 posset
1278 682 1485 730 offensos.

211 757 362 817 thue
392 755 504 801 recte
535 755 770 802 sentientes
803 755 982 818 quidam
1009 754 1361 809 arbitrabantur,
1391 755 1487 800 vir-

211 827 319 874 tutis
344 840 434 873 erat
456 827 606 889 potius
629 827 842 874 indicium
863 844 1033 887 magnae
1050 862 1063 883 ,
1086 827 1273 888 imperio
1293 827 1486 873 eundem

210 898 522 945 Constantium
549 898 637 944 fine
670 915 832 944 cruore
865 898 1051 955 ceffiffe,
1081 915 1216 960 quam
1245 897 1489 944 vindicass‘e

213 983 302 1017 tarn
324 972 628 1018 inclementer.
659 973 721 1018 Ut
742 972 920 1017 Tullius
941 987 1125 1034 quoque
1151 971 1285 1015 docet
1301 1004 1313 1023 ‚
1335 969 1490 1015 crude-

213 1045 350 1091 litavs
372 1045 602 1104 increpans
634 1045 849 1090 Caet'arom
882 1044 927 1089 in
960 1046 1150 1107 quadam
1182 1044 1237 1089 ad
1264 1041 1491 1103 Nepotem

213 1119 384 1180 epistol>
407 1155 416 1163 .
452 1123 588 1178 Neque
611 1123 718 1163 enim
741 1122 961 1179 quidquam
984 1118 1171 1181 aliudest
1187 1117 1399 1175 felicitas,
1423 1116 1490 1161 in-

215 1207 311 1253 qutt
330 1230 340 1244 ,
375 1193 457 1243 rziff
482 1194 735 1257 honestarum
767 1211 892 1238 rerum
916 1194 1178 1253 prosperitas.
1211 1190 1295 1237 Vel
1325 1202 1372 1235 ut
1399 1189 1490 1235 alio

215 1267 356 1313 niodo
379 1264 606 1311 definiam:
628 1268 824 1312 Felicitas
839 1267 891 1332 est
900 1266 1079 1323 fbrturza
1093 1266 1287 1321 adjutrix
1300 1264 1493 1328 consilio-

217 1360 305 1387 rum
337 1343 533 1384 lwnnrum
550 1357 565 1383 .·
597 1342 741 1399 quibus
767 1343 838 1399 qui
857 1358 939 1383 non
963 1343 1094 1383 utitur
1109 1373 1122 1395 ‚
1139 1339 1256 1397 felix
1274 1337 1348 1400 ff
1372 1343 1488 1384 rzulld

209 1415 334 1474 p.;Ho
349 1414 480 1477 potest
511 1414 552 1456 E
558 1429 625 1473 rgo
643 1415 688 1456 in
699 1415 874 1472 perditis
897 1412 1109 1471 impiisque
1128 1412 1324 1476 masiliis,
1344 1413 1494 1472 quibus

222 1489 358 1546 Casar
379 1487 475 1545 usus
498 1501 582 1530 erat
598 1520 607 1531 .
635 1489 753 1531 nulla
767 1488 908 1545 potuit
933 1483 1002 1547 ‘ff
1015 1484 1216 1542 felicitas.
1244 1486 1495 1544 Feliciorque

218 1578 304 1604 meo
323 1559 493 1615 judicio
527 1560 729 1605 Cathillus
755 1556 974 1615 exsulans,
997 1575 1120 1617 quam
1148 1559 1390 1617 temporibus
1420 1558 1498 1617 iis-

219 1636 307 1678 dem
338 1634 558 1682 Manlius,
577 1631 739 1694 etiamsi
762 1631 786 1690 (
789 1634 836 1676 id
859 1634 971 1691 quod
996 1632 1198 1691 cupierat)
1232 1650 1393 1693 regnare
1413 1650 1498 1692 po-

219 1702 361 1766 tuiffet.
395 1705 441 1749 Id
470 1703 677 1764 Ephesius
698 1720 880 1766 quoque
906 1703 1155 1750 Heraclitus
1182 1703 1369 1749 afferens
1397 1720 1497 1750 mo-

221 1790 320 1822 net.
354 1777 400 1822 ὅ(
435 1777 489 1821 ab
524 1776 737 1821 inertibus
770 1777 818 1822 &
844 1774 1039 1838 ignavis,
1071 1788 1258 1820 eventus
1295 1775 1498 1822 variante

221 1849 434 1907 fortuna,
461 1850 686 1911 superatos
710 1848 944 1910 aliquoties
977 1848 1103 1894 viros
1130 1846 1256 1894 fuiffe
1284 1847 1497 1909 praestan-

220 1936 285 1971 tes
305 1942 314 1969 :
335 1924 441 1968 illud
464 1941 574 1970 vero
594 1925 788 1970 eminere
807 1923 924 1969 inter
944 1923 1187 1985 praecipuas
1206 1922 1376 1978 laudes,
1395 1939 1500 1970 cum

222 1997 415 2061 potestas
441 1998 485 2042 in
518 1998 678 2062 gradu,
707 1997 830 2044 velut
862 1995 939 2042 sub
971 1994 1122 2058 jugum
1150 1994 1273 2041 miffa
1301 1996 1499 2043 nocendi

223 2071 523 2127 saeviendique
548 2070 785 2132 cupiditate
814 2072 862 2117 &
893 2068 1195 2126 irascendi‚in
1227 2085 1328 2114 arce
1354 2069 1499 2116 vic‘to-

223 2145 284 2192 ris
313 2143 449 2190 animi
477 2157 696 2205 tropaeum
720 2143 859 2190 erexit
892 2142 1152 2205 gloriosum.
1179 2144 1242 2188 Ut
1275 2153 1421 2188 autem
1450 2143 1501 2189 in

226 2216 419 2264 externis
445 2216 568 2262 bellis
598 2218 669 2263 hic
688 2217 897 2277 Princeps
919 2214 1003 2261 fuit
1030 2214 1202 2262 saucius
1221 2215 1269 2260 &
1285 2215 1465 2261 afflictus
1483 2233 1499 2263 .·

227 2290 285 2336 ita
316 2288 522 2351 prospere
560 2289 896 2336 succedentibus
929 2287 1086 2350 pugnis
1122 2287 1332 2334 civilibus
1362 2287 1500 2334 tumi-

229 2361 307 2408 dus
323 2397 336 2418 ,
354 2362 401 2406 &
432 2360 647 2406 intestinis
669 2361 893 2408 ulceribus
924 2358 1180 2421 reipublicae
1201 2357 1317 2405 sanie
1349 2358 1501 2421 perfu-

229 2436 298 2482 sus
328 2435 574 2480 horrenda:
605 2451 697 2496 quo
733 2449 876 2494 pravo
909 2431 1142 2495 propofito
1170 2432 1333 2495 magis,
1364 2449 1498 2495 quam

228 2507 352 2554 recto
381 2506 457 2555 vel
482 2505 666 2566 usitato,
685 2504 976 2569 triumphales
1003 2520 1131 2552 arcus
1161 2520 1216 2551 ex
1243 2504 1365 2552 clade
1387 2518 1498 2567 proe
