1626 2917
260 272 482 321 RERUM
513 273 854 321 GESTARUM
889 274 994 320 LIB.
1029 273 1182 321 XXII.
1280 289 1368 338 291

81 381 195 446 gites
225 397 410 429 crevere
445 381 661 444 praerupti
691 379 1021 429 conviviorum
1052 370 1081 440 ‚¹
1103 383 1153 430 &
1187 399 1273 445 pro
1302 384 1377 430 vi-

82 455 345 504 &orialibus
382 454 584 516 epulares
615 453 862 516 triumphi:
887 453 1073 518 ususque
1098 456 1378 503 abundantes

85 529 217 577 serici
239 531 288 576 &
315 527 492 575 textiles
513 527 651 574 auctae
671 529 768 574 sunt
789 542 930 585 artes,
952 529 1000 576 &
1020 527 1268 575 culinarum
1292 528 1382 575 sol-

83 603 258 651 licitior
297 617 402 651 cura
435 620 446 649 ε
476 604 525 651 &
562 601 797 648 ambitiosa
833 615 1093 648 ornatarum
1133 603 1380 650 domorum

86 675 305 740 exquifita
327 675 428 722 sunt
448 673 585 737 spatia
606 692 617 721 :
639 691 835 735 quorum
864 674 1115 721 mensuram
1143 675 1173 721 fi
1195 675 1243 722 in
1266 677 1382 739 agris

86 748 250 796 consul
270 748 485 809 Quintius
505 747 782 810 possedisset,
809 747 1010 795 amiserat
1030 747 1161 794 etiam
1192 750 1292 812 post
1313 750 1384 796 di·

87 823 304 870 &aturam
327 821 515 885 gloriam
536 824 819 885 paupertatis.
840 822 1018 882 Quibus
1036 835 1123 868 tam
1143 824 1384 872 maculosis
1420 858 1423 861 ι

89 896 307 944 accessere
338 894 504 958 flagitia
541 895 787 958 disciplinae
822 895 1080 953 castrensis,
1115 912 1216 942 cum
1252 898 1382 945 miles

93 968 340 1017 cantilenas
361 966 651 1013 meditaretur
671 984 755 1029 pro
775 965 921 1028 jubilo
943 967 1177 1014 molliores
1196 986 1206 1015 :
1227 970 1276 1016 &
1290 987 1386 1017 non

94 1042 251 1090 saxum
279 1052 394 1096 erat,
416 1052 462 1085 ut
492 1040 708 1093 antehac,
735 1054 908 1087 armato
936 1039 1086 1086 cubile
1108 1076 1121 1097 ,
1141 1039 1214 1086 sed
1234 1041 1391 1103 pluma

97 1117 149 1163 &
175 1114 347 1161 flexiles
369 1113 516 1158 lectuli
533 1149 546 1170 ,
574 1114 622 1160 δε
643 1113 854 1175 graviora
884 1113 1037 1176 gladiis
1059 1114 1224 1175 pocula
1249 1133 1259 1162 ε
1283 1116 1390 1163 testa

96 1189 218 1237 enim
237 1188 388 1235 bibere
406 1187 492 1249 jam
513 1187 729 1249 pudebat:
747 1188 1126 1250 &quaerebantur
1147 1189 1261 1235 aedes
1283 1206 1394 1236 marn

96 1277 295 1318 moreae,
324 1277 426 1307 cum
455 1259 667 1322 scriptum
699 1260 750 1306 fit
779 1260 826 1306 in
856 1260 1225 1324 antiquitatibus,
1255 1262 1392 1325 Spar-

96 1346 255 1382 tanum
277 1334 464 1381 militem
496 1333 743 1380 coercitum
766 1333 928 1379 acriter
947 1370 960 1390 ,
982 1335 1107 1397 quod
1128 1334 1394 1396 procinetus

98 1419 307 1471 tempore
334 1407 462 1453 ausus
484 1406 534 1452 fit
568 1405 716 1473 videri
743 1405 822 1452 sub
851 1406 984 1452 tecto.
1009 1407 1134 1452 Adeo
1157 1420 1302 1454 autem
1326 1407 1396 1454 fe-

101 1496 189 1527 rox
225 1491 319 1525 erat
347 1479 393 1524 in
419 1477 524 1523 suos
556 1476 645 1522 illis
675 1476 955 1538 temporibus
982 1477 1109 1524 miles
1140 1481 1188 1526 &
1217 1496 1357 1541 rapax
1379 1515 1396 1538 ,

104 1552 294 1616 ignavus
314 1566 429 1599 vero
450 1549 497 1595 in
525 1547 675 1595 hostes
693 1551 745 1596 &
766 1547 926 1595 fractus
943 1585 956 1608 ,
983 1562 1058 1606 ut,
1082 1566 1161 1611 per
1181 1552 1398 1599 ambitio-

105 1641 185 1671 nes
210 1624 448 1686 otiumque
479 1622 644 1685 opibus
665 1623 800 1684 partis
816 1658 829 1680 ‚
850 1622 943 1668 auri
962 1625 1010 1670 ὅ(
1036 1622 1296 1686 lapillorum
1317 1645 1400 1674 va-

105 1696 284 1744 rietates
305 1694 573 1742 discerneret
591 1694 894 1751 scientiffime,
912 1709 1071 1743 contra
1086 1712 1218 1760 quarn
1241 1717 1399 1749 recens

108 1767 331 1817 memoria
369 1767 516 1827 tradit.
545 1769 717 1814 Notum
743 1768 804 1814 est
832 1768 979 1828 enim,
1006 1769 1085 1816 sub
1115 1772 1399 1822 Maximiano

109 1841 285 1889 Caesare
314 1840 438 1889 vallo
477 1839 590 1904 regis
618 1839 848 1888 Persarum
893 1841 1070 1905 direpto
1095 1878 1108 1901 ‚
1148 1847 1401 1908 gregarium

109 1915 337 1978 quendam
367 1912 469 1977 post
494 1913 722 1962 sacculum
759 1914 1040 1973 Parthicum,
1073 1915 1119 1963 in
1143 1934 1236 1981 quo
1273 1933 1403 1971 erant

110 1989 358 2052 margaritae
374 2023 384 2041 ‚
405 2004 630 2051 repertum
650 2025 664 2047 ‚
689 1987 900 2052 projectis
928 1988 1149 2051 imperitia
1181 1995 1368 2056 gemmis
1387 2031 1404 2053 ,

114 2061 249 2108 abifl'e
284 2059 413 2123 pellis
443 2061 593 2107 nitore
629 2060 729 2107 solo
766 2073 1049 2110 contentum.
1077 2065 1302 2112 Evenerat
1331 2068 1407 2115 iis-

114 2134 216 2180 dem
237 2133 391 2180 diebus
411 2169 424 2190 ,
440 2145 490 2180 ut
508 2134 562 2180 ad
585 2133 855 2180 demendum
881 2136 1168 2196 Imperatoris
1188 2140 1404 2202 capillum

115 2207 276 2255 tonsor
301 2207 456 2256 venire
489 2207 742 2271 praeceptus
760 2243 772 2261 ,
804 2207 1016 2255 introiret
1047 2211 1229 2272 quidam
1257 2216 1407 2263 ambi-

118 2278 233 2326 tiose
255 2278 453 2329 vestitus.
478 2281 589 2340 Quo
616 2280 717 2326 viso
733 2315 746 2338 ,
767 2280 963 2327 Julianus
993 2280 1253 2346 obstupuit:
1277 2292 1372 2351 Ego
1392 2301 1413 2348 ,'

118 2351 299 2414 inquit,
340 2371 427 2398 non
459 2356 707 2399 rationalem
740 2353 846 2416 juffi
861 2387 876 2410 ‚
913 2355 997 2414 sed
1029 2357 1230 2415 tonsorem
1265 2364 1409 2409 acciri.

120 2425 424 2489 Interrogatus
452 2438 599 2473 tamen
621 2426 695 2473 ille
712 2462 725 2482 ,
744 2427 853 2489 quid
873 2426 1059 2475 haberet·
1077 2447 1132 2476 ex
1157 2444 1250 2479 arte
1275 2450 1410 2481 com-

123 2495 276 2558 pendii
298 2513 308 2543 :
333 2497 515 2546 vicenas
557 2500 738 2547 diurnas
767 2500 997 2564 respondit
1032 2521 1230 2553 annonas
1251 2543 1264 2566 ‚
1297 2512 1408 2559 toti-

123 2568 317 2634 demque
353 2571 515 2634 pabula
543 2571 853 2636 jumentorum
876 2576 1016 2643 (quae
1044 2580 1186 2643 vulgo
1206 2582 1409 2636 diffitant

1054 2651 1097 2699 T
1127 2671 1152 2702 2
