1626 2917
315 247 537 294 RERUM
565 247 898 295 GESTARUM
928 248 1033 295 LIB.
1059 249 1208 297 XXII.
1308 251 1398 314 289

117 355 453 419 tunc'magister
475 356 733 403 officiorum
759 392 773 414 ,
798 356 1056 420 Nigriniani
1091 355 1209 404 filius
1231 393 1245 415 ,
1281 375 1400 405 con-

118 429 261 476 trusus
287 429 349 475 est
386 430 432 475 in
467 428 652 475 insulam
679 429 919 475 Dalmatiae
953 432 1079 477 Boas.
1120 430 1246 477 Alter
1280 432 1400 479 enim

117 501 373 549 Florentius
390 519 445 548 ex
465 502 676 564 praefecto
697 502 914 565 praetorio
942 504 1100 550 consul
1126 505 1257 552 etiam
1276 517 1369 552 tum
1383 542 1402 564 ‚

115 593 266 624 rerum
284 577 531 624 mutatione
552 577 693 624 subita
718 577 900 624 territus
918 613 931 636 ‚
951 594 1051 624 cum
1070 578 1263 643 conjuge
1284 581 1404 643 peri-

116 649 232 697 culis
250 662 452 696 exemtus
473 649 549 696 diu
570 648 748 696 delituit
770 685 784 708 ‚
821 666 904 696 nec
925 650 1066 696 redire
1086 664 1188 697 ante
1206 665 1401 701 mortem

117 721 299 785 potuit:
331 721 490 785 capitis
515 721 702 770 crimine
722 734 871 769 tamen
900 722 1132 769 damnatus
1154 722 1213 769 est
1234 723 1404 773 absens.

118 795 217 842 Pari
238 795 357 843 sorte
378 797 593 860 Evagrius
619 812 772 844 comes
793 796 857 842 rei
882 796 1068 858 privatae
1088 832 1103 854 ,
1127 799 1177 845 &
1205 798 1405 845 Saturni-

116 883 201 915 nus
227 884 284 915 ex
312 884 416 915 cura
440 867 625 931 palatii,
648 869 698 915 &
728 867 932 930 Cyrinus
954 884 1010 913 ex
1035 868 1216 914 notario
1241 905 1256 924 ,
1294 886 1401 932 por-

119 942 202 988 tati
229 942 330 989 sunt
366 942 414 989 in
444 943 658 990 exfilium.
687 942 836 988 Ursuli
871 959 982 989 vero
1015 959 1169 989 necem
1198 943 1405 1007 largitio-

119 1032 229 1062 num
248 1015 426 1064 comitis
446 1015 536 1079 ipsa
565 1015 676 1061 mihi
695 1015 874 1062 videtur
899 1014 1016 1060 sseffe
1036 1015 1206 1062 Justitia
1222 1052 1234 1073 ‚
1258 1018 1405 1081 Impe-

116 1101 316 1136 ratorem
345 1104 534 1152 arguens
564 1101 612 1133 ut
638 1087 877 1150 ingratum.
904 1088 1021 1133 Cum
1048 1088 1166 1134 enim
1188 1089 1337 1136 Caesar
1356 1092 1406 1138 in

115 1176 265 1226 partes
286 1161 537 1209 mitteretur
571 1161 810 1219 occiduas,
844 1161 972 1207 omni
1003 1161 1239 1208 tenacitate
1269 1164 1406 1211 strin-

117 1236 308 1301 gendus,
323 1236 536 1300 nullaque
549 1236 765 1299 potestate
788 1234 920 1281 militi
939 1235 1183 1299 quidquam
1204 1237 1405 1286 donandi

119 1310 264 1358 delata
283 1345 296 1366 ,
315 1321 366 1356 ut
383 1321 555 1373 pateret
573 1309 629 1356 ad
647 1320 799 1356 motus
828 1308 1028 1370 asperior
1052 1310 1276 1358 exercitus
1296 1329 1309 1368 3
1330 1313 1405 1361 hic

118 1382 239 1430 idem
266 1379 481 1441 Ursulus,
503 1381 613 1428 datis
639 1380 778 1427 literis
807 1381 862 1427 ad
880 1397 1009 1439 eum,
1029 1382 1106 1445 qui
1139 1383 1405 1432 Gallicanos

119 1454 330 1501 tuebatur
353 1453 579 1501 thesauros
598 1488 613 1511 ‚
635 1452 854 1515 quidquid
877 1452 1081 1515 posceret
1101 1454 1246 1500 Caesar
1259 1491 1275 1512 ,
1293 1473 1405 1518 pro-

122 1518 198 1574 cul
226 1525 368 1573 dubio
396 1524 574 1587 jusserat
604 1524 716 1573 dari.
741 1526 854 1584 Quo
892 1525 1108 1572 exstincto
1131 1563 1145 1583 ‚
1179 1544 1284 1574 cum
1306 1547 1405 1576 ma-

121 1598 293 1645 lediffls
332 1596 803 1660 exsecrationibusque
845 1596 1094 1644 multorum
1132 1597 1172 1645 se
1206 1599 1405 1649 Julianus

124 1671 305 1719 sentiret
348 1669 601 1732 expositum
623 1704 637 1726 ,
672 1668 966 1733 impurgabile
1003 1670 1171 1717 crimen
1203 1673 1409 1721 excusari

123 1743 248 1808 poffe
270 1742 552 1798 existimans,
586 1741 748 1805 absque
780 1741 1052 1789 conscientia
1082 1742 1157 1790 sua
1175 1744 1408 1793 hominem

125 1818 371 1865 affirmabat
389 1815 587 1863 occisum
603 1852 618 1874 ,
637 1817 920 1879 praetendens
936 1852 950 1875 ‚
969 1817 1095 1880 quod
1115 1834 1217 1864 eum
1244 1818 1409 1867 milita-

125 1893 187 1940 ris
208 1892 270 1938 ira
286 1890 456 1959 delevit
475 1926 489 1946 ‚
508 1906 685 1936 memor
702 1907 801 1953 quae
817 1890 989 1938 dixerat
1008 1927 1024 1948 ‚
1044 1907 1092 1938 ut
1122 1905 1226 1939 ante
1247 1894 1409 1940 retuli-

125 1982 253 2023 mus,
280 1981 382 2013 cum
414 1963 619 2010 Amidam
648 1963 826 2010 vidiffet
844 1965 1052 2012 excisam.
1072 1966 1268 2030 Ideoque
1290 1968 1411 2015 timi-

125 2042 208 2088 dus
231 2040 472 2088 videbatur
492 2075 506 2097 ,
527 2039 600 2086 vel
619 2055 773 2101 parum
796 2038 1073 2102 intelligens,
1092 2041 1202 2103 quid
1231 2059 1410 2089 conve-

126 2114 243 2160 niret
261 2144 275 2168 ,
303 2129 406 2160 cum
433 2111 728 2158 Arbetionem
749 2110 918 2174 semper
948 2113 1204 2177 ambiguum
1225 2117 1275 2164 δε
1296 2134 1412 2179 prae-

129 2187 348 2234 tumidum
377 2185 445 2232 his
467 2185 792 2250 quaestionibus
817 2186 1102 2247 praefecisset,
1134 2189 1232 2237 aliis
1264 2190 1411 2254 specie

131 2273 260 2306 tenus
289 2276 391 2307 cum
420 2258 652 2322 principiis
679 2259 911 2321 legionum
934 2260 1250 2321 praesentibus,
1274 2280 1411 2328 quem

130 2333 323 2396 primum
351 2332 558 2378 omnium
598 2332 727 2378 saluti
762 2331 848 2378 suae
885 2344 1016 2378 norat
1054 2334 1313 2395 obieEtum‚
1362 2348 1412 2383 ut

133 2404 283 2452 decuit
310 2404 601 2452 viEtoriarum
628 2404 834 2451 civilium
866 2405 1129 2468 participem
1153 2407 1332 2455 fortem.
1355 2411 1412 2455 Et

132 2493 403 2541 quamquam
421 2478 539 2535 haec,
554 2495 654 2542 quae
673 2479 919 2534 retulimus,
938 2478 1031 2538 ejus
1047 2481 1311 2544 displicuere
1326 2481 1416 2527 fau·

133 2549 341 2605 toribus;
370 2550 593 2613 sequentia
628 2564 775 2597 tamen
812 2550 1059 2600 severitatis
1097 2555 1222 2601 resto
1251 2554 1415 2617 vigore

197 2626 422 2671 Ammian.
452 2626 693 2671 Marcellin.
721 2628 812 2671 Vol.
835 2628 873 2672 I.
1210 2625 1255 2671 T
