1626 2917
328 181 548 230 RERUM
580 181 927 228 GESTARUM
962 182 1065 229 Lm.
1101 181 1230 251 xvi.
1362 183 1432 248 89

142 285 390 339 refiloribus
417 287 764 334 commendabat
781 303 791 333 ε
808 289 857 336 δε
875 288 1103 348 reversus,
1128 288 1238 353 quid
1258 291 1433 354 egerint

143 359 306 422 singuli
322 376 553 422 quaerens,
573 360 841 407 delictorum
861 361 1081 409 vindffias
1099 363 1292 425 genuina
1313 364 1436 410 leni-

139 429 296 476 tudine
330 431 578 496 mitigabat.
611 432 682 477 Ad
712 431 922 478 ultimum
958 433 1159 495 exceptis
1195 433 1434 488 vissoriis,

140 518 222 564 per
247 521 357 567 quas
383 507 590 553 cadentes
619 506 733 568 saepe
767 505 987 553 incolumi
1008 508 1293 557 contumacia
1325 508 1434 554 bar-

138 574 275 623 baros
307 577 449 636 fudit,
479 578 606 641 qnod
638 577 862 658 profuerit
887 578 1198 625 anhelantibus
1230 592 1434 627 extrema

138 648 326 710 penuria
346 650 516 707 Gallis,
547 650 652 696 hinc
673 650 867 696 maxime
888 651 1026 698 claret
1043 686 1057 709 ,
1077 652 1203 715 quod
1223 652 1434 714 primitus

137 733 286 783 partes
313 738 386 770 eas
415 723 655 786 ingressus,
686 740 772 786 pro
807 724 1026 787 capitibus
1056 725 1241 789 singulis
1274 727 1433 775 tributi

136 793 327 841 nomine
368 795 557 843 vicenos
599 795 766 860 quinos
804 812 966 843 aureos
1003 799 1171 859 reperit
1207 798 1431 862 flagitari.

137 864 370 913 discedens
403 884 517 916 vero
547 868 754 932 septenos
786 882 985 926 tantum,
1010 887 1198 917 munera
1222 872 1433 921 universa

137 940 419 1002 complentes
443 942 551 1007 gob
581 958 681 1003 quae
707 954 922 1004 tanquam
957 941 1097 989 solem
1120 944 1199 989 fibi
1228 944 1433 993 serenum

137 1012 239 1076 post
268 1013 517 1076 squalentes
556 1015 762 1062 tenebras
799 1014 1026 1072 affulfiffe‚
1065 1032 1168 1062 cum
1201 1018 1431 1065 alacritate

135 1087 186 1133 &
216 1085 425 1149 tripudiis
453 1086 733 1133 laetabantur.
776 1086 986 1151 Denique
1020 1087 1067 1134 id
1095 1105 1197 1135 eum
1232 1090 1431 1154 adusque

133 1160 311 1223 imperii
339 1160 476 1207 finem
497 1162 545 1208 &
568 1161 675 1208 vitae
693 1160 855 1209 scimus
876 1161 1047 1207 utiliter
1067 1162 1350 1219 observasse,
1369 1181 1430 1211 ne

132 1250 214 1296 per
230 1232 548 1297 indulgentias,
565 1250 675 1297 quas
698 1233 942 1296 appellant,
962 1233 1210 1280 tributariae
1228 1235 1292 1281 rei
1316 1252 1429 1282 con-

133 1305 314 1353 cederet
342 1306 533 1370 reliqua.
566 1308 712 1353 Norat
740 1306 886 1362 enim,
906 1305 999 1353 hoc
1028 1306 1147 1353 facto
1183 1307 1226 1354 se
1255 1308 1426 1371 aliquid

132 1378 440 1441 locupletibus
470 1379 722 1426 additurum
740 1415 755 1437 ‚
776 1396 878 1425 cum
902 1378 1104 1435 constet,
1128 1379 1298 1443 ubique
1318 1398 1428 1442 pau-

133 1467 262 1513 peres
285 1451 402 1498 inter
426 1451 516 1514 ipsa
545 1451 767 1497 dictorum
793 1451 984 1497 exordia
1006 1450 1186 1496 solvere
1214 1451 1429 1501 universa

132 1522 225 1569 fine
257 1522 514 1570 laxamento
550 1522 776 1585 compelli.
806 1524 925 1568 Inter
957 1522 1035 1568 has
1062 1534 1212 1571 tamen
1241 1526 1427 1587 regendi

131 1597 486 1660 moderandique
510 1597 605 1644 vias
621 1632 634 1654 ‚
654 1596 787 1643 bonis
818 1595 1100 1659 principibus
1123 1597 1425 1658 aemulandas‚

131 1668 364 1717 barbarica
394 1669 538 1716 rabies
571 1669 789 1716 exarserat
819 1669 868 1714 in
901 1667 1058 1729 majus.
1090 1671 1242 1731 thue
1273 1670 1442 1733 bestiae,

132 1744 369 1796 custodum
401 1744 671 1808 negligentia
700 1759 835 1806 raptu
867 1743 1029 1791 vivere
1059 1743 1228 1802 solitae,
1260 1761 1317 1791 ne
1352 1745 1424 1794 his

95 1813 99 1817 i
129 1818 312 1881 quidem
345 1818 532 1865 remotis
568 1816 868 1881 appositisque
902 1815 1173 1864 fortioribus
1204 1817 1423 1866 absceffee

133 1901 268 1949 runt,
289 1889 363 1937 sed
387 1889 690 1938 tumescentes
718 1888 865 1935 inedia
879 1924 894 1948 ‚
914 1888 1004 1935 fine
1026 1889 1224 1952 respectu
1246 1890 1421 1951 salutis,

132 1975 332 2011 armenta
351 1964 427 2010 vel
442 1979 596 2026 greges
616 1960 843 2009 incursant
861 1979 872 2007 ε
894 1962 953 2008 ita
972 1961 1106 2008 etiam
1123 1961 1212 2019 illi,
1232 1963 1421 2020 cunctis,

130 2054 232 2101 quae
249 2037 490 2102 diripuere,
511 2036 776 2093 consumtis,
800 2035 914 2084 fame
935 2049 1118 2099 urgente
1136 2035 1326 2099 agebant
1342 2037 1420 2083 ali-

131 2112 314 2177 quoties
339 2113 539 2177 praedas:
565 2112 820 2171 interdum,
840 2122 1076 2175 antequam
1101 2110 1421 2175 contingerent

131 2185 332 2248 aliquid,
367 2187 660 2249 oppetebant.
1053 2201 1061 2203 ·

194 2259 272 2305 V1.
302 2260 412 2306 Haec
434 2277 513 2323 per
536 2276 637 2306 eum
665 2274 833 2304 annum
855 2256 930 2320 spe
958 2256 1120 2315 dubia,
1147 2268 1315 2305 eventu
1343 2269 1416 2306 ta·-

129 2347 234 2379 men
267 2329 490 2389 secundo,
519 2349 598 2394 per
629 2330 798 2378 Gallias
827 2332 1084 2394 agebantur.
1114 2333 1165 2377 ln
1193 2331 1415 2378 comitatu

127 2420 242 2452 vero
273 2400 457 2467 Augusti
490 2405 852 2453 circumlatrabat
883 2404 1179 2451 Arbetionem
1208 2404 1414 2460 invidia,

125 2477 255 2528 velut
276 2476 441 2527 summa
463 2494 571 2527 mox
593 2477 858 2543 adepturum
875 2513 889 2538 ,
912 2478 1076 2527 decora
1098 2478 1243 2528 cultus
1265 2477 1414 2539 impe<-
