1626 2917
226 215 318 261 206
433 210 767 259 AMMIANI
813 212 1292 260 MARCELLINI

227 323 353 367 laturi
380 321 587 378 vobiscum
607 354 620 377 ,
655 322 703 364 ni
724 319 904 378 fortuna
932 318 1135 383 afficlsierit
1162 323 1304 365 laetior.
1334 320 1387 365 Si
1418 320 1504 364 ita-2

226 413 298 455 que
325 396 392 440 lzis
414 396 583 439 abolitis
601 427 616 449 ‚
646 395 758 438 nihil
770 393 874 458 triste
894 394 1073 438 accidere
1085 391 1200 455 poffi
1228 394 1475 460 existimatis
1488 427 1504 450 ,

220 467 362 530 praesto
389 468 434 511 in
455 465 650 530 potestate
668 465 776 524 fitne
794 466 933 531 vestra.
967 465 1074 524 Qua
1095 463 1377 510 miseratione
1403 464 1506 511 vul-

226 553 308 601 gus
325 572 339 594 ‚
368 537 422 583 ad
452 536 736 584 clementiam
769 535 922 599 suapte
949 548 1101 583 natura
1120 537 1327 599 proclive
1345 573 1360 594 ‚
1395 537 1507 583 leni·

227 623 323 656 tum
354 609 578 658 conticuit
606 646 620 669 ,
656 609 963 673 aequanimiter
998 622 1233 657 venturam
1265 609 1506 673 opperiens

225 683 407 730 sortem.
432 685 639 746 Moxque
661 682 809 729 divini
828 682 1013 729 arbitrio
1032 682 1228 730 numinis
1249 717 1265 741 ‚
1282 683 1407 746 quod
1426 699 1507 728 au-

225 756 294 802 xit
325 756 380 802 ab
399 754 679 803 incunabulis
701 756 892 803 Romam
907 792 922 813 ,
942 768 1287 820 perpetuamque
1307 756 1405 803 fore
1437 773 1508 804 re-

225 829 409 894 spondit
425 866 439 889 ,
461 831 566 877 dum
589 830 822 877 Tertullus
843 865 857 887 ,
878 829 999 891 apud
1031 827 1142 877 ostia
1165 828 1212 874 in
1232 829 1325 875 aede
1342 827 1508 876 sacrifi-

227 915 300 949 cat
324 902 562 950 Castorum
580 938 595 961 ‚
627 902 926 966 tranquillitas
951 918 1070 948 mare
1103 900 1303 948 mollivit
1324 919 1335 948 ε
1365 914 1508 947 muta·

227 989 370 1040 toque
406 975 453 1022 in
486 975 680 1023 austrum
720 975 946 1038 placidum
985 987 1162 1033 vent0‚
1200 972 1511 1022 velificatione

225 1048 359 1109 plena
378 1059 562 1110 portum
590 1065 730 1096 naves
748 1048 948 1112 ingreffae
961 1085 975 1109 ‚
993 1045 1229 1095 frumentis
1248 1047 1412 1094 horrea
1426 1063 1508 1108 Je-

230 1119 460 1167 ferserunt.

291 1191 372 1236 XI.
401 1193 520 1238 Inter
554 1190 650 1238 haec
676 1190 737 1238 ita
764 1192 967 1256 ambigua
991 1193 1304 1241 Constantium
1323 1229 1338 1250 ,
1357 1191 1508 1239 Sirmii

229 1263 362 1310 etiam
394 1276 488 1310 tum
516 1263 700 1310 hiberna
720 1266 868 1328 quiete
891 1278 1119 1312 curantem
1135 1302 1149 1324 ,
1178 1266 1507 1328 permovebant

226 1335 374 1381 nuntii
390 1336 617 1382 metuendi
635 1339 683 1384 &
705 1354 884 1400 graves,
902 1338 1149 1385 indicantes
1169 1339 1232 1396 id,
1253 1338 1378 1402 quod
1398 1351 1508 1386 tunc

227 1423 501 1471 magnopere
521 1406 790 1456 formidabat
811 1446 826 1466 ‚
846 1410 1113 1473 Limigantes
1128 1411 1342 1457 Sarmatas
1357 1445 1371 1469 ,
1391 1426 1509 1474 quos

227 1482 444 1544 expuliffe
472 1482 667 1545 paternis
693 1484 913 1548 avitisque
946 1484 1119 1532 sedibus
1156 1484 1368 1531 dominos
1404 1484 1507 1531 suos

227 1568 329 1602 ante
374 1554 722 1604 monstravimus
744 1592 758 1614 ‚
799 1557 1012 1620 paulatim
1054 1556 1317 1619 posthabitis
1357 1555 1474 1603 locis
1490 1591 1505 1614 ,

227 1646 327 1692 quae
360 1629 421 1677 eis
441 1646 564 1676 anno
599 1629 829 1692 praeterito
847 1628 1014 1675 utiliter
1046 1627 1146 1674 sunt
1172 1627 1404 1685 destinata,
1424 1643 1508 1685 ne,

229 1714 281 1748 ut
310 1701 409 1748 sunt
444 1701 715 1760 versabiles,
746 1701 915 1765 aliquid
939 1701 1206 1749 molirentur
1241 1700 1472 1747 inimicum
1494 1735 1511 1758 ,

227 1774 438 1838 regiones
472 1773 676 1822 confines
708 1774 924 1821 limitibus
956 1773 1190 1836 occupasse
1223 1792 1234 1820 ε
1264 1773 1509 1837 vagarique

228 1845 439 1894 licentius
457 1847 657 1910 genuino
676 1863 825 1905 more,
849 1845 897 1892 ni
924 1845 1192 1908 pellerentur
1207 1881 1220 1904 ‚
1241 1845 1393 1891 omnia
1415 1858 1506 1890 tur-

233 1920 433 1968 baturOS.
466 1922 585 1980 Quae
614 1920 842 1984 superbius
873 1921 1096 1969 incitanda
1121 1920 1382 1984 propediem
1418 1922 1509 1966 Im·-

231 2006 414 2054 perator
451 1993 589 2041 dilato
630 1994 818 2058 negotio
863 1994 1078 2052 credens,
1114 1994 1263 2040 comita
1308 1992 1510 2054 undique

232 2064 520 2112 multitudine
554 2066 708 2114 militis
740 2069 794 2115 ad
818 2068 937 2115 bella.
959 2067 1242 2131 promtiffimi
1262 2101 1274 2124 ‚
1296 2082 1378 2113 nec
1403 2067 1509 2112 dum

234 2138 389 2185 adulto
430 2157 537 2187 vere
571 2143 626 2188 ad
657 2143 939 2205 procinctum
974 2141 1161 2206 egress‘us
1196 2141 1288 2199 est,
1333 2141 1509 2204 gemina

235 2210 595 2260 consideratione
625 2214 817 2261 alacrior
842 2216 1000 2278 :quod
1032 2215 1233 2277 expletus
1264 2214 1511 2276 praedarum

235 2282 467 2345 opimitate
491 2286 710 2334 exercitus
736 2288 880 2335 aestate
909 2304 1049 2350 nuper
1079 2286 1251 2333 emensa
1271 2322 1284 2344 ,
1304 2285 1510 2332 similium

235 2353 311 2416 spe
331 2353 515 2402 fidenter
532 2357 579 2403 in
598 2359 770 2406 effectus
789 2360 1055 2407 animabitur
1075 2359 1314 2422 prosperos
1333 2376 1343 2405 :
1365 2359 1508 2420 quod-

237 2444 326 2491 que
349 2430 564 2477 Anatolio
590 2446 768 2496 regente
793 2448 901 2482 tunc
921 2451 998 2498 per
1017 2434 1249 2498 Illyricum
1272 2433 1508 2497 praefectu-

237 2516 360 2561 ram,
393 2503 631 2553 necessaria
661 2508 816 2555 cuneta
835 2507 909 2559 vel
927 2521 1028 2557 ante
1045 2520 1220 2571 tempus
1247 2507 1398 2556 maiia
1419 2505 1509 2554 fine
