1626 2917
168 175 231 220 40
378 160 712 208 ΑΜΜΙΑΝΙ
760 162 1236 213 MARCELLINI

172 264 267 322 sus,
287 265 587 322 confidenter,
608 282 690 312 nec
707 266 931 328 appellato
950 285 1004 314 eo
1019 304 1031 326 ,
1054 286 1134 316 nec
1154 269 1274 327 viso,
1299 268 1449 317 tranfi-

171 337 253 384 vit.
282 340 457 384 Venere
490 349 635 383 tamen
667 337 805 400 aliqui
827 338 939 398 jussu
965 342 1280 402 Imperatoris,
1309 342 1450 389 admi-

170 408 483 457 nistrationum
506 409 649 471 specie
679 411 950 459 diversarum
966 450 981 470 ,
1001 415 1188 460 eundem
1203 451 1217 474 ‚
1237 432 1292 462 ne
1320 432 1451 463 com-

168 499 358 530 movere
377 483 417 529 se
437 483 604 545 posset,
625 501 741 530 neve
765 497 956 533 tentaret
981 486 1150 550 aliquid
1171 490 1349 535 occulte
1367 506 1448 535 cu-

172 555 382 602 stodituri
419 574 430 602 :
465 555 582 603 inter
609 573 726 619 quos
759 559 973 605 Leontius
1009 571 1100 606 erat
1121 595 1134 617 ,
1169 560 1320 622 postea
1354 559 1453 606 urbi

172 627 405 690 praefectus
420 662 433 683 ,
458 639 509 675 ut
530 628 724 691 quaestor
740 664 753 686 ‚
780 631 830 677 &
854 630 1126 677 Lucillianus
1158 632 1278 695 quasi
1298 632 1454 679 dome·

172 699 386 747 sticorum
420 718 572 748 comes
592 736 607 757 ‚
635 704 686 750 &
712 702 1006 750 scutariorum
1037 704 1243 752 tribunus
1267 706 1454 752 nomine

173 773 499 821 Bainobaudes.
531 774 727 822 Emensis
760 774 910 838 itaque
940 774 1087 838 longis
1121 776 1371 824 intervallis
1403 779 1456 825 &

173 846 349 908 planis,
386 864 488 894 cum
509 847 883 910 Hadrianopolim
915 846 1138 895 introisset
1167 850 1321 896 urbem
1347 850 1455 896 Hae-

173 918 502 966 mimontanam
530 955 545 977 ‚
585 920 881 968 Uscudamam
923 920 1110 968 antehac
1156 921 1419 984 appellatam
1439 957 1456 981 ,

175 991 386 1055 fessasque
415 992 570 1039 labore
598 992 753 1040 diebus
788 993 1026 1041 duodecim
1062 1010 1266 1041 recreans
1301 995 1421 1042 vires
1440 1030 1456 1052 ‚

176 1066 425 1127 comperit,
447 1065 649 1113 Thebeas
676 1065 875 1128 legiones
894 1065 938 1110 in
965 1064 1133 1112 vicinis
1161 1065 1340 1127 oppidis
1360 1065 1458 1112 hie-

174 1150 382 1195 mantes,
416 1137 646 1185 consortes
676 1137 777 1184 suos
805 1136 961 1184 misiffe
992 1136 1236 1200 quosdam,
1271 1154 1372 1183 eum
1407 1149 1459 1184 ut

176 1224 429 1259 remaneret
446 1212 667 1273 promissis
691 1210 789 1258 fidis
810 1213 1073 1258 hortaturos
1092 1213 1140 1258 δε
1159 1209 1320 1269 firmis,
1339 1210 1458 1258 fidu-

176 1284 248 1331 cia
264 1285 326 1331 sui
347 1286 522 1332 abunde
542 1302 621 1348 per
642 1285 851 1332 stationes
869 1284 1006 1332 locati
1027 1284 1228 1332 confines
1249 1304 1258 1332 ε
1282 1285 1354 1332 sed
1375 1286 1460 1332 ob-

177 1358 383 1406 servante
414 1376 517 1407 cura
553 1359 764 1423 pervigili
797 1359 1145 1421 proximorum,
1184 1359 1349 1405 nullam
1387 1359 1458 1405 vi-

177 1430 312 1476 dendi
334 1431 410 1477 vel
437 1430 670 1488 audiendi,
693 1447 795 1494 quae
818 1429 1047 1488 ferebant,
1065 1429 1202 1476 furari
1223 1430 1372 1492 potuit
1396 1430 1460 1477 fa·

178 1503 404 1550 cultatem.
446 1505 552 1551 Inde
590 1503 685 1551 aliis
721 1503 851 1565 super
888 1503 992 1550 alias
1021 1504 1282 1567 urgentibus
1319 1502 1460 1550 literis

177 1576 331 1635 exire,
357 1578 407 1625 &
426 1577 579 1625 decem
613 1576 835 1624 vehiculis
865 1576 1056 1640 publicis
1072 1612 1086 1635 ,
1114 1590 1164 1623 ut
1184 1589 1459 1640 praeceptum

176 1649 241 1695 est
259 1686 273 1707 ‚
299 1650 404 1698 usus
420 1685 435 1710 ,
453 1651 610 1698 relif'to
636 1651 803 1713 palatio
823 1650 974 1707 omni,
996 1662 1158 1712 praeter
1178 1666 1348 1712 paucos
1367 1649 1460 1697 tori

175 1722 401 1770 ministros
432 1725 482 1771 &
508 1723 670 1769 mensae
686 1759 700 1781 ,
732 1739 848 1786 quos
867 1723 1110 1770 adduxerat
1129 1721 1274 1770 secum
1290 1757 1303 1780 ,
1325 1721 1459 1785 squa-

175 1793 275 1840 lore
296 1807 535 1843 concretus
561 1795 751 1843 celerare
778 1797 960 1860 gradum
992 1794 1344 1857 compellebatur
1366 1795 1459 1841 adi-

175 1867 382 1930 gentibus
419 1869 602 1927 multis‚
632 1870 871 1917 temeritati
911 1869 998 1916 suae
1029 1868 1216 1915 subinde
1249 1867 1460 1916 flebiliter

176 1938 449 2002 imprecatus
469 1977 483 2000 ‚
509 1960 608 2007 quae
628 1959 728 1990 eum
756 1942 843 2005 jam
873 1941 1117 2003 despectum
1140 1943 1189 1990 &
1214 1941 1353 1988 vilem
1385 1959 1460 1989 ar-

175 2012 317 2060 bitrio
349 2014 598 2063 subdiderat
630 2015 901 2064 ins-imorum.
934 2019 1053 2063 Inter
1078 2015 1174 2063 haec
1206 2027 1354 2062 tamen
1379 2032 1460 2078 per

175 2085 378 2134 inducias
409 2100 576 2136 naturae
608 2089 999 2154 conquiescentis,
1024 2087 1332 2136 sauciabantur
1363 2087 1458 2149 ejus

176 2159 325 2208 sensus
357 2161 810 2211 circumstridentium
832 2174 1004 2211 terrore
1030 2162 1252 2209 larvarum
1275 2180 1286 2209 :
1318 2161 1460 2208 inter-

177 2231 489 2298 fe&ort1mqiie
520 2248 710 2284 catervae
729 2272 743 2295 ‚
772 2236 1044 2284 Domitiano
1068 2235 1117 2282 &
1142 2234 1323 2280 Montio
1347 2251 1460 2296 prae·

177 2304 294 2360 viis,
325 2320 582 2367 correptum
614 2324 715 2354 eum
736 2343 751 2365 ‚
785 2320 834 2355 ut
874 2306 1148 2355 existimabat
1176 2306 1221 2350 in
1254 2305 1420 2351 somnis
1439 2340 1458 2362 ,

179 2377 306 2425 uncis
344 2377 574 2426 furialibus
605 2379 897 2441 objeElabant.
926 2380 1107 2427 Solutus
1136 2378 1254 2425 enim
1287 2394 1458 2440 corpo-

177 2449 264 2498 reis
293 2450 481 2499 nexibus
513 2451 686 2500 animus
707 2489 721 2514 ‚
743 2452 912 2518 semper
930 2452 1087 2517 vigens
1110 2450 1308 2499 motibus
1334 2450 1458 2499 inde·
