1626 2917
251 183 351 219 XVI
450 173 833 219 AMMIANI
876 172 1397 222 MARCELLINI

251 279 372 328 Nam
419 281 558 329 multa
594 280 904 329 memorabilia
946 283 996 329 &
1034 282 1169 328 hodie
1213 282 1377 346 sepulta
1420 280 1546 331 finisse

249 346 576 409 complexum,
606 358 874 419 argumento
903 345 1003 393 sunt
1033 348 1231 411 reliquiae
1266 350 1441 422 nobiles
1471 366 1544 397 ac·

251 412 528 459 curatiffime
571 411 877 483 con1criptae:
914 427 1184 484 quamquam
1223 430 1267 458 m
1306 413 1359 460 iis
1396 415 1543 461 (iilum

250 477 463 533 diffudit,
487 493 580 536 quo
607 475 795 548 propius
820 475 875 522 ad
899 476 966 522 sui
993 494 1081 522 aevi
1109 479 1369 524 memoriam
1398 480 1544 527 acces-

248 542 321 590 [ιτ.
356 542 537 604 Scripsit
558 558 677 587 enlm
706 541 761 587 ad
785 542 877 587 XV
900 541 1035 604 ulque
1064 545 1214 589 audita
1243 544 1467 608 lesiaque,
1495 548 1544 593 ὅ(

248 620 430 654 aetatem
468 622 598 666 ejus,
630 617 708 652 aut
739 605 1050 679 cognitionem
1092 609 1352 669 reipublicae
1394 611 1543 670 super·

248 673 420 735 greffa:
449 671 611 717 exinde
636 686 748 718 vero
779 669 875 718 visa
904 671 1174 734 cognitaque
1203 673 1376 735 digerit.
1407 675 1545 720 Vide·

248 750 327 785 tur
356 736 535 784 initium
573 736 735 783 ducere
767 753 793 782 a
832 734 921 782 fine
951 736 1148 782 historiae
1184 739 1327 786 Corn.
1362 740 1543 797 Taciti,

249 801 332 867 qui
360 819 428 849 res
457 801 715 849 Domitiani
744 800 986 863 scripserat.
1030 803 1146 847 Nam
1184 801 1229 847 in
1267 802 1356 850 fine
1393 805 1543 866 opeiis

246 885 275 913 a
301 867 558 929 principatu
582 868 752 914 Nervae
779 865 975 929 adusque
1001 867 1205 913 Valentis
1236 867 1467 915 interitum
1502 870 1543 916 se

250 932 486 979 historiam
525 931 777 994 perduxisse
814 946 1166 987 commemorat,
1204 949 1336 995 quam
1379 935 1546 981 claudit

250 998 382 1045 exitu
411 997 600 1043 notabili
633 999 682 1043 &
714 996 838 1044 clade
867 996 1052 1059 insigni,
1085 1013 1186 1058 quae
1217 999 1419 1045 cladibus
1446 1000 1544 1046 aliis

246 1064 406 1126 postea
425 1079 482 1109 ex
501 1063 654 1109 eadem
676 1061 801 1109 causa
821 1060 1241 1124 supervenientibus
1262 1063 1439 1110 initium
1460 1065 1540 1110 de-

249 1129 348 1175 dit:
381 1128 458 1175 ubi
486 1127 617 1174 etiam
652 1128 714 1174 D.
743 1126 1057 1187 Hieronymus
1089 1127 1310 1174 Chronici
1348 1128 1542 1175 Eusebio

248 1193 436 1254 subjecti
464 1192 591 1239 filum
623 1192 861 1254 abrumpit.
895 1193 1004 1237 Non
1035 1203 1147 1254 puto
1181 1193 1302 1239 enim
1335 1197 1543 1239 Ammia-

252 1279 355 1306 num
380 1258 583 1322 agitaffe,
604 1256 834 1304 historiam
859 1257 1045 1303 ulterius
1071 1256 1348 1318 producere,
1369 1259 1472 1321 quia
1492 1260 1543 1307 δε

253 1324 433 1373 consilii
462 1323 525 1369 sui
550 1336 696 1370 certus
719 1321 923 1394 quaedam
949 1322 1026 1367 diu
1053 1322 1150 1382 post
1176 1322 1319 1385 ge',sta
1340 1325 1437 1370 data
1457 1340 1542 1371 oc-

251 1389 466 1446 casione,
486 1387 798 1450 repraesentat3
828 1399 876 1432 ut
902 1386 947 1431 in
972 1385 1061 1431 fine
1091 1386 1166 1432 lib.
1192 1389 1541 1444 XXV111;nec

250 1455 395 1501 ullum
426 1452 645 1501 contrarii
676 1451 867 1498 instituti
900 1450 1137 1514 vestigium
1175 1452 1391 1515 reliquit;
1425 1446 1541 1515 quin
1614 1460 1621 1473 ²

251 1520 398 1567 immo
437 1518 620 1564 videtur
657 1516 756 1563 data
797 1532 937 1579 opera
969 1515 1150 1574 vitaffe,
1189 1533 1244 1563 ne
1280 1517 1541 1564 viventium

256 1583 517 1646 Principum
539 1599 608 1628 res
627 1582 742 1628 bene
766 1580 947 1628 secusve
972 1582 1109 1643 gestas
1129 1581 1418 1636 describeret
1437 1600 1544 1630 cum

253 1650 418 1696 librum
452 1650 610 1695 XXVI
644 1647 705 1693 sic
738 1646 974 1692 ordiatur:
1006 1646 1152 1692 Dic‘lis
1183 1648 1416 1711 impenstore
1443 1667 1541 1694 cura

256 1734 387 1762 rerum
417 1717 636 1761 ordinibus
663 1712 845 1773 adusque
871 1715 1073 1758 memoriae
1101 1713 1282 1771 confinia
1300 1716 1541 1772 propioris,

255 1795 497 1827 convenerat
513 1781 611 1836 jam
631 1778 770 1836 referre
798 1797 825 1822 α
852 1779 1080 1823 notioribus
1098 1780 1243 1837 pedem
1264 1812 1276 1832 ,
1297 1795 1345 1822 ut
1366 1775 1408 1823 G*
1423 1782 1542 1838 peri-

256 1850 352 1892 cula
383 1848 637 1890 declinentur
660 1845 826 1888 veritati
842 1844 952 1904 ssepe
971 1845 1165 1904 contigua
1179 1877 1190 1895 ,
1211 1840 1254 1888 G*
1272 1847 1540 1888 examinato-

254 1929 317 1957 res
352 1910 596 1962 contexendi
627 1910 760 1969 operz's
798 1910 945 1953 deinde
980 1925 1065 1953 non
1098 1906 1356 1968 perferamus
1387 1911 1540 1954 intem-

250 1977 444 2048 pestivos.

324 2039 514 2096 Latina,
541 2054 675 2101 quam
711 2038 871 2084 Graeca
898 2039 948 2085 &
980 2034 1186 2099 populari
1219 2035 1402 2099 linoua,
1433 2036 1541 2084 scti-

257 2105 364 2152 bere
392 2104 594 2150 historias
630 2103 791 2165 elegit,
817 2103 920 2165 quia
956 2102 1001 2147 in
1038 2101 1201 2163 palatio
1241 2104 1288 2148 &
1324 2103 1542 2149 comitatu

258 2172 587 2232 Imperatorum
616 2153 872 2214 veriabatur
903 2167 1104 2214 affidue:
1135 2166 1210 2212 ubi
1245 2167 1414 2213 Latinae
1448 2167 1542 2212 lin-

258 2252 357 2299 guae
382 2234 573 2298 dignitas
593 2234 736 2280 adhuc
763 2234 1063 2289 retinebatur,
1081 2233 1131 2279 &
1157 2232 1294 2294 leges,
1316 2231 1543 2278 constitu-

259 2302 438 2357 tiones,
470 2299 618 2346 forma
644 2298 941 2362 dignitatum,
973 2299 1063 2344 383
1093 2296 1443 2354 consistoriana,
1475 2309 1544 2343 te-

260 2365 499 2415 stamenta,
521 2365 695 2427 aliaque
716 2364 962 2424 permulta,
982 2363 1115 2408 etiam
1143 2361 1188 2407 in
1219 2362 1409 2408 Oriente
1439 2378 1544 2408 ver-

258 2431 326 2478 bis
349 2431 563 2477 civilibus
584 2429 946 2490 expediebantur.
978 2428 1149 2474 Primus
1166 2425 1480 2473 Theodosius
1470 2444 1542 2486 ju·

259 2497 362 2550 nior
382 2495 429 2543 id
446 2494 656 2559 infregit,
680 2493 792 2543 fasta
813 2493 1064 2559 potestate
1053 2510 1102 2540 in
1125 2492 1392 2540 testamentis
1413 2493 1544 2546 Grae-3
