1626 2917
193 193 247 220 2·-
381 174 718 218 Asiif-,HMH
770 173 1270 220 MARCELLINI

191 281 302 327 tium
326 295 529 345 pergunt.
555 284 660 327 Haec
683 281 899 329 nobilium
921 283 1128 330 instituta.
1150 285 1217 329 Ex
1235 281 1361 329 turba
1385 292 1464 329 ve-v

191 369 244 397 ro
265 354 366 398 iniae
390 355 517 399 sortis
544 358 591 400 δέ
617 354 888 415 paupertina:
909 356 952 401 in
984 355 1175 401 tabernis
1203 354 1336 418 aliqui
1361 370 1463 416 per-

191 428 376 472 noc‘tant
403 427 612 474 vinariis:
637 427 843 473 nonnulli
877 429 1069 476 velabris
1100 428 1466 476 umbraculorum

193 500 473 546 theatralium
501 502 662 558 latent,
687 519 785 564 quae
809 503 1081 565 Campanam
1113 503 1308 550 imitatus
1338 501 1468 549 lasci-

197 576 316 622 viam
354 576 542 622 Catulus
574 575 618 622 in
657 575 864 622 aedilitate
898 577 970 624 sua
1005 579 1224 641 suspendit
1260 577 1468 624 omnium

196 650 392 711 primus:
424 662 498 696 aut
531 650 792 713 pugnaciter
823 651 926 697 alcis
963 666 1163 710 certant,
1199 653 1320 715 turpi
1353 651 1469 696 sono

198 721 379 784 fragosis
408 722 585 769 naribus
616 723 855 771 introrsum
887 726 1069 771 reclusio
1100 725 1252 787 spiritu
1281 740 1471 773 concre-

198 809 378 859 pantes:
396 809 488 854 aut,
508 797 629 860 quod
646 797 706 843 est
723 797 966 845 studiorum
986 798 1190 845 omnium
1209 799 1473 857 maximum,

199 870 254 914 ab
271 881 377 914 ortu
397 869 508 915 lucis
529 869 582 914 ad
602 869 828 931 vesperam
848 869 939 916 sole
962 869 1170 917 fatiscunt
1188 869 1261 917 vel
1283 868 1474 932 pluviis,

201 960 280 1004 per
302 943 509 989 minutias
529 944 776 1007 aurigarum
797 961 1107 1006 equorumque
1126 943 1370 1006 praecipua,
1400 943 1476 989 vel

201 1014 356 1060 delicta
383 1015 635 1062 scrutantes.
666 1018 721 1061 Et
750 1016 811 1061 cst
840 1016 1079 1062 admodum
1111 1015 1299 1073 mirum,
1324 1015 1478 1063 videre

204 1089 377 1150 plebem
404 1090 679 1136 innumeram
707 1089 929 1136 mentibus
950 1089 1106 1134 ardore
1135 1089 1329 1152 quodam
1359 1089 1479 1135 infu-

204 1162 274 1217 ᾗ),
291 1179 391 1208 cum
413 1162 754 1209 dimicationum
774 1163 992 1209 curulium
1013 1175 1178 1208 eventu
1198 1163 1481 1225 pendentem.

235 1237 317 1281 laec
354 1235 594 1298 similiaque
631 1235 920 1282 memorabile
956 1235 1067 1281 nihil
1107 1235 1182 1282 vel
1217 1235 1375 1281 serium
1413 1236 1482 1301 agi

208 1308 367 1353 Romae
394 1308 671 1368 permittunt.
696 1310 813 1371 Ergo
834 1308 1106 1354 redeundum
1127 1308 1181 1354 ad
1200 1320 1384 1354 textum.

276 1382 370 1425 VH.
392 1380 538 1425 Latius
564 1379 647 1439 jam
671 1380 931 1426 diffimulata
949 1380 1129 1427 licentia
1157 1379 1373 1426 onerosus
1396 1379 1482 1426 bo-

211 1452 280 1499 nis
301 1452 510 1499 omuibus
530 1451 676 1498 Caesar
695 1489 708 1508 ,
729 1452 902 1499 nullum
923 1451 1021 1514 post
1038 1452 1133 1498 haec
1151 1451 1363 1498 adhibens
1383 1468 1485 1497 mo-

214 1525 323 1570 dum
340 1560 352 1581 ‚
378 1523 580 1570 Orientis
603 1524 737 1570 latera
767 1525 922 1571 cunsta
941 1524 1156 1582 vexabat,
1181 1540 1263 1569 nec
1282 1524 1480 1569 honora-

217 1596 273 1640 tis
296 1612 484 1657 parcens
504 1631 518 1652 ,
540 1612 622 1643 nec
644 1597 822 1642 urbium
852 1596 1114 1658 primatibus
1131 1631 1144 1652 ‚
1171 1612 1253 1642 nec
1284 1594 1485 1657 plebeiis.

216 1665 412 1728 <lenique
435 1668 743 1714 Antiochensis
771 1667 944 1713 ordinis
970 1666 1158 1715 vertices
1178 1664 1254 1710 sub
1275 1681 1368 1710 uuo
1391 1664 1485 1710 elo-

215 1740 292 1800 gio
320 1738 435 1798 jussit
467 1739 638 1797 occidi,
662 1739 765 1786 ideo
789 1739 993 1786 efferatus
1014 1776 1030 1797 ,
1060 1738 1184 1802 quod
1209 1739 1248 1784 ei
1271 1739 1484 1785 celebrari

216 1813 438 1859 vilitatem
460 1813 819 1875 intempestivam
840 1813 1012 1876 urgenti
1035 1849 1048 1870 ‚
1079 1829 1180 1857 cum
1212 1813 1486 1874 impenderet

218 1885 395 1947 inopia,
417 1886 595 1948 gravius
619 1886 875 1933 rationabili
902 1886 1221 1948 responderunt
1242 1905 1250 1931 :
1285 1887 1333 1932 &
1356 1885 1490 1947 peris-

224 1958 315 2002 sent
340 1958 394 2002 ad
416 1975 552 2003 unum
572 1993 587 2015 ‚
616 1957 660 2002 ni
683 1959 848 2003 Comes
870 1958 1069 2004 Orientis
1090 1970 1196 2005 tunc
1224 1960 1490 2005 Honoratus

222 2027 307 2073 rixa
338 2029 584 2075 constantia
612 2030 839 2076 restitisset.
876 2033 977 2076 Erat
1008 2043 1150 2077 autem
1181 2029 1363 2076 diritatis
1396 2029 1490 2090 ejus

222 2104 311 2148 boc
339 2119 524 2165 quoque
557 2102 773 2149 indicium
794 2139 806 2160 ,
832 2120 913 2150 nec
933 2103 1168 2150 obscurum
1190 2139 1202 2160 ‚
1225 2119 1304 2149 uec
1324 2103 1491 2159 latens,

225 2174 351 2235 quod
385 2173 567 2221 ludicris
600 2175 793 2223 cruentis
837 2178 1130 2223 delectabatur
1151 2213 1164 2233 ‚
1196 2178 1244 2222 ὅ(
1283 2176 1329 2220 in
1367 2175 1491 2222 circo

226 2247 294 2292 sex
313 2249 385 2293 vel
407 2248 570 2309 septem
593 2250 832 2313 aliquoties
856 2251 1005 2297 vetitis
1027 2248 1338 2297 certaminibus
1365 2249 1491 2312 pugi·

224 2320 318 2367 lum
342 2320 528 2367 viciffim
560 2321 599 2367 se
620 2323 955 2369 concidentium
971 2358 985 2381 ,
1014 2321 1382 2384 perfusorumque
1403 2321 1492 2366 san-

224 2394 359 2456 guine
397 2393 539 2456 specie
573 2409 620 2440 ut
654 2396 850 2442 lucratus
883 2395 1077 2460 ingentia
1115 2395 1356 2441 laetabatur.
1402 2396 1492 2439 Ac-

227 2467 434 2513 cenderat
454 2465 660 2530 superbis
682 2469 914 2518 incitatum
931 2467 1215 2533 propositum
1238 2468 1291 2514 ad
1316 2482 1490 2514 nocen-
