1626 2917
1330 225 1421 274 331

238 351 685 447 AMMIANI
743 363 1348 451 MARC'ELLINI

150 515 635 668 RERUM
696 577 1429 672 GESTARUM

445 793 794 851 LIBER
860 796 1131 857 XXIII.

271 966 378 974 ..n——

147 1089 322 1139 Julianus
348 1091 390 1130 A.
415 1088 605 1140 templum
632 1088 735 1140 apud
763 1089 1030 1141 Hierosolyma
1059 1090 1208 1142 pridem
1233 1091 1431 1139 dirutum,⁴

200 1152 334 1192 frustra
357 1152 558 1191 instaurare
582 1160 752 1192 conatur.
785 1154 823 1192 C.
843 1154 876 1192 I.
903 1152 1080 1192 Arsacem
1107 1154 1211 1193 idem
1243 1154 1430 1194 Armeniae

198 1229 326 1268 regem
348 1217 396 1256 ad
422 1215 566 1257 bellum
582 1217 768 1256 Persicum
791 1218 913 1267 parari
939 1217 1070 1267 jubet,
1094 1220 1130 1258 ὃς
1151 1231 1240 1257 cum
1260 1218 1430 1257 exercitu

199 1291 244 1319 ac
275 1279 503 1330 Scytharum
528 1280 677 1319 auxiliis
706 1280 836 1319 transit
861 1280 1106 1331 Euphratem.
1131 1282 1180 1320 Il.
1208 1280 1361 1328 ,Iuliano
1386 1281 1429 1319 A.

198 1354 268 1392 per
305 1340 629 1392 Mesopotamiam
662 1343 731 1381 iter
756 1342 911 1381 facienti
948 1344 1219 1383 Saracenarum
1252 1344 1428 1393 gentium

198 1402 320 1453 reguli
347 1415 531 1442 coronam
558 1417 710 1443 auream
734 1406 768 1444 Sc
794 1404 934 1443 auxilia
964 1404 1064 1444 ultro
1093 1404 1281 1444 offerunt:
1305 1403 1429 1442 classis

197 1465 314 1506 Rom,
339 1466 445 1506 mille
469 1469 504 1507 δε
523 1475 680 1506 centum
707 1467 860 1506 navium
883 1467 1088 1505 adveniens
1114 1466 1318 1506 consternit
1347 1466 1430 1505 Eu·-

198 1526 391 1577 phratem.
413 1531 489 1569 III.
516 1528 799 1580 Descriptiones
825 1529 1028 1569 muralium
1046 1529 1323 1578 machinarum,
1338 1529 1430 1569 bal-

196 1587 312 1636 lisiae,
331 1589 539 1641 scorpionis
559 1591 619 1630 vel
640 1591 772 1642 onagri
788 1622 799 1637 ‚
823 1592 970 1639 arietis,
994 1591 1240 1642 helepoIeos,
1263 1603 1308 1630 ac
1328 1589 1426 1630 mal-

197 1650 300 1691 leoli.
315 1654 383 1692 IV.
406 1652 579 1701 Julianus
594 1654 635 1693 A.
649 1654 751 1704 apud
768 1653 970 1693 Circesium
988 1653 1151 1693 Aboram
1170 1654 1315 1693 flumen
1334 1666 1426 1694 cum

197 1714 378 1761 omnibus
401 1716 522 1766 copiis
544 1724 662 1765 ponte
685 1715 809 1756 navali
831 1716 1119 1767 transgreditur,
1142 1719 1177 1756 Sc
1203 1716 1342 1756 milites
1365 1715 1428 1756 al-

195 1774 380 1827 loquitur.
400 1778 444 1820 V.
469 1777 746 1818 Describuntur
766 1780 927 1827 majores
950 1779 1154 1829 provinciae
1171 1779 1302 1820 XVIII
1319 1779 1425 1830 regni

189 1838 418 1887 -Persarum,
443 1853 518 1881 una
544 1853 634 1881 curn
658 1840 730 1880 suis
749 1854 907 1893 quaeque
930 1841 1107 1890 urbibus,
1128 1840 1327 1895 moresque
1351 1855 1426 1882 na-

195 1900 360 1941 tionum.
385 1900 450 1942 VI.

142 2085 176 2131 Ι.
212 2019 413 2135 HEC
441 2104 498 2136 eo
532 2105 680 2149 anno,
712 2101 760 2136 ut
792 2100 1100 2153 praetereamus
1131 2090 1426 2156 negotiorum

143 2156 354 2206 minutias
368 2195 383 2219 ,
401 2162 655 2224 agebantur.
676 2163 871 2211 Julianus
903 2181 1015 2212 vero
1036 2164 1124 2226 jam
1149 2177 1215 2212 ter
1234 2164 1422 2223 consul,

143 2228 284 2276 ascito
314 2231 360 2277 in
400 2234 640 2298 collegium
665 2237 827 2283 trabeae
859 2238 1064 2285 Sallustio
1094 2238 1307 2302 praefefto
1341 2256 1421 2301 per

144 2303 341 2361 Gallias,
369 2319 526 2368 quater
551 2309 641 2370 ipse
671 2310 980 2373 amplissimum
1012 2312 1167 2360 inierat
1193 2313 1421 2376 magistra-

142 2387 236 2420 tum
258 2394 268 2422 t
291 2378 340 2424 &
361 2378 595 2427 videbatur
613 2399 786 2429 novum
803 2419 818 2441 ‚
836 2383 1090 2447 adjunt‘tum
1111 2387 1194 2434 effe
1218 2386 1418 2450 Augusto

141 2448 366 2510 privatum
381 2487 395 2509 ‚
417 2455 541 2515 quod
564 2456 663 2518 post
682 2456 1021 2507 Diocletianum
1043 2461 1091 2508 &
1105 2460 1417 2507 Aristobulum

140 2521 289 2569 nullus
309 2525 569 2574 meminerat
591 2528 771 2592 gestum.
802 2530 857 2577 Et
885 2531 987 2580 licet
1012 2533 1310 2582 accidentium
1334 2550 1418 2581 va-
