1626 2917
170 195 262 242 126
377 190 1248 240 AMM1AN1MARCELL1N1

166 319 271 348 eum
307 299 497 347 sedatius
529 297 700 344 leniens
726 332 740 353 ‚
774 296 1033 359 scrupulose
1058 295 1367 360 computando
1402 297 1453 344 δε

166 392 305 432 vere,
341 371 525 429 docuit,
555 387 650 416 non
683 369 881 418 sufficere
915 370 1084 428 solum,
1115 388 1275 418 verum
1317 370 1452 416 etiam

168 447 414 494 exuberare
450 443 738 506 capitationis
773 442 997 490 calculum
1031 443 1085 489 ad
1117 458 1451 490 commeatuum

164 515 432 564 necessarios
459 526 703 577 apparatus.
734 513 1044 567 Nihilominus
1063 528 1210 561 tamen
1231 515 1305 561 diu
1326 512 1451 577 post·

166 606 219 636 ea
253 587 541 635 indictionale
576 598 864 650 augmentum
896 587 1095 633 oblatum
1128 587 1233 644 fibi,
1266 603 1347 635 nec
1378 602 1451 632 re-

169 662 305 709 citare
337 677 420 708 nec
450 659 689 706 subnotare
716 659 964 722 perpeffu5‚
995 660 1119 707 humi
1147 660 1352 724 projecit.
1379 660 1456 707 Li·

169 734 363 798 terisque
396 732 581 796 Augusti
633 732 832 797 monitus
874 749 929 778 ex
975 732 1194 779 relatione
1225 733 1419 795 praefeffl
1438 767 1454 790 ‚

171 823 269 853 non
308 821 436 870 agere
461 805 520 851 ita
546 805 758 867 perplexe
775 841 789 862 ,
821 819 870 851 ut
893 805 1120 851 videretur
1151 823 1307 867 parum
1346 806 1455 852 Flo-

172 881 324 928 rentio
347 880 469 928 credi
488 896 500 925 z
519 878 763 942 rescripfit,
788 880 1050 943 gratandum
1081 879 1164 926 esse
1181 915 1193 935 ‚
1213 879 1243 925 st
1267 879 1458 942 provin·

170 954 294 1002 cialis
310 954 416 1001 hinc
440 953 545 999 inde
565 951 762 999 vastatus
779 988 792 1010 ,
821 951 970 998 saltem
996 951 1211 999 solemnia
1233 952 1457 1014 praebeat,

174 1029 340 1076 nedum
374 1026 651 1074 incrementa
687 1062 700 1084 ‚
747 1043 849 1091 quae
886 1027 1007 1073 nulla
1051 1021 1266 1091 sup‘plicia
1306 1028 1458 1090 egenis

173 1101 350 1165 poffent
377 1099 638 1147 hominibus
659 1115 943 1163 extorquere.
975 1101 1240 1164 Faustumque
1268 1099 1328 1146 est
1349 1112 1458 1146 tunc

175 1178 226 1223 ὅ(
252 1174 412 1220 deinde
444 1173 577 1220 unius
611 1172 750 1219 animi
780 1171 1015 1231 firmitate,
1053 1187 1101 1219 ut
1136 1185 1294 1235 praeter
1327 1171 1459 1218 solita

177 1265 312 1295 nemo
340 1247 484 1294 Gallis
512 1246 756 1310 quidquam
783 1245 1033 1309 exprimere
1062 1258 1304 1294 conaretur
1325 1280 1336 1292 .
1358 1281 1367 1291 .
1387 1281 1397 1292 .
1419 1280 1430 1293 .
1446 1279 1459 1291 .

175 1323 345 1384 inique.
373 1320 583 1367 lnufitato
611 1320 822 1382 exemplo
850 1319 896 1366 id
929 1320 1124 1381 petendo
1147 1319 1296 1366 Caesar
1315 1319 1460 1381 impe-

177 1407 376 1443 traverat
396 1411 420 1440 a
441 1392 651 1456 praefe&0
672 1429 686 1450 ,
721 1409 770 1440 ut
791 1392 993 1440 secundae
1015 1393 1205 1456 Belgicae
1229 1392 1461 1440 multifor-

175 1467 324 1515 mibus
356 1466 482 1513 malis
517 1464 733 1528 oppreffae
768 1464 1001 1528 dispositio
1038 1465 1117 1511 fibi
1150 1464 1459 1512 committere-

178 1554 251 1587 tur
271 1578 284 1599 ‚
314 1557 364 1587 ea
389 1539 602 1586 videlicet
629 1538 726 1603 lege
747 1575 762 1595 ‚
796 1551 847 1585 ut
876 1555 960 1585 nec
995 1537 1300 1600 praefectianus
1323 1575 1336 1596 ‚
1377 1554 1463 1587 nec

180 1613 435 1677 praefidialis
463 1612 696 1675 apparitor
719 1612 774 1658 ad
798 1611 1066 1658 solvendum
1098 1630 1368 1676 quemquam
1389 1629 1464 1659 ur-

183 1699 317 1750 geret.
352 1686 463 1745 Quo
496 1684 636 1731 levati
677 1683 839 1730 solatio
873 1682 1017 1731 cuncti
1042 1719 1056 1743 ‚
1077 1700 1192 1747 quos
1229 1685 1275 1731 in
1308 1702 1462 1732 curam

181 1760 430 1822 susceperat
460 1759 581 1806 suam
603 1794 617 1819 ‚
650 1775 733 1806 nec
769 1757 1075 1820 interpellati,
1108 1772 1211 1806 ante
1239 1760 1462 1823 praestitu-

180 1846 275 1882 tum
294 1845 469 1895 tempus
491 1831 640 1879 debita
662 1832 966 1879 contulerunt.

248 1907 325 1952 tv.
353 1906 470 1950 Inter
497 1904 592 1950 haec
614 1903 954 1950 recreandarum
977 1903 1161 1951 exordia
1185 1904 1463 1964 Galliarum,

184 1977 518 2026 administrante
539 1976 774 2025 secundam
795 1977 937 2024 adhuc
953 1976 1106 2024 Orfito
1128 1977 1461 2040 praefecturam,

185 2051 404 2099 obeliscus
430 2053 591 2097 Romae
622 2050 668 2096 in
696 2050 822 2097 circo
850 2050 1019 2097 erectus
1039 2049 1099 2096 est
1127 2068 1246 2096 maxx
1251 2067 1341 2097 mo.
1374 2052 1463 2098 Su·-

184 2143 265 2189 per
286 2142 334 2189 q
320 2142 379 2172 ιο
397 2141 542 2181 nunc,
565 2123 667 2188 quia
683 2123 998 2187 tempestivum
1017 2123 1076 2170 est
1090 2160 1102 2183 ‚
1120 2141 1259 2187 pauca
1289 2123 1462 2171 discur-

186 2202 297 2248 ram.
339 2201 509 2248 Urbem
553 2199 704 2262 priscis
747 2199 903 2247 seculis
949 2199 1177 2246 conditam
1228 2198 1464 2246 ambitiosa

188 2274 407 2322 moenium
436 2274 584 2332 strue,
606 2276 654 2321 &
676 2288 910 2336 portarum
932 2286 1108 2321 centum
1126 2274 1354 2336 quondam
1371 2272 1465 2320 acli-

188 2349 306 2397 tibus
333 2347 552 2395 celebrem
573 2382 587 2404 ‚
618 2346 964 2410 hecatompylos
984 2346 1164 2393 Thebas
1192 2346 1467 2392 institutores

190 2439 246 2467 ex
270 2419 385 2467 facio
408 2418 787 2483 cognominarunt
807 2453 821 2477 ‚
843 2417 972 2480 cujus
1009 2417 1240 2464 vocabulo
1271 2417 1466 2481 provin-

190 2495 259 2542 cia
308 2509 432 2542 nunc
468 2491 604 2557 usque
639 2491 837 2541 Thebais
879 2490 1138 2555 appellatur.
1178 2492 1307 2539 Hanc
1349 2491 1466 2539 inter
