1626 2917
262 193 397 228 txvm
468 185 841 229 AMMJANI
885 186 1392 231 MARCELLINI

261 291 556 354 dulgendum,
587 291 687 354 quia
715 290 931 352 proposui
964 307 1057 336 non
1086 291 1382 339 obliviscitur.
1414 293 1527 339 Sane

260 356 490 418 praemiffae
522 373 665 402 rerum
697 355 909 418 gestarum
937 356 1287 414 narrationibus,
1319 357 1526 404 locorum

258 437 311 466 ac
340 422 571 482 regionum
603 419 948 482 descriptiones,
979 437 1072 466 non
1102 421 1242 467 solum
1273 423 1428 478 venia,
1451 422 1525 468 sed

258 486 543 531 excusatione
583 502 709 530 omni
745 485 889 546 dignae
924 483 1061 530 sunt·
1102 486 1227 547 quod
1255 487 1405 533 verbis
1432 486 1526 545 ejus

259 549 491 596 ostendere
519 550 659 599 malo
687 549 932 594 Galliarum
963 548 1250 610 descriptioni
1274 550 1522 613 praemiffis:

260 616 499 660 Galliarum
525 616 674 660 trac‘lus
705 612 748 659 ἃ
764 614 894 678 situm
929 615 1116 677 ostendere
1140 632 1246 675 puto
1281 635 1392 662 nunc
1421 632 1526 662 tem·

250 681 480 744 pestlvum’
514 698 562 724 fle
604 695 708 724 Inter
733 679 968 739 prOClsIHuS
999 681 1183 724 ardentes
1214 684 1525 742 proeliorumqlle

254 762 394 791 'Varlos
418 745 536 805 casus
564 746 705 805 ignota
733 744 974 804 quibusdam
1003 746 1246 802 expediens,
1272 748 1430 791 imitari
1456 749 1525 792 vi-

255 812 356 854 dear
381 812 531 872 deficies
567 810 785 863 nauticos,
815 810 957 853 attrita
987 810 1113 853 lintea
1142 826 1231 853 cum
1257 812 1491 856 rudentibus
1508 844 1524 868 ,

252 891 338 934 quae
363 876 478 919 licuit
504 876 650 934 parari
668 874 883 932 securius,
911 875 1016 917 inter
1036 872 1188 934 fluc‘lus
1215 875 1367 933 resarci.
1363 894 1398 920 e
1430 894 1527 920 coa-

252 939 335 983 Hos
355 936 398 983 δ’
415 939 671 1009 tempestates.
699 937 960 983 Conciones
979 953 1135 983 omnes
1162 938 1277 999 apud
1303 954 1403 984 eum
1425 938 1524 985 sunt

249 1003 580 1063 Imperatoriae,
615 1004 664 1048 &
691 1002 902 1048 militares
937 1001 1236 1048 allocutiones
1272 1003 1522 1049 militariter

250 1067 450 1128 scriptaeg,
487 1083 751 1129 quamquam
785 1067 829 1111 in
865 1066 916 1112 iis
955 1066 1116 1127 optimi
1153 1068 1201 1113 &
1233 1067 1338 1112 clari
1375 1067 1520 1114 sensus

250 1132 595 1178 contineantur:
616 1132 869 1203 mirumque
897 1129 980 1187 est,
1002 1147 1071 1176 eas
1099 1143 1267 1176 tantum
1295 1131 1521 1178 Constan-

250 1196 352 1253 tio,
387 1197 566 1245 Juliano
605 1198 653 1243 &
689 1195 1007 1242 Valentiniano
1047 1195 1215 1249 tribui;
1251 1196 1516 1243 Gratianum

247 1278 391 1319 vero,
420 1262 496 1323 qui
526 1262 675 1307 studils
705 1261 931 1306 literarum
959 1262 1007 1306 &
1030 1260 1287 1306 melioribus
1319 1259 1519 1322 discipli·

247 1327 317 1372 nis
338 1327 531 1373 imbutus
557 1326 684 1382 effet,
709 1325 845 1385 (nam
874 1325 927 1370 de
956 1325 1144 1370 Valente
1165 1326 1260 1370 rudi
1285 1326 1333 1371 &
1356 1324 1519 1371 incon-

247 1390 468 1437 summato
496 1407 589 1436 non
619 1391 678 1437 ita
705 1389 891 1450 mirum)
913 1405 994 1435 nec
1019 1388 1148 1450 post
1137 1389 1312 1450 imperii
1339 1390 1518 1451 partici-

245 1457 506 1519 pationem,
535 1455 607 1500 sed
635 1471 718 1501 nec
749 1454 847 1516 post
877 1452 1074 1499 nobilem
1101 1453 1221 1499 illam
1241 1457 1516 1526 Argentora-

245 1520 410 1567 tensem
436 1536 625 1582 pugnam
643 1519 795 1565 induci
825 1518 1186 1565 concionantem.
1224 1519 1318 1564 Nifi
1344 1518 1517 1582 cogite-

247 1602 372 1641 mus,
406 1586 461 1631 ab
500 1583 733 1630 affumto
722 1601 768 1628 m
801 1583 982 1630 Caesaris
1016 1599 1182 1629 nomen
1221 1596 1295 1629 aut
1327 1583 1514 1646 Augusti

247 1650 526 1697 consortium
558 1647 791 1710 Principe,
820 1648 936 1693 vivo
962 1661 1083 1708 patre
1109 1647 1408 1694 allocutiones
1428 1664 1514 1710 pro

244 1731 374 1761 more
395 1727 504 1760 tunc
521 1730 614 1760 non
638 1711 733 1758 fieri
754 1713 916 1760 solitas.
940 1714 1088 1775 Pugna
1107 1728 1218 1758 vero
1239 1714 1513 1774 Argentora-

244 1779 355 1825 tensi
389 1779 615 1825 commissa
643 1780 693 1825 δε
726 1790 1000 1840 perpetrata,
1036 1776 1182 1822 noluit
1213 1777 1366 1822 auctor
1398 1778 1514 1823 Gra·

244 1843 416 1890 tianum
447 1843 491 1888 in
519 1842 821 1890 concionibus
851 1842 1069 1898 detinere,
1098 1840 1310 1886 auxilium
1349 1857 1511 1902 patruo

244 1907 360 1954 ferre
389 1921 718 1970 properantem.
752 1909 800 1952 In
832 1905 1199 1968 descriptionibus
1227 1906 1430 1952 locorum
1460 1909 1511 1955 &

241 1973 505 2036 regionum,
530 1985 579 2018 ut
604 1972 821 2028 diximus,
851 1988 945 2017 non
973 1983 1142 2017 tantum
1176 1969 1281 2017 lefla
1311 1973 1358 2018 ὅ(
1382 1971 1511 2017 audi-

242 2050 321 2093 ta,
349 2037 419 2083 sed
448 2038 579 2083 etiam
612 2036 702 2084 visa
729 2037 779 2083 &
807 2035 980 2082 curiose
1007 2048 1234 2095 comperta
1263 2035 1421 2092 refert,
1443 2035 1510 2081 id-

239 2118 331 2165 que
352 2102 395 2147 in
414 2102 617 2165 AEgypti,
637 2101 925 2147 Thraciarum
945 2103 993 2148 δι
1008 2099 1187 2146 Perfidis
1211 2100 1508 2162 topographia

240 2167 431 2214 maxime
463 2167 648 2227 praestat.
684 2167 758 2212 De
779 2165 1015 2211 Gallorum
1045 2178 1190 2211 autem
1215 2165 1508 2226 antiquitate,

240 2248 343 2294 quae
380 2248 404 2277 a
444 2231 675 2294 regionum
721 2230 882 2276 incolis
921 2229 1162 2287 didicerat,
1193 2227 1471 2290 profitetur
1460 2246 1508 2276 m

243 2313 401 2342 eorum
438 2295 741 2341 monumentis
777 2294 911 2341 incisa
945 2294 1124 2357 legiffe:
1159 2307 1275 2339 tanta
1310 2310 1415 2339 cura
1456 2294 1509 2341 &

243 2361 288 2407 d
295 2361 468 2433 ligentia
496 2377 639 2405 rerum
669 2359 902 2420 scriptioni
928 2358 1121 2405 vacavit.
1156 2358 1355 2404 Studium
1383 2357 1507 2405 suum

240 2425 442 2473 veritatis
470 2424 729 2487 indagandae
758 2426 806 2471 &
833 2424 1106 2485 publicandae
1137 2422 1247 2483 saepe
1274 2439 1507 2469 commen-
1571 2431 1575 2434 ’

242 2491 346 2549 dat,
370 2507 394 2537 a
423 2506 508 2554 qua
534 2505 760 2553 nunquam
788 2488 945 2552 sponte
971 2487 1235 2552 digreditur,
1263 2504 1394 2551 quam
1422 2502 1505 2537 nec
