1626 2917
267 104 485 150 RERUM
521 102 864 150 GESTARUM
900 104 1002 149 ΜΒ.
1036 103 1206 149 xxiv,
1358 116 1390 165 9

110 227 297 277 quoque
333 230 389 259 ex
425 213 547 260 edito
577 230 701 259 arcus
734 212 978 276 erigebant,
999 211 1178 259 fortiter
1209 210 1392 257 tensos:

109 288 274 348 quibus
297 287 442 348 panda
468 286 676 348 utrinque
703 285 920 350 surgentia
943 302 1115 332 cornua
1144 284 1203 330 ita
1230 283 1395 330 lentius

109 359 425 417 sseelebantur,
450 371 500 406 ut
530 360 660 407 nervi
687 359 929 423 digitorum
953 359 1036 407 affl
1065 358 1263 422 pulfibus
1287 357 1396 404 vio-

109 431 241 478 lentis
269 432 509 479 arundines
535 431 719 479 ferratas
739 433 1022 488 emitterent,
1050 450 1153 496 quae
1184 431 1397 493 corpori-

110 502 194 551 bus
228 503 352 550 illisae
391 504 628 552 contrariis
665 503 856 551 letaliter
887 502 1153 568 figebantur.
1188 503 1401 554 Dimica-

113 573 244 621 batur
273 575 568 622 nihilominus
598 575 842 638 utrobique
879 575 1088 622 saxorum
1122 575 1400 622 manualium
1466 635 1470 640 .

114 647 281 694 nimbis
303 666 314 694 ε
337 650 387 696 &
416 649 626 695 neutrobi
646 649 866 696 inclinato
887 662 1123 696 momento
1140 684 1153 706 ,
1182 648 1401 710 proelium

115 735 248 769 atrox
280 739 303 768 a
338 722 448 769 lucis
483 736 589 770 ortu
623 723 678 767 ad
708 720 884 767 initium
919 723 1063 768 noetis
1103 721 1401 768 destinatione

115 811 276 857 magna
304 795 604 855 pronastum,
632 793 728 856 pari
757 793 874 841 sorte
907 794 1147 841 diremtum
1179 794 1253 841 est.
1286 796 1403 840 Pro-

118 866 222 913 inde
253 867 322 913 die
354 867 505 913 secuto
522 902 535 923 ‚
566 884 666 914 cum
695 879 935 914 certaretur
957 867 1195 930 asperrime
1213 903 1226 924 ,
1247 866 1405 913 multi*

118 957 207 1001 que
240 938 532 987 funderentur
567 940 848 995 altrinsecus,
885 943 935 987 &
966 958 1106 1003 aequae
1139 941 1258 986 vires
1283 939 1405 1003 'gesta

119 1014 335 1060 librarent
355 1031 365 1060 :
384 1016 631 1076 Imperator
649 1031 806 1061 omnes
827 1014 932 1061 aleae
955 1014 1075 1061 casus
1094 1014 1210 1061 inter
1227 1027 1404 1060 mutuas

120 1087 267 1134 clades
297 1087 494 1149 experiri
516 1087 725 1135 festinans
740 1124 753 1145 ,
772 1087 996 1134 cuneatim
1021 1087 1202 1150 stipatus
1218 1122 1231 1144 ‚
1251 1086 1405 1132 densa-

119 1159 259 1222 tisque
293 1160 468 1223 clypeis
497 1161 549 1206 ab
584 1161 672 1208 istu
707 1161 957 1223 sagittarum
986 1160 1214 1216 defensus,
1248 1159 1406 1208 veloci

120 1231 247 1290 saltu,
267 1232 589 1279 comitantibus
607 1234 813 1295 promtis,
828 1250 971 1295 prope
987 1245 1165 1295 portam
1177 1232 1304 1278 venit
1322 1232 1407 1277 ho-

120 1304 261 1350 stilem
279 1340 291 1362 ,
328 1305 468 1351 craffo
508 1304 630 1351 ferro
672 1305 924 1351 crustatam.
967 1307 1022 1350 Et
1066 1305 1170 1351 licet
1200 1303 1314 1350 saxis
1355 1304 1407 1351 &

124 1380 281 1440 glande
297 1415 309 1435 ,
329 1378 574 1442 ceterisque
597 1379 693 1425 telis
712 1395 812 1425 cum
836 1377 1039 1440 periculo
1059 1376 1210 1424 salutis
1232 1393 1410 1439 preme-

123 1464 247 1497 retur
263 1487 277 1508 ,
304 1451 502 1498 fodicare
525 1465 673 1498 tamen
696 1465 872 1515 paratos
896 1450 1132 1498 valvarum
1163 1449 1326 1506 latera,
1356 1460 1407 1495 ut

126 1526 295 1571 aditum
337 1525 671 1588 patefacerent,
708 1526 901 1573 vocibus
939 1524 1176 1587 increpans
1214 1524 1410 1581 crebri5,

125 1615 220 1644 non
258 1614 361 1645 ante
393 1599 608 1657 disceffit,
641 1616 772 1662 quam
806 1599 999 1645 telorum
1034 1597 1270 1660 congerie,
1306 1614 1408 1659 quae

125 1669 551 1732 superjaciebantur‚
570 1672 611 1718 se
630 1670 716 1733 jam
738 1683 937 1718 cerneret
958 1670 1256 1716 obruendum.
1288 1671 1411 1715 Eva-

126 1742 178 1789 sit
199 1744 540 1791 cum>⁴01nnibus
571 1758 719 1791 tamen
737 1780 749 1798 ,
768 1744 919 1806 paucis
951 1743 1096 1799 levius
1130 1742 1377 1790 vulneratis
1395 1777 1411 1800 ,

126 1812 218 1876 ipse
245 1815 490 1875 innoxius,
508 1816 770 1862 verecundo
796 1816 961 1862 rubore
990 1814 1188 1862 suffusus.
1226 1816 1410 1878 Legerat

126 1888 564 1946 enim,AEmilianum
582 1890 856 1951 Scipionem,
874 1906 975 1936 cum
994 1887 1279 1935 historiarum
1299 1904 1411 1934 con-

129 1961 276 2007 ditore
296 1962 498 2026 Polybio
519 1962 910 2025 Megalopolitano
934 1960 1134 2019 Arcade,
1155 1962 1204 2008 &
1228 1960 1411 2023 triginta

127 2034 368 2090 militibus,
399 2048 574 2097 portam
607 2035 888 2097 Carthaginis
919 2034 1087 2096 impetu
1115 2034 1244 2080 fimili
1272 2033 1411 2080 suffo-

129 2104 250 2152 disse.
273 2107 358 2152 Sed
377 2106 485 2155 fides
515 2122 694 2170 recepta
725 2107 991 2169 scriptorum
1025 2119 1227 2153 veterum
1255 2123 1410 2153 recens

131 2175 295 2223 factum
325 2177 535 2225 defendit.
573 2179 834 2226 AEmilianus
855 2178 972 2224 enim
994 2177 1214 2224 testudine
1239 2178 1412 2240 lapidea

131 2251 289 2295 teclam
309 2249 565 2298 successerat
585 2264 761 2314 portam
782 2287 795 2308 ,
820 2250 899 2296 sub
926 2267 1015 2312 qua
1040 2253 1230 2309 tutus&
1249 2251 1412 2306 latens,

133 2323 239 2370 dum
262 2323 402 2369 moles
423 2323 568 2371 saxeas
589 2325 802 2388 detegunt
827 2322 974 2370 hostes
992 2359 1004 2381 ,
1024 2324 1178 2370 urbem
1201 2323 1410 2369 nudatam

134 2394 324 2459 irrupit:
349 2396 548 2445 Julianus
582 2414 695 2447 vero
720 2398 873 2445 locuni
905 2409 1130 2461 patentem
1165 2394 1415 2465 aggressus,
