1626 2917
296 129 515 177 RERUM
546 125 885 175 GESTARUM
922 123 1025 171 LIB.
1059 122 1235 170 XXXI.
1323 122 1410 183 265

131 239 228 298 ciis,
243 255 332 303 qua
348 237 533 301 quisque
553 235 727 300 potuit,
745 231 1043 296 incomposite
1062 227 1420 286 discedentibus3

131 311 295 360 refidui
308 327 475 358 omnes
502 321 713 372 repetunt
737 306 934 355 tentoria
956 304 1188 352 tristiores.
1213 300 1420 348 Humatis

132 383 325 447 denique
357 400 443 446 pro
476 383 686 430 locorum
709 383 758 428 &
783 377 999 442 temporis
1023 377 1198 424 ratione
1219 376 1421 421 honora-

131 457 189 504 tis
209 456 470 520 quibusdam
490 450 608 503 inter
627 455 887 511 defiin&os‚
914 452 1088 515 reliqua
1115 461 1423 514 peremtorum

133 547 330 594 corpora
355 531 461 578 dirae
491 530 706 578 volucres
740 526 1109 578 consumserunt,
1137 522 1312 570 affuetae
1341 521 1423 568 illo

133 612 342 664 tempore
362 601 656 649 cadaveribus
685 599 830 662 pasci,
852 611 900 645 ut
922 598 1124 645 indicant
1146 612 1266 642 nunc
1287 594 1432 656 usque>

137 675 338 721 albentes
367 673 534 720 ossibus
565 671 724 733 campi.
753 670 938 717 Constat
964 681 1139 725 tamen,
1168 667 1215 712 in
1237 680 1427 713 numero

135 744 274 808 longe
289 745 466 792 minore
482 745 739 801 Romanos,
755 760 855 789 cum
874 760 924 789 ea
940 741 1124 804 copiosa
1143 737 1428 787 multitudine

138 816 432 873 colluEtatos‚
463 815 648 864 funerea
680 815 818 861 multa
851 815 1077 876 perpessos
1103 831 1113 860 :
1154 828 1249 858 nou
1279 823 1431 859 tamen

137 888 230 935 fine
259 888 474 935 deflendis
498 888 707 936 aerumnis
730 886 964 950 exagitasse
989 885 1219 932 barbaram
1239 882 1430 945 plebem.

203 964 319 1008 VIII.
349 962 429 1008 His
461 961 628 1009 casibus
657 960 928 1024 proeliorum
956 960 1015 1007 ita
1037 958 1238 1007 lueiuose
1266 956 1433 1010 finitis,

141 1032 283 1080 nostri
302 1032 540 1096 proximos
566 1033 965 1095 Marcianopoieos
998 1033 1202 1095 petivere
1232 1028 1432 1077 seceffus.

143 1104 290 1153 Gothi
313 1105 428 1152 intra
454 1105 774 1154 vehiculorum
794 1104 1016 1153 anfractus
1040 1104 1199 1168 sponte
1229 1102 1301 1149 sua
1321 1117 1436 1148 con-

141 1178 280 1238 trusi,
301 1195 530 1242 nunquam
553 1179 717 1227 exinde
748 1197 827 1243 per
858 1180 949 1228 dies
983 1168 1147 1242 septem
1178 1176 1325 1242 egredi
1359 1174 1435 1222 vel

143 1252 293 1300 videri
327 1251 428 1299 sunt
461 1253 581 1300 aufi:
615 1253 813 1317 ideoque
848 1253 1239 1316 opportunitatem
1273 1249 1436 1296 milites

145 1325 290 1383 nacti,
323 1324 558 1371 immensas
597 1325 704 1371 alias
753 1325 1043 1372 barbarorum
1080 1336 1284 1372 catervas
1317 1321 1437 1368 inter

144 1399 504 1446 AEmimontanas
539 1399 755 1463 angustias
789 1399 1042 1447 clauserunt
1067 1414 1277 1463 aggerum
1310 1393 1437 1456 obje-

141 1473 221 1519 &u
245 1471 493 1519 celsorum:
515 1472 599 1519 hac
619 1472 691 1535 spe
712 1471 923 1519 nimirum
939 1508 953 1531 ,
979 1484 1028 1520 ut
1050 1472 1167 1519 inter
1201 1470 1356 1517 Istrum
1386 1469 1438 1515 &

148 1547 412 1597 solitudines
432 1547 682 1611 perniciosa
701 1548 897 1596 hostium
918 1547 1160 1595 multitudo
1181 1545 1409 1608 compacta
1423 1578 1438 1602 ,

150 1621 393 1687 nullosque
422 1623 648 1686 reperiens
673 1623 843 1681 exitus,
872 1622 1035 1686 periret
1060 1621 1236 1679 inedia,
1270 1618 1440 1668 cunctis

151 1696 338 1744 utilibus
367 1698 424 1744 ad
448 1697 698 1747 vivendum
723 1697 770 1744 in
796 1697 1000 1746 civitates
1026 1696 1197 1743 validas
1222 1708 1441 1756 compor-
1503 1702 1505 1707 ’

145 1770 285 1818 tatis:
316 1787 505 1834 quarum
539 1769 708 1816 nullam
741 1769 972 1817 etiamtum
1005 1766 1325 1816 circumsedere
1361 1781 1442 1812 co-

111 1866 115 1884 s
152 1840 247 1888 nati
277 1840 403 1901 sunt,
434 1842 530 1890 haec
559 1845 609 1890 &
644 1841 800 1889 fimilia
826 1840 1072 1890 machinari
1105 1840 1280 1903 penitus
1309 1838 1443 1901 igno-

148 1927 315 1962 rantes.
345 1915 448 1962 Post
475 1933 576 1979 quae
598 1915 810 1979 repetivit
838 1914 1005 1963 Gallias
1031 1913 1325 1961 Richomeres
1341 1947 1355 1967 ‚
1378 1910 1442 1957 ob

153 1987 374 2050 majorem
401 1988 673 2051 proeliorum
698 1988 948 2045 fremitum,
978 1986 1056 2050 qui
1082 1984 1442 2048 exspeEtabatur,

153 2058 260 2107 inde
284 2059 555 2107 adminicula
579 2059 883 2122 perducturus.
914 2060 1023 2106 Haec
1041 2056 1266 2104 Gratiano
1288 2066 1443 2118 quater

146 2133 206 2179 ὃ(
233 2128 509 2179 Merobaude
531 2132 790 2181 consulibus
808 2132 1070 2196 agebantur„
1089 2146 1211 2177 anno
1237 2128 1282 2175 in
1307 2139 1442 2174 autu-

140 2210 312 2251 'mnum
339 2217 572 2269 vergente.
608 2209 730 2252 Inter
745 2222 849 2269 ‘quae
869 2204 1034 2252 Valens
1050 2239 1064 2262 ,
1085 2201 1240 2250 audito
1264 2197 1441 2262 lugubri

148 2277 383 2325 bellorum
431 2277 829 2340 direptionumque
877 2290 1045 2326 eventu
1066 2312 1080 2336 ,
1119 2273 1407 2323 Saturninum
1424 2305 1440 2329 ‚

158 2349 370 2412 equestris
400 2351 621 2398 exercitus
653 2350 707 2396 ad
729 2362 902 2413 tempus
931 2367 1035 2398 cura
1063 2345 1316 2402 commissa,
1336 2342 1441 2405 sup-

148 2421 297 2485 petias
315 2421 516 2488 Traiano
534 2423 752 2474 fetentem
777 2423 892 2472 misit
919 2425 969 2475 &
988 2422 1249 2472 Profuturo.
1280 2421 1438 2466 Forte-
