1626 2917
304 161 526 216 RERUM
558 163 896 210 GESTARUM
926 163 1030 212 LIB.
1059 163 1236 213 XXXI.
1320 183 1410 230 275

129 268 212 318 bus
249 269 411 332 patulis
450 287 532 317 nec
575 269 721 317 inedia
743 306 756 328 ,
792 287 874 318 nec
909 271 1102 319 occultis
1142 285 1415 320 vexarentur

128 338 310 392 insidiis.
336 345 461 393 Dum
482 346 575 392 haec
595 358 787 408 aguntur
810 345 854 390 in
875 342 1081 392 Thraciis
1104 383 1116 404 ‚
1140 347 1415 406 Gratianus,

129 417 267 464 doslo
300 418 436 465 literis
462 431 645 480 patruo,
671 435 754 481 qua
778 417 985 464 industria
1014 418 1284 480 superaverit
1305 421 1414 467 Ala-

129 506 356 547 mannos,
387 490 574 553 pedestri
624 490 781 537 itinere
818 490 1043 552 praemiffis
1084 492 1417 554 impedimentis

132 563 181 609 &
216 562 429 618 sarcinis,
467 561 558 624 ipse
597 579 696 609 cum
731 562 1009 623 expeditiore
1053 563 1245 610 militum
1286 582 1421 612 manu

132 650 363 699 permeato
393 635 611 682 Danubio
634 672 647 692 ,
685 635 854 681 delatus
887 635 1140 683 Bononiam
1166 674 1178 694 ,
1207 638 1421 685 Sirmium

133 708 315 756 introiit
337 728 347 756 :
372 712 420 758 &
451 710 734 773 quatriduum
761 710 821 756 ibi
843 724 1042 757 moratus
1062 747 1074 768 ‚
1099 729 1176 773 per
1196 712 1313 758 idem
1334 712 1423 759 flu·

134 799 238 829 men
276 784 328 828 ad
361 783 519 829 Martis
541 783 674 829 castra
707 782 934 829 descendit
954 819 966 838 ‚
988 782 1184 829 febribus
1207 783 1424 830 interval-

134 854 236 901 latis
264 855 478 902 affliElus:
511 856 553 901 in
585 872 677 919 quo
709 856 848 902 tractu
876 857 1121 903 Alanorum
1155 855 1325 919 impetu
1349 874 1425 910 re·-¹

136 929 328 992 pentino
351 942 546 977 tentatus
566 966 579 988 ,
612 929 750 975 amisit
773 930 1047 992 sequentium
1076 947 1259 992 paucos.

202 1003 302 1048 XII.
324 1002 568 1063 Iisdemque
600 1001 752 1046 diebus
775 1001 1022 1064 exagitatus
1053 1001 1227 1048 ratione
1248 1001 1426 1065 gemina

136 1074 338 1130 Valens,
379 1074 505 1135 quod
546 1072 799 1119 Lentienses
838 1086 1119 1134 compererat
1164 1074 1427 1135 superatos,

137 1148 351 1210 quodque
387 1143 662 1192 Sebastianus
702 1144 886 1191 subinde
923 1145 1113 1192 scribens
1148 1145 1258 1192 fasta
1300 1148 1427 1196 dietis

137 1220 461 1284 exaggerabat:
491 1236 514 1265 e
546 1219 850 1266 Melanthiade
882 1219 1001 1283 signa
1041 1221 1330 1280 commovit,
1366 1240 1427 1269 ae-

139 1286 378 1358 quiparare
406 1292 609 1339 facinore
643 1292 840 1355 quodam
875 1292 1055 1356 egregio
1095 1294 1430 1344 adolescentem

140 1384 389 1431 properans
413 1364 553 1412 filium
580 1364 748 1424 fratris,
778 1365 903 1426 cujus
928 1368 1169 1414 virtutibus
1193 1369 1429 1418 urebatur:

141 1442 420 1502 ducebatque
445 1439 712 1501 multiplices
747 1440 901 1502 copias
930 1457 1011 1487 nec
1050 1444 1430 1504 contemnendas,

144 1529 228 1560 nec
253 1512 404 1576 segnes
428 1530 438 1559 :
468 1511 632 1574 quippe
656 1513 786 1558 etiam
819 1526 1056 1559 veteranos
1084 1513 1234 1561 iisdem
1268 1514 1431 1575 junxe-

144 1600 215 1635 rat
235 1587 452 1650 plurimos
475 1605 486 1633 z
510 1587 625 1632 inter
653 1603 766 1650 quos
800 1587 847 1633 &
884 1587 1200 1634 honoratiores
1234 1590 1306 1635 alii
1329 1627 1342 1648 ‚
1379 1593 1432 1639 &

145 1660 366 1720 Trajanus
399 1658 655 1721 procinetus
685 1658 744 1705 est
767 1694 780 1714 ,
813 1658 948 1720 paulo
982 1671 1084 1704 ante
1121 1660 1328 1722 Magister
1358 1679 1434 1708 ar-

146 1752 341 1784 morum.
372 1735 427 1781 Et
459 1735 672 1797 quoniam
705 1734 1022 1796 exploratione
1055 1733 1242 1782 sollicita
1267 1738 1432 1800 cogni-

147 1821 241 1860 tum
281 1809 364 1866 est,
390 1808 586 1873 cogitare
618 1808 766 1854 hostes
803 1807 993 1854 fortibus
1027 1808 1236 1869 praefidiis
1270 1809 1432 1860 itinera

148 1882 353 1929 claudere
371 1917 383 1937 ‚
414 1897 492 1942 per
514 1897 611 1943 quae
638 1892 914 1927 commeatus
940 1879 1164 1926 necessarii
1188 1884 1435 1943 portaban-

149 1965 254 2000 tur:
286 1952 520 1999 occursum
556 1952 614 1998 est
647 1952 750 2000 huic
779 1952 961 1999 conatui
998 1966 1306 2015 competenter
1330 1991 1341 2013 ,
1377 1956 1435 2004 ad

150 2024 404 2070 retinendas
426 2024 787 2085 opportunitates
807 2022 1103 2085 angustiarum
1120 2060 1135 2080 ,
1164 2042 1263 2088 quae
1288 2044 1433 2093 prope

152 2109 306 2153 erant,
328 2096 548 2157 peditibus
579 2095 807 2159 sagittariis
832 2097 878 2143 &
908 2095 1107 2157 equitum
1138 2109 1278 2144 turma
1302 2100 1434 2147 citius

152 2169 290 2216 missa.
319 2169 585 2232 Triduoque
618 2169 829 2231 proximo
854 2187 952 2216 cum
982 2169 1154 2216 barbari
1191 2174 1327 2235 gradu
1364 2174 1437 2221 in-

155 2242 362 2289 cederent
399 2242 519 2300 leni,
558 2244 605 2289 &
642 2255 886 2290 metuentes
923 2243 1205 2305 eruptionem
1246 2263 1324 2307 per
1354 2247 1435 2292 de·

155 2314 257 2372 via,
280 2315 533 2377 quindecim
567 2308 762 2361 millibus
794 2316 987 2378 passuum
1009 2333 1032 2362 a
1055 2316 1238 2364 civitate
1261 2318 1435 2366 discreti

156 2386 389 2438 stationem
428 2401 628 2452 peterent
669 2389 858 2439 Nicen:
891 2391 1110 2439 incertum
1151 2408 1242 2454 quo
1280 2409 1436 2442 errore

1114 2465 1140 2509 S
1178 2483 1204 2513 2
