1626 2917
322 184 542 233 RERUM
578 186 920 234 GESTARUM
957 188 1059 233 LlB.
1093 187 1237 233 XXII.
1328 201 1418 249 309

138 293 266 355 cujus
284 294 479 341 numinis
502 294 625 342 votis
643 296 867 359 excipitur
884 296 1072 359 publicis
1085 332 1098 354 ‚
1122 294 1306 342 miratus
1327 311 1418 340 vo-

137 383 210 414 ces
230 367 527 413 multitudinis
544 385 740 432 magnae,
763 369 949 416 salutare
969 367 1084 416 sidus
1105 368 1291 415 illuxisse
1310 368 1420 419 Eois

136 440 333 501 partibus
347 441 642 488 acclamantis.
660 443 887 489 Evenerat
902 458 1048 489 autem
1066 441 1218 488 iisdem
1241 442 1417 498 diebus,

135 528 289 559 annuo
308 512 435 559 cursu
458 513 898 576 completo‚Adonia
916 515 1004 562 ritu
1021 514 1165 561 veteri
1184 512 1418 570 celebrari,

135 595 283 630 amato
311 585 499 631 Veneris
513 621 527 643 ,
545 597 593 631 ut
623 584 787 632 fabula-2
808 584 982 649 fingunt
1002 586 1127 651 ,apri
1142 587 1275 633 dente
1292 585 1420 634 ferali

133 654 284 702 deleto
301 692 314 715 ,
344 659 469 720 quod
489 658 533 704 in
557 658 711 705 adulto
734 658 847 706 {lore
871 659 1083 708 sectarum
1113 659 1174 707 est
1199 659 1417 706 indicium

130 728 328 794 frugum.
358 732 413 777 Et
446 731 588 778 visum
612 731 673 777 est
705 731 827 778 triste
846 767 861 789 ‚
880 733 1005 795 quod
1037 732 1228 796 amplam
1259 732 1417 779 urbem

130 804 480 869 principumque
517 805 798 852 domicilium
844 806 1102 853 introeunte
1142 809 1418 869 Imperatore

130 894 253 925 nunc
276 878 471 941 primum
492 914 507 937 ,
541 878 773 926 ululabiles
801 879 999 942 undique
1032 879 1229 943 planElus
1267 881 1316 927 δι
1347 879 1417 925 lu-

128 951 289 1014 gubres
324 952 458 999 sonus
490 952 795 999 audiebantur.
834 951 920 1000 Hic
960 952 1187 1015 patientiae
1228 951 1321 1014 ejus
1364 953 1417 1001 &

129 1023 388 1072 lenitudinis
414 1025 737 1072 documentum
760 1025 862 1073 leve
887 1026 1069 1090 quidem
1092 1027 1319 1089 apparuit,
1343 1026 1417 1073 sed

129 1098 396 1145 mirandum.
416 1098 689 1146 Thalaflium
710 1099 932 1162 quendam
957 1116 1013 1147 ex
1039 1100 1255 1163 proximo
1283 1099 1416 1146 libel-

127 1171 275 1220 lorum
298 1208 312 1230 ,
335 1171 637 1219 insidiatorem
659 1172 807 1220 fratris
827 1174 985 1221 oderat
1009 1174 1128 1221 Galli
1146 1192 1157 1221 :
1178 1191 1271 1237 quo
1298 1175 1413 1221 ado-

126 1261 226 1291 rare
259 1245 491 1308 adesseque
521 1246 677 1292 officio
704 1245 820 1292 inter
855 1246 1106 1294 honoratos
1141 1246 1376 1310 prohibito
1398 1282 1413 1305 ,

126 1318 395 1377 adversarii,
423 1336 523 1366 cum
555 1319 720 1383 quibus
761 1319 961 1382 litigabat
999 1320 1044 1366 in
1076 1320 1205 1376 foro,
1243 1320 1413 1383 postri-

126 1391 196 1438 die
219 1392 348 1439 turba
377 1405 649 1456 congregata
677 1392 923 1455 superflua,
956 1392 1079 1439 adito
1112 1395 1412 1455 Imperatore,

128 1464 366 1527 Thalaffius
384 1500 399 1521 ,
430 1465 713 1510 clamitabant
732 1500 746 1522 ‚
772 1467 968 1510 inimicus
982 1468 1155 1526 pietatis
1180 1482 1259 1511 tuae
1276 1467 1413 1531 rastra

125 1539 322 1582 violenter
351 1537 512 1597 enpuit.
532 1537 585 1581 Et
613 1535 689 1582 ille
717 1536 798 1582 hac
816 1536 1053 1582 occasione
1070 1536 1305 1583 hominem
1321 1553 1412 1600 op-

122 1609 258 1673 primi
288 1610 411 1673 poffe
447 1607 696 1671 conjiciens
715 1644 728 1667 ‚
749 1611 974 1672 Agn0fi0‚
1002 1609 1260 1672 respondit,
1283 1630 1410 1672 ,quem

124 1685 266 1728 dicitis
299 1681 509 1747 offindffl
527 1702 588 1728 me
610 1683 727 1748 justa
753 1687 801 1728 de
827 1684 954 1744 cansa
971 1700 988 1729 .·
1013 1680 1181 1747 &silere
1207 1702 1282 1729 vos
1302 1687 1410 1730 inte-

123 1761 201 1804 rim
234 1758 549 1818 consentaneum
570 1758 644 1823 (st,
673 1761 772 1803 dum
792 1760 898 1802 mihi
917 1758 1091 1803 inimico
1101 1760 1258 1818 potiori
1262 1759 1410 1817 faciat

110 1831 242 1893 fiais.
272 1829 594 1893 Mandavitque
618 1829 815 1876 affidenti
843 1828 1054 1892 praefecto
1070 1865 1083 1889 ,
1104 1846 1160 1876 ne
1178 1831 1407 1879 audiretur

121 1919 281 1949 eorum
309 1902 568 1967 negotium,
596 1913 831 1966 antequam
851 1901 942 1965 ipse
964 1919 1067 1949 cum
1093 1903 1319 1954 Thalaffio
1336 1922 1407 1953 re-

118 1975 232 2023 diret
251 1976 299 2023 in
329 1976 544 2040 gratiam,
576 1977 701 2040 quod
733 1975 865 2022 brevi
894 1975 1065 2022 evenit.

185 2050 244 2096 X.
277 2049 343 2096 Ibi
371 2049 572 2097 hiemans
590 2066 646 2096 ex
669 2048 885 2095 sententia
908 2085 920 2106 ‚
941 2048 1073 2096 nullis
1101 2048 1282 2098 interim
1307 2063 1401 2100 vo·‘

122 2122 304 2185 luptatis
321 2125 571 2188 rapiebatur
591 2125 813 2172 illecebris
828 2161 843 2182 ‚
869 2124 1031 2188 quibus
1055 2124 1283 2173 abundant
1311 2128 1402 2191 Sy-

120 2196 202 2244 riae
233 2214 427 2247 omnes:
456 2217 618 2248 verum
646 2217 725 2264 per
753 2200 942 2262 speciem
978 2199 1141 2263 quietis
1172 2198 1401 2262 judiciali-

123 2268 205 2315 bus
227 2271 362 2317 caus1s
383 2271 578 2321 intentus
597 2309 611 2332 ‚
649 2289 743 2318 non
770 2272 918 2318 minus
947 2271 1092 2319 arduis
1109 2290 1271 2337 ,quam
1301 2274 1401 2320 bel-

120 2341 220 2390 licis
240 2379 254 2400 .,
282 2344 602 2394 distrahebatur
628 2345 987 2394 multiformibus
1010 2346 1151 2406 curis,
1180 2347 1399 2411 exquisita

121 2414 352 2463 docilitate
382 2418 575 2478 librans,
607 2419 769 2483 quibus
802 2418 948 2465 modis
978 2418 1104 2478 suum
1130 2419 1291 2483 cuique
1317 2420 1400 2466 tri·-

120 2487 278 2536 bueret
296 2507 307 2537 ε
328 2488 534 2556 justisque
559 2492 786 2541 sententiis
806 2493 854 2541 δι
876 2491 1076 2557 improbi
1091 2494 1286 2542 modicis
1313 2510 1398 2543 co-

1027 2578 1129 2639 V3
