1626 2917
165 205 253 239 120

236 360 703 428 AMMIANI
763 359 1366 430 MARCELLINI

160 546 639 638 RERUM
701 547 1439 640 GESTARUM

481 759 828 817 LIBER
893 760 1116 817 XVII.

158 1069 332 1122 Julianus
359 1068 401 1109 C.
427 1068 580 1108 transito
617 1067 758 1108 Rheno
783 1067 1080 1108 Alamannorum
1106 1069 1212 1108 vicos
1238 1069 1368 1120 diripit
1399 1082 1445 1108 ac

211 1133 408 1173 incendit:
439 1131 494 1172 ibi
519 1133 804 1171 munimentum
837 1132 992 1180 Trajani
1015 1141 1181 1181 reparat,
1214 1133 1249 1171 ἃ
1271 1132 1445 1170 decime-

209 1197 301 1236 stres
316 1195 487 1234 inducias
511 1193 678 1232 barbaris
693 1195 880 1233 concedit.
903 1197 939 1234 C.
953 1195 983 1232 I.
1013 1194 1078 1233 Dc
1096 1193 1260 1233 Francos
1286 1193 1443 1232 Germa—

211 1260 316 1298 niam
334 1258 368 1298 H
388 1257 572 1295 vastantes
588 1257 756 1304 obsidet,
783 1259 817 1296 s*
831 1258 878 1295 ad
894 1257 1129 1296 deditionem
1153 1256 1254 1295 fame
1271 1255 1444 1306 compel-
1481 1279 1484 1282 >

211 1318 268 1358 lit.
291 1321 340 1358 ll.
367 1318 495 1359 Gallos
517 1318 667 1357 tributis
690 1319 884 1368 oppressos
909 1318 1035 1357 levare
1053 1325 1221 1357 conatur.
1238 1319 1306 1357 III.
1337 1317 1444 1366 ,Jussu

217 1379 428 1419 Constantii
452 1381 493 1419 A.
512 1379 700 1418 obeliscus
727 1380 860 1419 Romae
878 1381 915 1418 in
939 1381 1039 1418 circo
1063 1381 1234 1418 maximo
1253 1379 1447 1418 subrectus

214 1442 480 1482 constituitur:
511 1444 546 1481 δε
569 1443 616 1480 de
639 1441 816 1481 obeliscis
834 1472 844 1489 ,
873 1455 916 1480 ac
942 1443 989 1481 de
1015 1443 1115 1480 notis
1136 1440 1449 1492 hieroglypliiciS.

211 1505 282 1543 IV.
310 1503 548 1543 Constantius
565 1505 606 1545 A.
639 1506 673 1544 ἃ
693 1505 813 1554 Sapor
831 1503 1022 1544 Persarum
1048 1516 1114 1542 rex
1131 1503 1263 1542 frustra
1285 1504 1333 1542 de
1352 1515 1447 1554 pace

214 1580 284 1620 per
305 1566 431 1605 literas
459 1569 494 1606 ἃ
519 1566 664 1618 legatos
687 1576 818 1618 agunt.
850 1569 892 1606 V.
920 1566 1131 1619 Juthungi,
1153 1579 1244 1616 gens
1273 1565 1448 1605 Alaman-

215 1630 303 1667 nica
315 1659 325 1675 ,
339 1630 376 1668 in
393 1629 523 1669 Raetiis
539 1661 549 1678 ‚
569 1643 661 1680 quas
675 1629 982 1681 populabantur,
995 1644 1014 1668 a
1033 1630 1217 1670 Romanis
1240 1630 1318 1669 caesi
1332 1629 1450 1681 fuga-

216 1691 333 1740 tique.
350 1692 416 1730 Vl.
441 1692 676 1731 Nicomedia
703 1701 808 1731 terrae
834 1702 940 1731 motu
963 1692 1146 1742 prostrata
1168 1706 1177 1731 ι
1197 1693 1231 1731 8(
1251 1701 1343 1742 quot
1363 1705 1452 1731 mo-

218 1755 277 1794 dis
302 1766 397 1793 terra
419 1756 622 1804 quatiatur.
644 1757 726 1795 Vll.
750 1755 924 1804 Julianus
939 1756 980 1794 C.
1000 1755 1144 1804 Salios,
1162 1764 1314 1806 gentem
1332 1755 1450 1794 Fran-

220 1817 341 1854 cicam
357 1847 369 1863 ‚
385 1816 421 1854 in
447 1816 683 1855 deditionem
702 1818 868 1868 accipit:
894 1816 1176 1856 Chamavorum
1195 1817 1290 1856 alios
1315 1817 1445 1864 caedst,

218 1876 310 1914 alios
334 1876 464 1925 capit,
489 1875 642 1925 reliquis
664 1890 799 1927 pacem
816 1878 962 1917 tribuit.
987 1879 1090 1916 VIII.
1107 1878 1195 1917 Tria
1213 1877 1448 1918 munimenta

218 1940 267 1978 ad
293 1938 442 1978 mosam
469 1940 594 1978 eversa
615 1953 635 1978 a
653 1940 818 1980 barbaris
844 1941 1044 1987 instaurat,
1064 1942 1095 1979 R·
1117 1953 1136 1978 ει
1162 1938 1281 1976 milite
1306 1938 1450 1979 famem

218 2001 389 2051 patiente
423 2001 570 2051 probris
605 2015 648 2040 ac
681 2004 792 2042 minis
822 2002 1023 2042 inceslitur.
1055 2004 1123 2041 IX.
1167 2002 1387 2040 Suomarius
1414 2004 1450 2042 8:

220 2064 421 2104 Hortarius
448 2063 741 2104 Alamannorum
772 2080 895 2116 reges,
921 2066 1079 2116 captivis
1104 2066 1262 2104 redditis
1279 2096 1289 2111 ‚
1315 2066 1361 2104 ab
1378 2065 1451 2113 Ju-

221 2124 324 2165 liano
344 2125 383 2164 C.
407 2138 538 2175 pacem
567 2128 783 2177 impetrant.
804 2131 854 2167 X.
876 2128 1014 2176 Julian.
1037 2127 1077 2166 C.
1103 2126 1184 2176 post
1202 2139 1257 2165 res
1274 2126 1311 2164 in
1329 2126 1451 2166 Gallia

220 2187 321 2226 bene
348 2187 486 2238 gestaS,
520 2189 558 2227 in
586 2190 670 2230 aula
700 2190 906 2229 Constantii
929 2191 969 2229 A.
995 2189 1041 2228 ab
1071 2188 1208 2226 invidis
1235 2189 1452 2238 deridetur,

221 2248 417 2298 segnisque
444 2251 478 2288 ἃ
501 2250 659 2290 timidus
688 2251 916 2302 appellatur.
941 2252 1012 2290 XI.
1035 2250 1274 2290 Constantius
1304 2251 1343 2289 A.
1367 2251 1454 2289 Sar-

224 2319 344 2350 matas
369 2310 548 2349 dominos
570 2311 661 2350 olim
678 2343 687 2360 ‚
719 2323 800 2352 tum
827 2311 998 2358 exsules,
1025 2313 1059 2350 &
1096 2311 1279 2360 Quados,
1307 2310 1454 2349 Panno-

222 2373 372 2411 niarum
399 2374 433 2411 ἂι
456 2372 598 2412 Moefiae
626 2375 848 2423 vastatores,
875 2375 923 2413 ad
941 2372 1089 2412 obsides
1115 2373 1260 2411 dandos
1276 2375 1309 2412 Sc
1332 2372 1454 2422 capti-

225 2447 294 2473 vos
322 2434 538 2473 reddendos
562 2434 762 2484 compellit
789 2452 797 2476 z
831 2446 944 2485 atque
965 2433 1155 2472 exsulibus
1182 2433 1385 2481 Sarmatis,
1412 2432 1453 2471 in

222 2494 437 2535 libertatem
460 2493 653 2547 avitasque
669 2495 775 2536 sedes
799 2495 1003 2542 restitutis,
1022 2506 1150 2546 regem
1164 2494 1342 2545 imponit.
1358 2491 1451 2532 XII.
