1626 2917
295 123 518 170 RERUM
554 120 896 169 GESTARUM
932 121 1037 167 LlB.
1074 121 1250 169 XXXI.
1333 122 1427 185 287

130 229 351 278 malorum
369 229 608 293 congerie,
630 240 813 290 repente
833 244 932 274 cum
951 226 1127 291 fragore
1151 227 1322 275 coelesti
1341 228 1426 275 im-

130 304 233 357 bres
261 303 457 351 nubibus
488 303 594 349 atris
630 302 752 348 effufi
786 300 1028 363 dispersere
1055 300 1428 349 circumfremen-

128 377 244 424 tium
267 377 430 441 globos
451 395 461 423 :
482 376 737 439 reversique
757 375 813 421 ad
834 375 1003 421 vallum
1024 375 1271 422 dimensum
1293 376 1425 423 tereti

127 447 272 512 figura
301 447 630 511 plaustrorum,
651 447 866 493 immanes
899 447 1077 510 spiritus
1108 448 1241 495 latius
1271 449 1426 512 porri-

129 535 309 586 gentes,
328 521 542 589 jubebant
572 519 736 567 nostris
763 537 841 582 per
867 521 1063 568 minaces
1091 521 1262 581 literas,
1285 525 1333 570 δι
1356 523 1424 569 le-

128 608 280 658 gatum
300 598 325 620 ³*
344 607 518 640 aetatem
533 629 546 651 ,
566 592 653 639 fide
674 592 920 639 retinendae
942 593 1090 641 salutis
1111 607 1307 657 accepta.
1329 597 1424 642 Ve-

127 685 231 714 rum
251 668 442 715 introire
460 684 554 714 non
573 667 679 714 auso
697 703 710 725 ‚
727 666 806 731 qui
827 667 976 714 miffus
998 667 1058 714 est
1076 703 1090 724 ,
1112 685 1191 730 per
1209 669 1425 716 Christia-

127 757 239 787 num
269 742 491 804 quendam
524 741 714 803 po‘rtatis
742 740 914 802 scriptis
943 741 993 787 &
1025 741 1253 798 recitatis,
1283 744 1424 806 utque

128 815 315 863 decebat
333 814 651 878 contemplatis
665 850 678 869 ‚
695 815 898 877 parandis
920 815 1131 878 operibus
1149 814 1422 882 [reliquumjl

127 888 216 934 diei
245 890 295 936 &
323 905 420 935 nox
446 888 594 934 omnis
616 887 826 934 absumta.
856 888 971 933 Nam
997 887 1263 936 intrinsecus
1287 889 1422 936 filici-

127 962 210 1008 bus
229 962 400 1025 magnis
421 961 633 1008 obstrusae
654 961 752 1007 sunt
773 974 941 1024 portae,
964 963 1013 1009 &
1034 962 1255 1008 moenium
1276 962 1421 1011 intuta

126 1034 300 1082 firmata
321 1053 332 1082 τ
355 1029 405 1082 δέ
424 1035 478 1081 ad
499 1034 741 1080 emittenda
759 1034 961 1097 undique
983 1034 1070 1080 tela
1089 1035 1161 1083 vel
1180 1035 1303 1093 saxa,
1322 1048 1420 1083 tor-

125 1120 276 1154 menta
311 1123 391 1169 per
424 1107 554 1153 locos
591 1118 735 1169 aptata
778 1106 878 1153 sunt
920 1106 1088 1154 habiles
1108 1143 1121 1165 ,
1155 1109 1420 1173 aggestaque

124 1197 270 1243 prope
295 1180 516 1228 sufficiens
537 1199 664 1244 aqua.
685 1181 829 1228 Pridie
849 1180 967 1227 enirn
988 1181 1299 1229 dimicantium
1320 1183 1423 1246 qui·

125 1253 227 1300 dam
258 1253 324 1300 fiti
353 1254 549 1318 adusque
577 1253 667 1316 ipsa
697 1253 807 1301 vitae
837 1253 1104 1300 detrimenta
1125 1254 1280 1301 vexati
1305 1255 1419 1304 sunt.

127 1327 307 1373 Contra
328 1326 496 1384 Gothi,
515 1339 772 1388 reputantes
791 1326 994 1373 difficiles
1016 1327 1174 1373 Martis
1196 1342 1387 1376 eventus
1404 1365 1420 1388 ,

126 1400 361 1462 anxiique,
379 1415 483 1446 cum
505 1399 697 1447 sterni&
721 1399 903 1446 sauciari
921 1413 1155 1446 cernerent
1176 1399 1417 1463 fortiores,

125 1474 176 1520 &
209 1473 510 1535 particulatim
534 1474 652 1521 vires
681 1473 775 1521 suas
806 1475 1037 1532 convelli,
1059 1475 1249 1522 astutum
1278 1477 1420 1526 iniere

125 1535 391 1602 consilium,
415 1545 543 1608 quod
573 1546 661 1608 ipsa
685 1547 912 1593 indicante
941 1545 1110 1593 Justitia
1141 1548 1419 1610 publicatum

125 1618 201 1665 est.
219 1619 358 1666 Partis
378 1619 498 1665 enim
525 1620 688 1666 nostrae
711 1620 989 1667 Candidatos
1019 1620 1225 1683 aliquos,
1246 1623 1323 1686 qui
1346 1624 1417 1671 die

125 1693 356 1754 praeterito
371 1693 432 1739 ad
455 1711 532 1740 eos
555 1693 834 1752 defecerant,
862 1693 1112 1756 pellexere,
1134 1707 1182 1740 ut
1212 1695 1417 1743 simulata

125 1765 229 1830 fuga
249 1767 372 1814 velut
388 1769 442 1815 ad
471 1769 653 1831 propria
675 1780 922 1814 remeantes
939 1804 952 1825 ,
970 1767 1085 1814 intra
1104 1785 1258 1816 muros
1280 1769 1415 1817 susci-

125 1839 171 1901 pi
185 1835 238 1885 'se
265 1853 498 1898 curarent,
519 1841 785 1904 ingreffique
806 1840 994 1887 latenter
1015 1841 1235 1904 quandam
1257 1841 1415 1890 incen-

126 1911 283 1977 derent
305 1926 475 1975 partem
495 1926 572 1960 :ut
599 1926 812 1976 tanquam
835 1913 961 1976 figno
989 1914 1137 1960 ere&o
1159 1914 1413 1974 occultius,

125 1983 230 2030 du'rn
270 1985 389 2033 circa
426 1985 796 2048 exstinguendum
841 1985 1100 2033 incendium
1137 1986 1414 2051 distringitur

125 2056 369 2105 multitudo
403 2058 655 2105 clausorum
677 2094 691 2116 ,
727 2056 887 2104 civitas
927 2073 1288 2122 perrumperetur
1323 2061 1410 2108 im-

125 2132 422 2194 propugnata.
444 2133 681 2178 Perrexere
697 2168 710 2190 ,
732 2146 782 2178 ut
801 2131 1007 2179 statutum
1028 2133 1087 2179 est
1105 2170 1117 2191 ,
1141 2135 1377 2182 Candidati
1399 2154 1411 2183 2

127 2204 321 2266 cumque
361 2221 504 2267 prope
538 2203 669 2250 fo'ffas
706 2204 926 2250 veniffent
942 2240 954 2261 ‚
980 2222 1137 2253 manus
1175 2208 1410 2256 tendentes

127 2275 417 2338 orantesque,
451 2290 500 2323 ut
524 2275 758 2323 Romanos
787 2275 923 2322 semet
947 2277 1120 2324 admitti
1149 2280 1406 2342 poscebant.

127 2349 182 2394 Et
201 2348 392 2411 recepti,
411 2349 514 2412 quia
532 2348 652 2396 nulla
670 2360 760 2395 erat
778 2347 987 2411 suspicio,
1003 2366 1106 2413 quae
1127 2363 1318 2412 vetaret,
1339 2351 1406 2409 in-⁴
