1626 2917
221 99 225 102 ’
268 124 488 171 RERUM
525 124 865 171 GESTARUM
901 125 1005 170 ΜΒ.
1041 124 1196 170 XXX.
1293 141 1385 185 217

103 241 239 286 trato,
254 231 380 293 quod
398 230 628 293 poscebat,
649 230 845 286 remiffO,
864 229 1132 292 parabantur
1143 238 1298 291 magna
1322 228 1395 273 in-'

103 303 341 350 strumenta
370 304 596 351 bellorum
615 339 628 362 ‚
660 316 708 350 ut
737 303 914 349 mollita
943 303 1087 348 hieme
1119 303 1393 363 Imperatore

103 375 233 422 trinis
275 376 526 439 agminibus
575 388 849 437 perrupturo
889 374 1109 420 Persidem
1138 409 1151 430 ‚
1195 372 1394 434 ideoque

103 449 371 513 Scytharum
403 449 564 496 auxilia
587 447 739 494 festina
765 446 991 495 celeritate
1018 458 1259 493 mercante.
1278 447 1397 491 Pro-

104 521 212 568 inde
241 538 399 586 parum
419 523 602 585 adeptus
629 538 706 579 ea,
731 538 831 584 quae
867 520 938 582 spe
974 537 1092 568 vana
1122 530 1394 581 conceperat

107 598 252 660 Sapor
273 633 288 656 ‚
313 597 518 661 ultraque
547 596 728 643 solitum
758 595 980 658 asperatus
998 631 1011 652 ‚
1030 594 1156 658 quod
1181 594 1234 640 ad
1265 608 1404 655 expe-t

107 669 329 716 ditionem
369 669 541 732 accingi
575 669 793 715 re&orem
834 677 1117 729 compererat
1152 664 1353 712 nostrum
1378 676 1402 723 ,'

107 741 217 788 iram
250 743 343 805 ejus
376 743 650 789 conculcans
677 742 857 787 Surenae
891 741 1012 787 dedit
1042 739 1276 803 negotium
1298 773 1312 796 ,
1348 747 1402 783 ut

110 831 162 862 ea
174 852 188 873 ,
205 834 306 879 quae
324 816 481 864 Vffior
502 832 652 863 comes
673 816 917 877 susceperat
937 817 985 861 ὅ(
1005 813 1217 861 Urbicius
1233 847 1245 870 ,
1267 810 1403 857 armis

109 899 360 950 repeteret,
380 888 413 933 fi
442 887 673 950 quisquam
703 898 971 950 repugnaret
989 921 1002 940 ‚
1028 887 1077 932 &
1110 885 1273 931 milites
1292 885 1402 929 Sau-

109 960 304 1007 romacis
322 960 527 1023 praesidio
554 959 755 1006 destinati
781 958 906 1005 malis
930 957 1227 1019 affligerentur
1249 968 1403 1002 extre-

109 1031 208 1079 mis.
234 1033 448 1095 Haecque,
464 1044 515 1078 ut
535 1031 767 1088 statuerat,
791 1042 1008 1076 maturata
1031 1027 1295 1082 confestim;
1317 1043 1405 1074 nee

111 1105 337 1152 emendari
357 1117 629 1166 potuerunt,
649 1120 731 1150 nec
766 1102 1021 1160 vindicari,
1042 1101 1146 1164 quia
1178 1117 1271 1147 rem
1303 1101 1405 1146 Ro-

110 1193 289 1223 manam
316 1177 427 1224 alius
459 1175 809 1223 circumsteterat
844 1187 986 1220 metus
1018 1173 1160 1220 totius
1179 1172 1368 1219 Gothiae
1386 1182 1408 1230 ,'

112 1248 331 1297 Thracias
361 1249 568 1297 licentius
603 1247 932 1311 perrumpentis
952 1265 962 1294 :
984 1264 1085 1310 quae
1115 1246 1270 1293 funera
1294 1257 1408 1292 tunc

113 1321 327 1384 explicari
349 1333 564 1385 poterunt
594 1321 782 1384 carptim
804 1356 816 1378 ,
844 1320 874 1365 si
899 1320 952 1364 ad
976 1336 1026 1366 ea
1045 1334 1231 1382 quoque
1261 1333 1407 1363 vene-

114 1395 268 1441 rimus.
288 1396 398 1441 Haec
428 1411 507 1457 per
538 1395 662 1440 Eoos
684 1392 843 1455 agitata
867 1390 964 1437 sunt
989 1391 1164 1436 traEtus.
1188 1391 1407 1449 Quorum

115 1467 233 1512 inter
272 1466 426 1512 seriem
463 1466 697 1512 Africanas
732 1465 906 1523 clades,
936 1466 984 1512 δέ
1019 1463 1270 1527 legatorum
1302 1461 1408 1508 Tri-

116 1540 279 1603 poleos
311 1556 459 1586 manes
488 1541 658 1587 inultos
691 1539 924 1586 etiamtum
945 1540 994 1585 ὃ(
1015 1549 1212 1585 errantes
1244 1535 1410 1599 sempi-

117 1626 272 1660 ternus
304 1613 560 1662 vindicavit
591 1612 773 1661 Justitiae
807 1610 971 1674 vigor,
993 1609 1234 1672 aliquoties
1267 1607 1410 1666 serus,

116 1684 190 1732 sed
209 1684 492 1748 scrupulosus
513 1684 726 1748 quaesitor
745 1681 971 1745 gestorum
990 1682 1126 1739 re&e,
1146 1680 1220 1728 vel
1238 1679 1376 1727 secius
1393 1714 1411 1737 ,

117 1758 211 1805 hoc
244 1757 402 1804 modo.
429 1757 686 1820 Remigius,
711 1772 845 1820 quem
877 1754 1116 1818 populanti
1145 1751 1412 1818 provincias

117 1830 354 1878 retulimus
387 1829 542 1877 comiti
583 1828 737 1875 faviss'e
774 1829 986 1875 Romano
1007 1864 1021 1886 ,
1047 1828 1284 1891 postquam
1313 1829 1410 1873 Leo

119 1901 168 1948 in
195 1899 288 1961 ejus
321 1901 472 1947 locum
509 1899 713 1963 magister
751 1899 834 1945 effe
874 1899 1016 1961 coepit
1055 1899 1348 1957 officiorum,
1384 1916 1411 1946 a

119 1971 380 2019 muneribus
411 1971 668 2033 reipublicae
708 1969 796 2031 jam
836 1971 1101 2034 quiescens,
1135 1971 1328 2034 negotiis
1365 1970 1410 2016 se

120 2045 340 2091 ruralibus
366 2045 487 2091 dedit
519 2060 661 2106 prope
689 2044 1035 2106 Mogontiacum
1061 2043 1109 2090 in
1142 2044 1411 2106 genitalibus

121 2116 251 2164 locis.
272 2118 423 2177 Quem
446 2116 508 2163 ibi
528 2128 779 2162 morantem
803 2116 1021 2174 securius,
1042 2116 1275 2178 praefedhts
1297 2133 1411 2179 prae-

121 2188 246 2243 torio
277 2188 551 2235 Maximinus
584 2188 815 2235 reversum
845 2189 899 2234 ad
923 2189 1065 2235 otium
1094 2188 1302 2251 spernens
1321 2225 1332 2245 ,
1361 2203 1412 2235 ut

124 2257 294 2305 solebat
327 2259 434 2305 dirae
467 2259 550 2305 luis
591 2259 677 2306 ritu
711 2259 889 2322 grassari
925 2276 1004 2321 per
1037 2260 1189 2306 omnia
1209 2296 1223 2317 ,
1251 2260 1412 2305 laedere

126 2329 275 2378 modis
294 2365 306 2389 ,
325 2330 486 2394 quibus
506 2343 684 2393 poterat
704 2366 716 2386 ‚
742 2330 968 2378 affectabat
990 2349 1002 2379 t
1021 2344 1158 2396 utque
1179 2333 1412 2378 rimaretur

128 2402 286 2469 plura,
309 2420 409 2469 quae
436 2405 663 2465 latebant,
695 2403 964 2467 Caesarium,
992 2407 1178 2454 antehac
1203 2405 1300 2467 ejus
1324 2406 1410 2460 clo-3
