1626 2917
370 163 588 211 RERUM
620 161 960 211 GESTARUM
990 162 1092 210 Lm.
1125 162 1255 211 xlv,
1399 183 1449 228 μ

178 269 334 334 jurgiis
365 270 505 335 longe
530 269 772 317 discretus:
801 269 907 334 qui,
941 282 1062 317 metu
1098 270 1160 315 sui
1193 269 1459 318 discriminis

178 345 364 405 anxius,
391 357 494 392 curn
524 345 802 392 accusatores
832 344 1177 407 quaesitoresque
1207 343 1458 393 subditivos

176 418 257 465 fibi
294 418 582 466 consociatos
615 436 672 465 ex
704 419 856 465 iisdem
890 417 1276 472 foveis,cerneret
1313 435 1459 466 emer-

176 502 355 553 gentes,
395 508 498 554 quae
532 491 645 537 clam
682 490 888 553 palamve
922 491 1230 553 agitabantur,
1265 492 1461 539 occultis

176 561 490 609 Constantium
522 562 660 609 literis
693 563 938 619 edocebat,
971 562 1216 623 implorans
1244 562 1458 623 subsidia,

175 649 370 696 quorum
390 647 512 682 metu
543 647 695 681 tumor
717 634 967 682 notiflimus
1001 635 1187 683 Caesaris
1215 637 1458 686 exhalaret.

173 707 259 752 Sed
294 708 466 755 cautela
503 707 640 754 nimia
676 708 721 753 in
762 707 941 770 pejores
974 708 1153 755 haeserat
1194 709 1373 773 plagaS‚
1408 723 1460 758 ut

175 780 450 828 narrabimus
472 780 619 843 postea
631 817 643 836 ‚
659 780 830 826 aemulis
847 780 1262 827 consarcinantibus
1281 782 1459 829 infidias

174 869 332 915 graves
360 853 478 915 apud
512 852 856 910 Constantium,
887 865 1033 899 cetera
1065 854 1261 900 medium
1290 855 1459 917 princi-

173 941 275 986 pem
292 960 307 982 ,
328 925 400 972 sed
426 925 456 971 fi
480 926 590 989 quid
615 925 794 972 auribus
818 923 912 985 ejus
936 923 1194 986 hujusmodi
1217 926 1364 988 quivis
1390 928 1458 974 in-

174 994 350 1043 fudisset
373 996 582 1061 ignotus,
615 996 827 1043 acerbum
859 997 910 1043 &
937 996 1264 1059 implacabilem
1283 1034 1296 1055 ,
1330 1002 1380 1048 &
1408 1001 1457 1048 in

173 1072 264 1118 hoc
302 1072 530 1120 causarum
565 1071 700 1119 titulo
737 1062 987 1118 diffimileni
1019 1072 1097 1119 sui.
1129 1073 1353 1132 Proinde,
1385 1075 1457 1122 die

171 1143 352 1191 funestis
386 1138 820 1208 interrogationibus
854 1144 1106 1208 praestituto
1123 1180 1139 1202 ‚
1169 1145 1456 1208 imaginarius

170 1217 306 1279 judex
331 1219 532 1282 equitum
560 1218 720 1265 resedit
745 1217 977 1282 magister,
999 1218 1207 1265 adhibitis
1224 1220 1349 1279 aliis,
1366 1220 1456 1281 jam

142 1343 146 1349 k
170 1307 274 1354 quae
291 1292 427 1340 effent
442 1293 610 1356 agenda
629 1292 885 1354 praedoffis:
899 1293 948 1338 &
964 1290 1212 1337 assistebant
1229 1291 1336 1339 hinc
1350 1293 1457 1340 inde

172 1365 363 1424 notarii,
395 1366 507 1429 quid
535 1364 767 1428 quaefitum
794 1363 927 1422 effer,
963 1364 1131 1426 quidve
1163 1363 1455 1426 responsum,

174 1439 334 1498 cursim
359 1440 414 1485 ad
436 1438 654 1485 Caesarem
677 1436 945 1499 perferentes
967 1455 976 1482 :
999 1436 1125 1498 cujus
1146 1436 1337 1499 imperio
1357 1450 1455 1485 tru-

174 1511 242 1569 ci,
273 1528 323 1559 ac
348 1511 532 1558 stimulis
562 1511 756 1574 reginae,
783 1505 1042 1557 exsertantis
1074 1526 1226 1556 aurem
1264 1509 1453 1558 subinde

172 1600 251 1645 per
277 1583 496 1640 aulaeum,
518 1599 602 1630 nec
632 1583 801 1628 diluere
827 1581 1001 1642 objecta
1020 1581 1211 1643 permiffi
1227 1617 1239 1638 ,
1264 1598 1346 1629 nec
1371 1584 1453 1629 de-

171 1656 279 1703 fenfi
312 1657 482 1719 periere
510 1656 782 1719 complures.
810 1654 946 1701 Primi
978 1654 1114 1718 igitur
1139 1655 1343 1701 omnium
1366 1655 1455 1702 sta-

171 1731 630 1800 tuunturEpigonius
653 1732 702 1777 ὅτ.
731 1729 945 1776 Eusebius
960 1765 974 1787 ,
1005 1729 1066 1776 ob
1085 1727 1322 1775 nominum
1342 1746 1450 1793 gen-

171 1803 376 1850 tilitatem
393 1803 602 1865 oppreffi,
628 1802 917 1849 Praediximus
937 1801 1054 1848 enim
1068 1838 1081 1859 ,
1098 1801 1324 1848 Montium
1337 1836 1352 1859 ‚
1371 1801 1450 1847 sub

170 1875 266 1937 ipso
295 1875 487 1922 vivendi
515 1875 708 1922 termino
726 1910 740 1932 ,
756 1874 1088 1922 his‘'vocabttlis
1113 1874 1358 1936 appellatos
1381 1873 1448 1919 fa-

168 1950 394 1998 bricarum
425 1949 616 2012 culpaffe
645 1949 878 2006 tribuno‘3‚
909 1961 960 1994 ut
990 1947 1260 1995 adminicula
1287 1947 1448 1994 futura:

169 2023 401 2070 molitioni
422 2023 668 2086 pollicitos.
698 2025 754 2068 Et
780 2021 1027 2085 Epigonius
1054 2021 1259 2086 quidem,
1285 2022 1446 2067 amissu

168 2109 299 2144 tenus
324 2097 621 2160 philosophus
637 2132 649 2153 ‚
670 2107 719 2142 ut
739 2095 966 2157 apparuit,
995 2111 1126 2157 prece
1158 2094 1314 2141 frustra
1344 2107 1446 2140 ten-

170 2180 281 2226 tata,
317 2168 495 2216 sulcatis
529 2168 765 2224 lateribus,
798 2168 1042 2230 mortisque
1075 2179 1197 2214 metu
1228 2168 1447 2224 admoto,

168 2240 287 2303 turpi
319 2240 598 2295 confessione
625 2240 926 2303 cogitatorum
961 2240 1161 2294 socium,
1192 2256 1293 2303 quae
1325 2240 1448 2286 nulla

170 2325 323 2371 erant,
350 2314 474 2362 fuiffe
501 2313 724 2372 firmavit,
747 2331 849 2360 cum
868 2331 951 2360 nec
976 2314 1152 2361 vidisset
1172 2313 1444 2377 quidquam,

166 2404 251 2434 nec
277 2389 483 2446 audisset,
510 2389 686 2452 penitus
707 2387 1132 2451 experstforensium
1158 2405 1305 2434 rerum
1326 2406 1337 2434 :
1355 2390 1443 2433 Eu-

167 2459 312 2519 sebius
341 2478 454 2511 vero
487 2461 661 2524 objecta
688 2461 894 2509 fidentius
925 2478 1088 2526 negans
1105 2497 1118 2520 ,
1145 2460 1372 2524 suspensus
1398 2460 1446 2506 in
