1626 2917
251 175 335 237 178
436 172 783 221 ΑΜΜῘΑΝῘ
830 174 1330 226 MARCELLINI

240 281 359 344 apud
372 302 450 329 nos
469 284 700 347 constabat,
723 285 830 329 bunc
847 281 945 346 ff,
964 287 1033 344 qui
1042 286 1295 344 post-ebatur.
1314 285 1520 350 Cumque

240 357 381 404 totius
415 355 479 401 rei
508 354 728 402 notitiam
751 355 811 402 ita
842 355 1004 418 signate
1038 355 1118 403 sub
1148 358 1292 404 oculis
1321 358 1520 420 judicum

238 428 485 489 subjeciffet
502 464 515 486 ,
541 428 699 488 adjecit
725 427 951 475 benevole
967 463 981 485 ‚
1000 428 1045 474 id
1064 429 1363 476 Theodorum
1390 433 1520 492 peni-

237 514 309 548 tus
336 495 557 565 ignorare.
587 501 808 548 Post'haec
832 501 1122 564 interrogati,
1145 519 1200 548 an
1230 518 1285 549 ex
1314 502 1399 549 fide
1419 504 1518 552 sor-

236 575 369 631 tium,
393 593 500 640 quas
524 576 778 639 agitabant,
805 592 853 622 ea
883 575 1181 638 praescierint,
1201 594 1303 639 quae
1332 577 1516 626 sustine-

235 662 335 697 rent
354 669 365 699 :
387 651 537 698 versus
557 651 661 698 illos
680 651 932 699 notissimos
952 652 1153 710 edidere,
1174 652 1289 700 clare
1309 669 1518 716 pronun-

233 726 395 773 tiantes
419 726 650 789 capitalem
675 725 738 773 eis
764 726 880 772 hanc
909 743 1094 789 operam
1119 726 1345 774 scrutandi
1376 728 1515 775 subli-

233 797 381 845 miora
402 797 495 844 cito
529 797 721 844 futuram
741 815 753 845 z
774 797 1067 846 nihilominus
1097 811 1244 845 tamen
1273 798 1370 861 ipfis
1391 815 1514 862 quo-

231 887 320 933 que
346 886 458 918 cum·
476 870 799 933 cognitoribus·
813 869 1013 933 principi
1045 871 1186 918 caedes
1216 870 1515 935 incendiaque

231 942 478 1005 flagitantes
519 941 657 989 furias
695 942 960 1009 imminere:
992 960 1188 1007 quorum
1222 954 1310 992 tres
1343 960 1514 1008 ponere

231 1015 418 1063 sufficiet
449 1014 669 1081 ultimos:
703 1035 711 1076 j
747 1038 749 1040 *
911 1037 916 1040 ·

283 1138 340 1176 Oa)
362 1138 441 1187 μὰν
462 1135 608 1177 νηποινί
628 1151 679 1190 ’γε
704 1140 766 1177 σὶιν
792 1136 957 1177 ἔσσεται
980 1132 1111 1186 αἷμα,
1132 1135 1200 1175 καὶ
1224 1131 1357 1177 orbator:

284 1205 454 1255 Τισιφόνη
480 1203 684 1258 βαρύμηνις
712 1204 918 1253 ecardo-cea
947 1206 1065 1243 nam
1093 1198 1211 1252 οἶτον,

282 1278 335 1318 Ἐν
371 1274 541 1317 vesicam
571 1276 769 1325 Μίμαντος·
801 1286 900 1314 amoc
926 1274 1140 1326 καιομένοις
1163 1274 1249 1327 mig.

228 1382 409 1444 Quibus
445 1380 565 1428 lectis
582 1417 596 1438 ‚
628 1379 851 1443 unguibus
885 1379 999 1426 male
1035 1379 1217 1428 mulcati
1252 1380 1507 1444 separantur

227 1454 467 1501 exanimes.
488 1452 642 1500 Postea
661 1466 709 1498 ut
730 1451 915 1515 cogitati
938 1451 1112 1500 sceleris
1137 1452 1321 1501 officina
1337 1467 1504 1516 pateret

227 1540 402 1590 aperte,
437 1526 771 1571 honoratorum
815 1523 1044 1571 inducitur
1081 1524 1242 1587 globus
1257 1560 1275 1582 ,
1312 1527 1504 1574 vertices

223 1600 342 1664 ipsos
362 1598 599 1647 continens
614 1614 775 1644 rerum.
793 1598 1000 1661 Cumque
1019 1596 1134 1643 nihil
1153 1612 1313 1661 praeter
1329 1598 1371 1646 se
1387 1600 1506 1663 quis·

223 1688 311 1737 que
338 1686 522 1719 cernens
537 1707 551 1729 ‚
577 1670 751 1716 ruinam
771 1670 892 1716 suam
917 1669 1165 1732 impelleret
1187 1668 1314 1732 super
1336 1670 1472 1718 alium
1488 1709 1504 1732 ‚

222 1745 430 1811 permissu
462 1744 752 1808 quaefitorum
783 1755 990 1805 coeptans
1023 1740 1171 1788 dicere
1198 1742 1502 1804 Theodorus,

219 1819 368 1884 primo
390 1819 434 1864 in
455 1832 633 1881 precem
664 1815 887 1863 venialem
916 1815 1184 1878 prostratus,
1211 1815 1312 1862 dein
1341 1816 1501 1865 areiius

218 1892 487 1956 respondere
508 1888 785 1953 compulsus,
805 1886 1025 1945 ostendit,
1046 1886 1087 1933 se
1104 1887 1285 1951 cognita
1309 1905 1388 1950 per
1404 1890 1498 1937 Eu·-

218 1966 377 2015 serium
393 2000 405 2020 ,
429 1981 484 2011 ne
506 1964 561 2011 ad
579 1966 899 2025 Imperatorem
929 1960 1136 2018 referret,
1159 1974 1208 2007 ut
1224 1975 1414 2009 conatus
1433 1964 1496 2011 est

215 2038 452 2104 aliquoties
468 2074 482 2096 ,
503 2037 558 2084 ab
575 2053 631 2083 eo
658 2035 962 2099 prohibitum,
984 2034 1220 2091 afferente,
1238 2050 1331 2081 non
1357 2052 1496 2098 appe-

215 2112 299 2160 titu
338 2112 461 2174 regni
495 2108 747 2172 occupandi
780 2107 967 2165 illicito,
995 2108 1068 2154 sed
1101 2106 1276 2153 ratione
1305 2109 1496 2170 quadam

212 2183 540 2234 indeclinabilis
557 2181 638 2229 fati
655 2181 725 2241 id,
744 2181 866 2244 quod
885 2181 1162 2244 sperabatur,
1187 2179 1311 2226 ultro
1330 2194 1493 2227 ventu·-

211 2276 326 2306 rum.
355 2257 536 2304 Deinde
556 2256 651 2302 haec
670 2255 822 2301 eadem
847 2252 1029 2300 Euserio
1052 2252 1129 2298 sub
1158 2267 1342 2298 cruenta
1366 2269 1490 2315 quae-

211 2332 355 2379 stione
370 2328 571 2377 confesso
585 2365 600 2388 ,
614 2326 911 2376 confutabant
920 2325 1214 2374 Theodorum
1229 2325 1366 2372 literae
1379 2325 1464 2371 suae
1473 2361 1488 2384 ,

209 2421 290 2467 per
314 2403 518 2465 ambages
539 2402 747 2464 obliquas
780 2401 835 2446 ad
862 2398 1080 2446 Hilarium
1104 2397 1306 2459 scriptae:
1327 2397 1487 2460 quibus

207 2476 282 2541 spe
301 2474 391 2540 jam
411 2472 537 2524 firma
560 2484 783 2537 concepta
807 2489 864 2519 ex
883 2470 1086 2529 vatibuS‚
1107 2470 1161 2518 de
1181 2486 1228 2518 re
1252 2485 1349 2517 non
1376 2485 1487 2518 cun-
