1626 2917
177 189 236 249 38
388 187 716 235 AMMlANl
767 185 1238 233 MARCELLtNt

175 299 395 354 gerentur.
416 292 470 336 Et
488 305 542 336 ne
564 287 673 351 quid
702 286 990 351 suspicaretur
1008 287 1178 336 adversi
1199 292 1448 345 venturus,

177 362 374 410 vicarius
406 361 501 422 ejus
522 396 534 418 ,
568 362 673 407 dum
698 360 839 420 redit,
870 360 1060 423 Prosper
1088 359 1237 407 missus
1273 359 1334 406 est
1363 375 1449 407 co-

176 450 270 480 mes
294 452 304 479 :
329 432 609 494 acceptisque
638 430 802 490 literis,
829 432 879 480 &
910 430 1042 495 copia
1069 430 1135 477 rei
1164 429 1451 479 vehiculariae

180 506 306 565 dara,
336 505 644 551 Mediolanum
669 541 683 564 ‚
723 505 957 554 itineribus
985 506 1322 570 properavimus
1357 521 1454 552 ma-

179 577 294 642 gnis.
319 577 523 624 Restabat
537 613 552 635 ,
568 589 618 624 ut
642 579 788 625 Caesar
808 579 908 642 post
932 581 1029 628 haec
1051 591 1314 643 properaret
1333 579 1455 627 acci-

183 666 256 699 tus
276 671 285 698 :
305 654 353 699 δε
367 652 664 716 abstergendae
683 652 809 700 causa
826 652 1082 715 suspicionis
1099 653 1300 701 sororem
1320 653 1458 712 suam,

184 725 281 786 ejus
306 741 493 772 uxorem
511 762 529 783 ,
559 725 849 774 Constantius
881 726 937 772 ad
959 726 1002 773 se
1028 728 1207 774 tandem
1242 727 1461 774 defidera-

186 810 278 843 tam
311 797 469 845 venire
503 797 654 845 multis
690 797 887 862 fictisque
922 798 1148 847 blanditiis
1185 799 1461 846 hortabatur.

188 870 309 929 Quae
330 869 433 916 licet
463 869 704 934 ambigeret
720 905 733 926 ‚
754 882 957 918 metuens
976 870 1090 935 saepe
1114 869 1464 932 cruentum,spe

188 953 358 1002 tamen,
380 943 508 1006 quod
525 959 624 989 eum
642 943 780 990 lenire
798 955 972 1006 poterat
989 956 1038 990 ut
1058 960 1316 1007 germanum
1330 978 1345 1000 ,
1357 957 1465 1005 pro-

189 1015 332 1073 fecta,
360 1033 461 1063 cum
485 1016 744 1081 Bithyniam
775 1017 994 1065 introisset
1015 1053 1030 1075 ,
1050 1018 1098 1064 in
1124 1016 1340 1074 statione,
1363 1031 1466 1079 quae

191 1090 359 1136 Caenos
390 1089 653 1138 Gallicanos
683 1091 928 1154 appellatur
947 1126 963 1147 ,
989 1089 1188 1137 absumta
1220 1088 1282 1135 est
1317 1088 1368 1136 vi
1397 1087 1469 1134 fe-

192 1162 340 1208 brium
367 1162 611 1225 repentina.
643 1163 786 1223 Cujus
812 1162 911 1225 post
929 1161 1103 1209 obitum
1127 1161 1330 1220 maritus,
1352 1177 1470 1209 con-

193 1234 412 1295 templans
440 1233 642 1281 cecidiffe
671 1233 877 1281 fiduciam
899 1270 912 1293 ,
947 1251 1035 1298 qua
1057 1233 1100 1280 se
1129 1233 1289 1280 fultum
1319 1231 1470 1279 existi-

197 1308 368 1362 mabat,
390 1307 519 1353 anxia
547 1307 841 1370 cogitatione,
862 1306 968 1370 quid
986 1307 1244 1366 moliretur,
1265 1306 1473 1353 haerebat.

197 1382 318 1426 inter
343 1396 412 1427 res
442 1379 561 1426 enim
583 1379 814 1442 impeditas
836 1381 885 1427 &
904 1379 1100 1427 turbidas
1116 1415 1130 1438 ,
1151 1380 1205 1426 ad
1222 1380 1314 1426 hoc
1332 1396 1473 1427 unum

198 1466 395 1501 mentem
442 1452 676 1500 sollicitam
717 1452 933 1514 dirigebat
961 1487 975 1510 ,
1011 1451 1139 1513 quod
1183 1451 1475 1498 Constantius

200 1528 358 1574 cuneta
392 1527 445 1574 ad
479 1526 598 1574 suam
624 1525 883 1573 sententiam
916 1525 1183 1583 conferens,
1205 1541 1288 1572 nec
1307 1523 1476 1571 satisfa-

200 1600 398 1646 &ionem
418 1598 621 1661 suscipiet
641 1599 859 1662 aliquam,
881 1614 962 1644 nec
980 1597 1135 1644 erratis
1159 1596 1385 1660 ignoscet:
1405 1596 1479 1644 sed

203 1683 255 1719 ut
284 1685 376 1719 erat
405 1673 452 1718 in
483 1671 831 1735 propinquitatis
858 1670 1100 1734 perniciem
1119 1670 1400 1728 inclinatior,
1421 1670 1480 1718 la·
1550 1679 1554 1683 ⁴

204 1762 347 1810 queos
375 1745 414 1791 ei
442 1744 630 1791 latenter
654 1745 902 1791 obtendens
918 1780 932 1802 ,
968 1743 997 1789 fi
1017 1742 1194 1804 cepisset
1223 1742 1479 1800 incautum,

207 1830 356 1866 morte
385 1817 628 1864 mulctaret.
653 1820 720 1863 Eo
741 1816 999 1864 neceffitatis
1025 1815 1235 1862 adductus
1255 1851 1268 1873 ,
1299 1815 1478 1862 ultima-

206 1908 319 1954 que,
342 1889 388 1936 ni
416 1889 653 1951 vigilasset,
681 1889 944 1951 opperiens,
966 1886 1212 1950 principem
1238 1886 1417 1944 locum,
1448 1886 1480 1932 fi

208 1979 298 2026 qua
315 1961 516 2024 patuisset
537 1961 690 2025 copia,
710 1961 936 2010 affectabat
953 1979 964 2006 ε
982 1959 1055 2007 sed
1076 1958 1302 2022 perfidiam
1322 1959 1482 2023 proxi-

206 2052 388 2084 morum
404 2036 580 2084 ratione
602 2037 757 2083 bifaria
774 2035 1026 2089 verebatur,
1045 2033 1122 2097 qui
1144 2050 1244 2079 eum
1264 2045 1313 2079 ut
1331 2046 1482 2080 trucu-
1530 2059 1534 2063 ·

210 2111 384 2157 lentum
408 2110 651 2156 horrebant
670 2111 718 2157 &
741 2110 889 2156 levem
907 2143 921 2166 ,
940 2106 1104 2170 quique
1124 2105 1328 2152 altiorem
1352 2106 1483 2151 Con-

212 2183 358 2230 stantii
379 2182 607 2230 fortunam
622 2184 669 2229 in
687 2181 916 2230 discordiis
936 2179 1146 2228 civilibus
1165 2178 1484 2225 formidabant.

211 2259 329 2304 Inter
365 2257 442 2303 has
479 2275 685 2304 curarum
725 2257 868 2303 moles
906 2253 1137 2302 immensas
1156 2289 1170 2311 ,
1203 2251 1485 2315 Imperatoris

213 2329 373 2391 scripta
397 2328 656 2392 suscipiebat
687 2329 844 2378 affidua
859 2325 1111 2386 ,monentis
1135 2326 1416 2388 orantisque,
1438 2336 1487 2371 ut

211 2401 267 2448 ad
287 2401 329 2451 se
355 2401 560 2460 veniret,
582 2403 632 2449 δε
658 2416 806 2449 mente
832 2397 1115 2448 monstrantis
1141 2398 1353 2461 obliqua,
1371 2412 1488 2443 rem-

212 2475 438 2538 publicam
461 2491 544 2526 nec
563 2476 683 2541 posse
708 2476 873 2536 dividi,
900 2489 981 2523 nec
1003 2473 1191 2532 debere,
1209 2471 1281 2520 sed
1302 2487 1387 2535 pro
1411 2469 1483 2519 vi-
