1626 2917
334 221 556 269 RERUM
590 219 929 268 GESTARUM
963 220 1067 267 LIB.
1103 218 1235 266 XIX.
1342 236 1425 283 195

153 346 260 393 pra,
289 344 347 375 an
374 327 652 374 multitudini
678 326 928 374 transcensu
959 325 1175 374 scalarum
1202 325 1290 388 jam
1308 342 1430 389 vpro-

153 401 404 465 pugnacula
425 401 519 464 ipsa
534 400 758 464 prensanti
773 437 787 458 ,
809 401 1025 447 dividitur
1045 416 1180 462 opera
1199 417 1210 446 ε
1229 401 1277 447 &
1291 413 1435 446 trans-

153 477 255 523 latae
272 475 470 523 leviores
489 475 688 538 quinque
711 473 893 520 ballistae
917 486 1074 520 contra
1090 473 1246 519 turrim
1267 474 1429 520 locan-

156 563 230 598 tur
249 568 261 598 :
279 567 378 615 quae
395 549 524 597 ocius
545 548 690 611 lignea
712 548 798 594 tela
818 547 1051 594 fundentes
1067 583 1080 605 ‚
1101 563 1433 610 nonnunquam

155 625 291 672 binos
317 623 555 671 forabant:
587 639 610 668 e
643 622 806 684 quibus
834 639 932 684 pars
972 621 1167 684 graviter
1204 621 1432 668 vulnerati

157 697 377 744 ruebant:
406 696 479 744 alii
509 695 814 742 machinarum
847 710 971 741 metu
1003 694 1277 741 stridentium
1314 711 1433 756 prae-

160 768 318 831 cipites
344 768 456 827 affl,
484 767 655 814 laniatis
680 766 948 829 corporibus
968 766 1220 813 interibant.
1253 766 1434 826 Quibus

160 840 247 888 hac
275 840 498 887 celeritate
538 838 752 886 confeffis
780 874 794 896 ,
835 839 1066 901 relatisque
1094 840 1148 885 ad
1183 839 1284 885 loca
1318 838 1437 886 sueta

161 911 432 970 tormentis,
468 912 605 975 paulo
636 911 831 958 securius
876 911 1047 957 moenia
1076 910 1281 957 omnium
1318 927 1436 957 con-

164 984 296 1033 cursu
334 983 694 1030 desendebantur.
729 985 787 1029 Et
824 983 1041 1045 quoniam
1078 984 1262 1045 augebat
1310 1000 1439 1031 curas

162 1057 356 1104 militum
394 1056 619 1104 scelestum
655 1054 829 1102 facinus
864 1054 1090 1118 perfugae,
1129 1055 1247 1118 quasi
1275 1056 1438 1102 decur-

164 1144 312 1179 rentes
353 1131 401 1177 in
430 1131 610 1193 planum
633 1165 647 1188 ‚
689 1130 750 1177 ita
782 1128 1025 1190 jaculantes
1058 1129 1233 1176 diversa
1265 1130 1439 1177 misfilia

164 1204 343 1251 lacertis
367 1203 561 1250 fortibus
581 1203 930 1261 incumbebant,
954 1216 1005 1250 ut
1040 1206 1188 1249 Vertae
1225 1203 1272 1249 in
1302 1206 1440 1251 meri-

167 1279 287 1324 diem
324 1277 568 1341 degentes,
608 1277 847 1325 vulnerum
890 1277 982 1325 acri
1021 1277 1193 1340 repulsa
1230 1277 1397 1338 disjeffi
1427 1314 1442 1337 ‚

167 1351 446 1399 lacrimantes
481 1350 786 1414 complurium
832 1363 1002 1398 mortes
1038 1350 1230 1397 tentoria
1265 1366 1444 1413 repete-

166 1437 270 1468 rent
296 1434 431 1470 metu.

238 1495 315 1540 VI.
343 1493 601 1556 Adspiravit
628 1510 779 1540 auram
809 1493 1030 1556 quandam
1060 1492 1209 1540 salutis
1235 1493 1418 1539 fortuna
1428 1529 1447 1554 2

173 1567 368 1616 innoxio
397 1567 468 1613 die
496 1583 597 1615 cum
626 1566 776 1613 hostili
800 1567 923 1614 clade
955 1566 1164 1613 emenso:
1192 1566 1318 1628 cujus
1343 1567 1448 1613 reli-

176 1658 273 1705 quo
318 1654 522 1704 tempore
564 1641 618 1687 ad
653 1641 848 1704 quietem
885 1639 1134 1688 reficiendis
1176 1640 1450 1702 corporibus

177 1716 283 1762 dato
303 1751 317 1772 ‚
353 1714 541 1777 posterae
561 1713 672 1761 lucis
693 1713 826 1760 initio
848 1730 905 1760 ex
927 1729 1026 1761 arce
1052 1712 1332 1759 innumeram
1353 1730 1451 1760 cer-

176 1789 326 1835 nimus
355 1787 527 1850 plebem
545 1823 558 1845 ,
588 1805 688 1850 quae
720 1788 844 1833 Ziata
869 1801 1003 1848 capto
1033 1785 1211 1833 castello
1234 1787 1288 1832 ad
1307 1786 1451 1834 hosti-

180 1878 283 1908 cum
314 1859 585 1907 ducebatur:
616 1860 670 1906 ad
698 1876 838 1922 quem·
862 1857 1014 1906 locum
1049 1871 1097 1904 ut
1125 1857 1454 1920 capacissimum

180 1936 230 1984 &
259 1931 480 1979 munitum
515 1930 695 1995 (spatio
723 1931 889 1994 quippe
909 1931 1060 1977 decem
1086 1930 1326 1977 stadiorum
1354 1948 1452 1978 am-

179 2002 336 2068 bitur)
352 2004 603 2067 promiscua
622 2003 885 2067 confugerat
905 2004 1165 2051 multitudo.
1184 2005 1300 2050 Nam
1322 2005 1455 2057 etiam

181 2077 264 2123 alia
283 2076 562 2124 munimenta
582 2077 734 2124 iisdem
751 2077 904 2125 diebus
923 2090 1045 2139 rapta
1068 2076 1167 2123 sunt
1183 2078 1232 2124 &
1251 2077 1426 2125 incensa
1439 2113 1456 2137 ‚

183 2150 303 2195 unde
334 2148 570 2196 hominum
595 2151 731 2197 millia
765 2150 958 2196 extra&a
990 2149 1223 2211 complura
1248 2150 1456 2198 servituri

185 2222 483 2285 sequebantur
505 2241 517 2270 :
536 2224 653 2271 inter
680 2241 796 2287 quos
820 2223 949 2270 multi
972 2222 1140 2269 senecta
1174 2222 1376 2282 infirmi,
1407 2228 1458 2273 &

185 2292 392 2340 mulieres
417 2293 504 2355 jam
526 2294 777 2357 grandaevae
797 2326 812 2349 ‚
841 2311 942 2340 cum
964 2310 1020 2339 ex
1048 2292 1185 2340 variis
1219 2293 1460 2343 deficerent

187 2364 328 2413 caufis
348 2401 364 2423 ,
389 2366 559 2414 itineris
588 2367 920 2431 longinquitate
948 2366 1127 2413 offensae
1145 2401 1160 2424 ‚
1191 2366 1357 2429 abje&a
1392 2370 1464 2418 vi-

188 2438 331 2484 vendi
361 2440 602 2503 cupiditate
621 2476 635 2495 ,
668 2440 777 2487 suris
804 2440 878 2486 vel
903 2438 1211 2502 suffraginibus
1231 2437 1462 2503 relinque·

189 2511 355 2560 bantur
380 2513 573 2564 exseffis.
595 2514 686 2562 Has
711 2513 977 2563 miserabiles
1002 2528 1169 2561 turmas
1206 2513 1325 2561 Galli
1344 2514 1462 2562 mili-

1097 2587 1208 2634 N2.
