1626 2917
261 152 483 225 RERUM
519 151 857 199 GESTARUM
888 151 994 198 ΠΒ.
1023 152 1201 199 XXXI.
1286 169 1372 211 251

85 260 297 315 fiduciam
321 262 617 326 repugnandi,
632 262 805 309 cautius
826 261 1102 310 discedentes
1122 259 1176 307 ad
1203 276 1382 305 amnem

85 335 337 383 Danastum
381 347 691 398 pervenerunt
717 370 730 392 ‚
774 335 893 381 inter
932 334 1084 380 Istrum
1132 335 1181 380 &
1226 334 1383 394 Bory-

85 408 288 456 sthenem
336 426 414 471 per
447 426 711 471 camporum
744 408 889 464 ampla
924 407 1063 469 spatia
1090 407 1383 453 diffluentem.

85 482 196 530 Haec
217 483 275 530 ita
297 495 458 546 praeter
484 482 604 545 spem
626 481 832 530 accidisse
867 483 1026 533 doctus
1047 480 1345 527 Athanaricus
1367 513 1383 536 ‚

86 555 461 619 Thervingorum
497 554 637 616 judex
668 553 752 619 (in
787 571 949 615 quem,
973 565 1022 599 ut
1059 566 1162 599 ante
1195 550 1388 618 relatum

84 628 149 676 est
169 665 185 686 ,
208 628 270 675 ob
288 627 454 675 auxilia
475 627 597 675 miffa
620 625 855 689 Procopio
881 625 1048 672 dudum
1069 624 1235 672 Valens
1255 640 1386 671 com-

85 714 297 750 moverat
337 699 494 766 signa)
531 701 639 748 stare
675 700 813 765 gradu
842 698 938 746 fixo
969 699 1170 764 tentabat
1190 734 1204 757 ,
1234 697 1388 747 sune-3

86 777 235 824 &urus
261 777 306 823 in
334 776 455 823 vires
473 813 486 833 ,
509 775 540 822 fi
569 774 659 838 ipse
690 791 874 838 quoque
905 772 1211 827 lacesseretur,
1236 783 1285 818 ut
1308 780 1389 819 ced.

85 850 188 899 teri.
220 850 381 898 Castris
428 850 621 914 denique
661 865 804 913 prope
844 846 1032 895 Danasti
1069 846 1293 909 margines
1333 862 1388 892 ac

87 924 495 988 Greuthungorum
530 923 695 971 vallem
736 922 917 985 longius
958 934 1218 984 opportune
1251 932 1390 966 meta-

82 996 172 1056 xis,
198 997 546 1044 Munderichum
580 998 740 1043 ducem
771 995 921 1058 postea
961 993 1116 1039 limitis
1156 1010 1236 1055 per
1271 993 1402 1047 Ara-rx

88 1069 241 1128 biam,
275 1087 377 1118 cum
404 1067 701 1133 Lagarimano
727 1069 777 1114 &
805 1067 1103 1130 optimatibus
1139 1065 1234 1112 aliis
1261 1064 1390 1111 adus-

88 1160 178 1207 que
212 1143 470 1190 vicefimum
504 1141 697 1204 lapidem
734 1140 884 1199 misit,
911 1139 1105 1187 hostium
1137 1139 1395 1200 speculam-³

87 1231 164 1262 ros
194 1215 472 1272 adventum,
502 1212 595 1275 ipse
625 1211 769 1259 aciem
803 1209 932 1256 nullo
964 1210 1169 1256 turbante
1205 1208 1391 1255 interim

26 1293 34 1300 ‘
89 1289 275 1338 struens.
295 1291 467 1336 Verum
486 1287 622 1350 longe
641 1287 770 1334 aliter
785 1322 802 1343 ,
823 1303 958 1349 quam
987 1285 1168 1331 rebatur
1182 1320 1195 1342 ‚
1216 1285 1390 1342 evenit.

88 1366 249 1414 Hunni
273 1365 393 1413 enim
410 1399 425 1423 ‚
452 1375 505 1410 ut
528 1362 638 1409 ‘sunt
663 1361 709 1407 in
746 1361 1008 1423 conjectura
1042 1359 1212 1423 sagaces
1233 1396 1246 1419 ‚
1274 1361 1391 1407 mul-

89 1440 331 1488 titudinem
360 1440 444 1487 effe
477 1439 662 1502 iongius
699 1437 892 1501 aliquam
927 1436 1172 1500 suspicati,
1202 1449 1393 1500 praeter-³

90 1512 226 1560 miffis
246 1547 259 1568 ‚
291 1528 410 1576 quos
428 1512 671 1567 viderant,
704 1510 748 1556 in
783 1510 980 1574 quietem
1014 1523 1223 1572 tanquam
1259 1510 1390 1557 nullo

89 1585 294 1632 obstante
312 1584 576 1648 compositis
591 1619 605 1641 ,
631 1595 867 1645 rumpente
888 1582 1035 1629 noctis
1059 1582 1264 1629 tenebras
1285 1582 1394 1630 luna

91 1658 215 1705 vado
232 1657 430 1704 fluminis
446 1667 681 1720 penetrato
694 1692 705 1713 ‚
725 1655 771 1702 id
784 1692 800 1713 ,
821 1656 947 1719 quod
966 1667 1060 1703 erat
1080 1655 1357 1717 potiffimum
1375 1690 1391 1712 ,

91 1732 349 1795 elegerunt:
373 1733 423 1779 &
443 1730 606 1788 veriti,
630 1747 685 1776 ne
716 1728 1037 1792 praecursorius
1063 1728 1199 1775 index
1229 1730 1393 1791 procul

91 1818 273 1870 agen-tes
315 1805 583 1861 absterreat,
616 1803 940 1850 Athanaricum
972 1802 1116 1865 ipsum
1150 1801 1242 1850 ictu
1274 1803 1395 1866 peti-

92 1897 201 1930 vere
232 1878 401 1928 veloci.
430 1879 635 1942 Eumque
672 1878 924 1940 stupentem
963 1877 1016 1923 ad
1045 1876 1264 1939 impetum
1297 1876 1394 1938 pri-

91 1968 243 2011 mum,
262 1952 422 1999 amiffis
451 1951 714 2015 quibusdam
747 1951 927 1997 suorum
943 1986 956 2008 ‚
979 1951 1301 2015 coegeruntad
1325 1949 1392 1997 ef-

94 2025 215 2089 fugia
244 2042 488 2090 properare
532 2025 762 2071 montium
799 2036 1147 2087 praeruptorum.
1183 2026 1291 2085 Qua
1327 2027 1395 2074 rei

94 2098 306 2146 novitate
338 2098 603 2162 majoreque
625 2098 806 2144 venturi
839 2114 1015 2160 pavore
1048 2097 1316 2146 constrictus
1334 2134 1346 2156 ‚
1368 2115 1394 2145 a

95 2171 345 2234 superciliis
372 2172 527 2218 Gerasi
551 2171 750 2217 fluminis
771 2169 965 2233 adusque
987 2170 1253 2217 Danubium
1287 2170 1395 2216 Tai-

97 2242 292 2291 falorum
324 2257 460 2290 terras
493 2242 838 2308 praestringens,
884 2258 1040 2289 muros
1077 2242 1209 2289 altius
1247 2243 1393 2305 erige-

97 2315 206 2362 bat:
237 2315 320 2362 hac
347 2315 489 2363 lorica
529 2315 757 2379 diiigentia
803 2315 934 2361 celeri
973 2315 1277 2362 consummata
1298 2349 1313 2372 ,
1342 2314 1393 2360 in

97 2399 201 2435 tuto
232 2387 471 2435 locanda-m
502 2388 784 2436 securitatem
816 2388 936 2435 suam
970 2387 1223 2435 existimans
1247 2388 1296 2435 &
1327 2386 1393 2434 sa-

99 2459 256 2510 lutem.
276 2461 491 2527 Dumque
509 2461 667 2511 efficax
685 2478 823 2526 opera
843 2461 1096 2523 suscitatur,
1121 2461 1277 2510 Hunni
1296 2459 1396 2524 pasv
