1626 2917
293 223 514 270 RERUM
548 222 885 270 GESTARUM
920 222 1022 269 L1B.
1059 221 1185 268 XIX.
1285 237 1372 283 205

104 327 181 373 vel
206 340 325 374 certe
354 343 433 390 per
458 325 650 374 diversas
670 326 844 373 fuderat
871 342 1039 391 pugnas
1059 344 1069 374 :
1091 337 1141 373 ut
1159 325 1276 389 apud
1297 325 1381 373 Ni-

103 399 216 447 fibin
245 399 480 463 aliquoties
501 399 687 458 evenit,
714 401 763 448 &
784 400 1046 463 Singaram:
1075 399 1257 462 parique
1274 414 1378 446 mo-

101 474 165 521 do
191 491 291 522 cum
323 473 595 538 septuaginta
624 473 824 545 tresque
830 474 921 520 dies
950 473 1152 520 Amidam
1177 472 1379 520 multitu-

102 548 205 594 dine
235 547 578 596 circumsedisset
598 563 862 606 armorum,
883 561 997 592 XXX
1021 544 1159 593 millia
1186 546 1382 609 perdidit

101 621 404 678 bellatorum
436 639 538 686 quae
558 622 696 684 paulo
716 620 868 683 postea
887 637 964 684 per
986 619 1213 668 Discenen
1243 620 1381 667 tribu-

102 711 213 740 num
233 695 282 742 &
303 693 527 741 notarium
546 709 775 741 numerata
803 693 903 740 sunt
926 693 1009 740 hac
1030 692 1297 740 discretione
1316 691 1382 739 fa-

103 764 255 823 cilius,
276 765 401 828 quod
419 766 676 813 nostrorum
695 765 912 814 cadavera
939 781 1050 812 mox
1072 764 1287 812 caesorum
1309 764 1379 811 fa-

102 838 267 886 tiscunt
289 841 339 887 &
361 839 562 887 defluunt
579 876 593 898 ,
619 839 732 887 adeo
765 850 814 885 ut
845 838 1011 885 nullius
1037 836 1208 884 mortui
1240 836 1378 885 facies

101 911 203 973 post
235 912 522 976 quatriduum
554 911 816 976 agnoscatur
848 928 860 958 :
889 909 1226 957 interfectorum
1262 926 1379 957 vero

102 982 330 1031 Persarum
361 983 612 1032 inarescunt
638 984 684 1031 in
711 984 897 1030 modum
927 982 1120 1046 stipitum
1152 997 1345 1044 corpora
1365 1018 1381 1041 ,

102 1070 152 1103 ut
176 1073 261 1108 nec
289 1057 563 1121 liquentibus
589 1056 826 1115 membris,
848 1072 930 1103 nec
950 1055 1063 1102 sanie
1086 1053 1261 1118 perfusa
1280 1071 1380 1100 ma-

104 1129 302 1176 descant:
324 1129 448 1193 quod
466 1128 561 1176 vita
581 1128 757 1193 parcior
775 1127 907 1189 facit,
930 1130 978 1177 &
992 1164 1005 1188 ,
1021 1128 1098 1175 ubi
1117 1127 1376 1186 nascuntur,

103 1201 268 1248 exustae
302 1200 525 1249 caloribus
556 1214 698 1251 terrae.

164 1277 226 1323 Χ.
244 1275 371 1322 Dum
396 1274 490 1323 haec
509 1291 590 1339 per
609 1275 763 1323 varios
788 1273 1022 1322 turbines
1010 1291 1057 1321 m
1076 1272 1278 1321 Orientis
1297 1289 1378 1321 ex-

102 1351 217 1399 timo
245 1349 534 1407 festinantur,
567 1349 871 1396 difficultatem
900 1348 1183 1396 adventantis
1209 1347 1379 1428 inopiae

103 1424 434 1471 ffumentorum
460 1424 567 1470 urbs
587 1422 822 1469 verebatur
849 1437 1047 1469 aeterna:
1074 1421 1213 1485 vique
1232 1419 1379 1470 mina-

104 1496 282 1544 cissimae
313 1495 486 1558 plebis,
505 1494 667 1542 famem
696 1495 904 1542 ultimum
929 1493 1146 1540 malorum
1172 1492 1378 1540 omnium

103 1568 393 1631 exspectantis
410 1603 424 1626 ,
450 1567 634 1614 subinde
659 1566 884 1615 Tertullus
914 1567 1157 1613 vexabatur
1189 1582 1237 1612 ea
1266 1578 1381 1613 tem-

104 1640 270 1704 pestate
302 1638 533 1703 praefecstus
549 1674 563 1695 ,
589 1637 952 1685 irrationabiliter
972 1638 1103 1700 plane
1121 1654 1134 1683 ε
1155 1653 1238 1684 nec
1258 1637 1377 1684 enim

104 1729 187 1776 per
215 1728 315 1758 eum
345 1710 548 1767 steterat,
568 1726 662 1773 quo
683 1709 827 1756 minus
845 1721 1051 1772 tempore
1073 1725 1278 1772 congruo
1297 1709 1380 1755 ali·

105 1795 254 1831 menta
281 1783 472 1830 navibus
502 1783 797 1839 veherentur,
818 1798 925 1846 quas
944 1781 1076 1829 maris
1104 1781 1228 1829 casus
1252 1781 1377 1846 aspe-

103 1857 246 1904 riores
273 1857 413 1903 solitis
432 1891 446 1914 ,
477 1867 811 1919 ventorumque
841 1855 1053 1917 procellae
1085 1854 1336 1902 reflantium
1362 1888 1379 1915 ‚

104 1931 268 1978 delatas
291 1931 337 1977 in
367 1931 605 1994 proximos
624 1929 741 1976 finus
759 1965 773 1987 ,
797 1929 984 1976 introire
1013 1941 1196 1992 portum
1219 1931 1378 1993 Augu-

104 2004 156 2051 sti
186 2005 489 2052 discriminum
515 2002 818 2065 magnitudine
836 2003 1152 2066 perterrebant.
1178 2004 1378 2064 Quocir-

106 2097 158 2127 ca
193 2079 309 2126 idem
339 2079 451 2142 saepe
484 2077 716 2142 praefeEtus
749 2077 1038 2125 seditionibus
1072 2076 1291 2141 agitatus,
1325 2095 1378 2126 ac

109 2153 238 2214 plebe
263 2151 349 2213 jam
383 2152 612 2198 saevitante
642 2149 877 2196 immanius
898 2185 913 2206 ‚
944 2167 1076 2213 quam
1104 2150 1261 2197 urebat
1291 2150 1378 2197 im·-

107 2226 304 2288 pendens
332 2224 543 2282 exitium,
572 2223 625 2270 ab
651 2222 776 2269 omni
808 2221 882 2284 spe
916 2222 1091 2268 tuendae
1119 2221 1266 2270 salutis
1297 2240 1377 2270 ex-

109 2297 254 2346 clusus
268 2333 282 2356 ,
301 2311 350 2343 ut
367 2297 605 2343 aestimabat
620 2332 634 2354 ,
661 2295 947 2342 tumultuanti
978 2295 1138 2342 acriter
1167 2296 1342 2358 populo
1361 2331 1377 2353 ‚

109 2367 183 2414 sed
214 2367 455 2414 accidentia
475 2367 750 2415 considerare
779 2366 929 2422 sueto,
953 2367 1191 2428 prudenter
1211 2365 1379 2428 objecit

110 2442 325 2504 parvulos
361 2440 509 2488 filios:
544 2443 593 2489 &
625 2441 888 2503 lacrimans,
929 2443 1002 2486 En
1022 2475 1034 2497 ‚
1067 2439 1242 2502 inquit,
1274 2443 1375 2485 cives

109 2515 221 2582 vestri
235 2549 247 2572 ‚
268 2519 417 2575 procul
432 2533 547 2563 omen
568 2517 656 2561 Dii
685 2513 849 2579 coelestes
879 2512 1098 2561 avertant!
1117 2516 1255 2560 eadam
1279 2530 1377 2572 par-
