<?xml version="1.0" encoding="UTF-8"?>
<!DOCTYPE html PUBLIC "-//W3C//DTD XHTML 1.0 Transitional//EN"
    "http://www.w3.org/TR/xhtml1/DTD/xhtml1-transitional.dtd">
<html xmlns="http://www.w3.org/1999/xhtml" xml:lang="en" lang="en">
 <head>
  <title>
</title>
<meta http-equiv="Content-Type" content="text/html;charset=utf-8" />
  <meta name='ocr-system' content='tesseract 3.04.00' />
  <meta name='ocr-capabilities' content='ocr_page ocr_carea ocr_par ocr_line ocrx_word'/>
</head>
<body>
  <div class='ocr_page' id='page_1' title='image "./rerumgestarumqui00ammiuoft_0366.png"; bbox 0 0 1626 2917; ppageno 0'>
   <div class='ocr_carea' id='block_1_1' title="bbox 186 200 1256 264">
    <p class='ocr_par' dir='ltr' id='par_1_1' title="bbox 186 200 1256 264">
     <span class='ocr_line' id='line_1_1' title="bbox 186 200 1256 264; baseline 0.002 -19"><span class='ocrx_word' id='word_1_1' title='bbox 186 215 274 264; x_wconf 86' lang='lat'>302</span> <span class='ocrx_word' id='word_1_2' title='bbox 394 200 726 245; x_wconf 82' lang='lat' dir='ltr'>AMMIANI</span> <span class='ocrx_word' id='word_1_3' title='bbox 777 200 1256 247; x_wconf 82' lang='lat' dir='ltr'>MARCELLINI</span> 
     </span>
    </p>
   </div>
   <div class='ocr_carea' id='block_1_2' title="bbox 180 302 1496 2560">
    <p class='ocr_par' dir='ltr' id='par_1_2' title="bbox 180 302 1496 2560">
     <span class='ocr_line' id='line_1_2' title="bbox 182 302 1470 370; baseline 0.002 -18"><span class='ocrx_word' id='word_1_4' title='bbox 182 306 307 369; x_wconf 89' lang='lat' dir='ltr'>palus</span> <span class='ocrx_word' id='word_1_5' title='bbox 341 306 402 352; x_wconf 87' lang='lat' dir='ltr'>est</span> <span class='ocrx_word' id='word_1_6' title='bbox 436 306 618 352; x_wconf 79' lang='lat' dir='ltr'>Maeotis</span> <span class='ocrx_word' id='word_1_7' title='bbox 647 302 899 367; x_wconf 83' lang='lat' dir='ltr'>amplissimi</span> <span class='ocrx_word' id='word_1_8' title='bbox 931 306 1263 370; x_wconf 84' lang='lat' dir='ltr'>circumgressus</span> <span class='ocrx_word' id='word_1_9' title='bbox 1284 325 1295 355; x_wconf 74' lang='grc' dir='ltr'><strong><em>ε</em></strong></span> <span class='ocrx_word' id='word_1_10' title='bbox 1317 324 1371 355; x_wconf 82' lang='lat' dir='ltr'>ex</span> <span class='ocrx_word' id='word_1_11' title='bbox 1391 325 1470 356; x_wconf 88' lang='lat' dir='ltr'>cu·</span> 
     </span>
     <span class='ocr_line' id='line_1_3' title="bbox 180 376 1469 459; baseline 0.003 -35"><span class='ocrx_word' id='word_1_12' title='bbox 180 378 253 441; x_wconf 86' lang='lat' dir='ltr'>jus</span> <span class='ocrx_word' id='word_1_13' title='bbox 279 376 510 423; x_wconf 80' lang='lat' dir='ltr'>uberrimis</span> <span class='ocrx_word' id='word_1_14' title='bbox 543 377 670 422; x_wconf 87' lang='lat' dir='ltr'>venis</span> <span class='ocrx_word' id='word_1_15' title='bbox 692 394 771 459; x_wconf 91' lang='lat' dir='ltr'>per</span> <span class='ocrx_word' id='word_1_16' title='bbox 795 379 969 425; x_wconf 83' lang='lat' dir='ltr'>Patares</span> <span class='ocrx_word' id='word_1_17' title='bbox 1002 379 1220 442; x_wconf 87' lang='lat' dir='ltr'>angustias</span> <span class='ocrx_word' id='word_1_18' title='bbox 1247 382 1469 428; x_wconf 87' lang='lat' dir='ltr'>undarum</span> 
     </span>
     <span class='ocr_line' id='line_1_4' title="bbox 182 450 1471 515; baseline 0.003 -19"><span class='ocrx_word' id='word_1_19' title='bbox 182 450 448 513; x_wconf 83' lang='lat' dir='ltr'>magnitudo</span> <span class='ocrx_word' id='word_1_20' title='bbox 477 450 733 512; x_wconf 82' lang='lat' dir='ltr'>prorumpit</span> <span class='ocrx_word' id='word_1_21' title='bbox 760 450 807 497; x_wconf 91' lang='lat' dir='ltr'>in</span> <span class='ocrx_word' id='word_1_22' title='bbox 826 452 1055 498; x_wconf 87' lang='lat' dir='ltr'>Pontum:</span> <span class='ocrx_word' id='word_1_23' title='bbox 1077 451 1203 515; x_wconf 73' lang='lat' dir='ltr'>cujus</span> <span class='ocrx_word' id='word_1_24' title='bbox 1235 454 1281 500; x_wconf 89' lang='lat' dir='ltr'>in</span> <span class='ocrx_word' id='word_1_25' title='bbox 1309 455 1471 501; x_wconf 83' lang='lat' dir='ltr'>dextro</span> 
     </span>
     <span class='ocr_line' id='line_1_5' title="bbox 184 523 1473 590; baseline 0.004 -19"><span class='ocrx_word' id='word_1_26' title='bbox 184 525 323 571; x_wconf 87' lang='lat' dir='ltr'>latere</span> <span class='ocrx_word' id='word_1_27' title='bbox 350 523 505 571; x_wconf 86' lang='lat' dir='ltr'>insulae</span> <span class='ocrx_word' id='word_1_28' title='bbox 529 525 628 589; x_wconf 80' lang='lat' dir='ltr'>sunt</span> <span class='ocrx_word' id='word_1_29' title='bbox 655 526 945 590; x_wconf 81' lang='lat' dir='ltr'>Phanagorus</span> <span class='ocrx_word' id='word_1_30' title='bbox 969 529 1018 574; x_wconf 89' lang='lat'>&amp;</span> <span class='ocrx_word' id='word_1_31' title='bbox 1039 529 1358 587; x_wconf 82' lang='lat' dir='ltr'>Hermonassa,</span> <span class='ocrx_word' id='word_1_32' title='bbox 1383 530 1473 576; x_wconf 85' lang='lat' dir='ltr'>stu-</span> 
     </span>
     <span class='ocr_line' id='line_1_6' title="bbox 185 595 1470 664; baseline 0.005 -23"><span class='ocrx_word' id='word_1_33' title='bbox 185 597 266 642; x_wconf 86' lang='lat' dir='ltr'>dio</span> <span class='ocrx_word' id='word_1_34' title='bbox 283 595 544 643; x_wconf 57' lang='lat' dir='ltr'>construfilae</span> <span class='ocrx_word' id='word_1_35' title='bbox 560 598 844 645; x_wconf 71' lang='lat' dir='ltr'>Graecorum.</span> <span class='ocrx_word' id='word_1_36' title='bbox 867 599 1001 646; x_wconf 87' lang='lat' dir='ltr'>Circa</span> <span class='ocrx_word' id='word_1_37' title='bbox 1023 601 1121 646; x_wconf 82' lang='lat' dir='ltr'>haec</span> <span class='ocrx_word' id='word_1_38' title='bbox 1148 599 1295 664; x_wconf 82' lang='lat' dir='ltr'>stagna</span> <span class='ocrx_word' id='word_1_39' title='bbox 1316 601 1470 648; x_wconf 85' lang='lat' dir='ltr'>ultima</span> 
     </span>
     <span class='ocr_line' id='line_1_7' title="bbox 184 648 1473 734; baseline 0.006 -22"><span class='ocrx_word' id='word_1_40' title='bbox 184 667 445 731; x_wconf 84' lang='lat' dir='ltr'>extimaque</span> <span class='ocrx_word' id='word_1_41' title='bbox 461 669 609 730; x_wconf 75' lang='lat' dir='ltr'>&#39;plures</span> <span class='ocrx_word' id='word_1_42' title='bbox 625 669 824 717; x_wconf 88' lang='lat' dir='ltr'>habitant</span> <span class='ocrx_word' id='word_1_43' title='bbox 840 685 1018 734; x_wconf 83' lang='lat' dir='ltr'>gentes,</span> <span class='ocrx_word' id='word_1_44' title='bbox 1031 648 1284 721; x_wconf 82' lang='lat' dir='ltr'>sermonum</span> <span class='ocrx_word' id='word_1_45' title='bbox 1302 660 1473 720; x_wconf 83' lang='lat' dir='ltr'>institu-</span> 
     </span>
     <span class='ocr_line' id='line_1_8' title="bbox 185 745 1476 809; baseline 0.002 -19"><span class='ocrx_word' id='word_1_46' title='bbox 185 756 429 805; x_wconf 84' lang='lat' dir='ltr'>torumque</span> <span class='ocrx_word' id='word_1_47' title='bbox 447 745 664 791; x_wconf 86' lang='lat' dir='ltr'>varietate</span> <span class='ocrx_word' id='word_1_48' title='bbox 680 745 906 809; x_wconf 75' lang='lat' dir='ltr'>dispariles</span> <span class='ocrx_word' id='word_1_49' title='bbox 923 763 933 791; x_wconf 76' lang='grc' dir='ltr'><strong><em>ε</em></strong></span> <span class='ocrx_word' id='word_1_50' title='bbox 948 749 1186 794; x_wconf 78' lang='lat' dir='ltr'>Jaxamatae</span> <span class='ocrx_word' id='word_1_51' title='bbox 1199 749 1248 794; x_wconf 74' lang='grc' dir='ltr'>δε</span> <span class='ocrx_word' id='word_1_52' title='bbox 1269 751 1446 793; x_wconf 80' lang='lat' dir='ltr'>Maeotae</span> <span class='ocrx_word' id='word_1_53' title='bbox 1462 784 1476 805; x_wconf 88' lang='lat'>‚</span> 
     </span>
     <span class='ocr_line' id='line_1_9' title="bbox 187 820 1476 883; baseline 0 -17"><span class='ocrx_word' id='word_1_54' title='bbox 187 820 238 866; x_wconf 90' lang='lat'>&amp;</span> <span class='ocrx_word' id='word_1_55' title='bbox 261 820 474 883; x_wconf 86' lang='lat' dir='ltr'>Jazyges‚</span> <span class='ocrx_word' id='word_1_56' title='bbox 502 821 825 883; x_wconf 84' lang='lat' dir='ltr'>Roxolanique</span> <span class='ocrx_word' id='word_1_57' title='bbox 854 822 903 868; x_wconf 88' lang='lat'>&amp;</span> <span class='ocrx_word' id='word_1_58' title='bbox 922 821 1087 880; x_wconf 87' lang='lat' dir='ltr'>Alani,</span> <span class='ocrx_word' id='word_1_59' title='bbox 1111 823 1160 869; x_wconf 90' lang='lat'>&amp;</span> <span class='ocrx_word' id='word_1_60' title='bbox 1189 821 1476 868; x_wconf 82' lang='lat' dir='ltr'>Melanchlae-</span> 
     </span>
     <span class='ocr_line' id='line_1_10' title="bbox 186 894 1477 958; baseline 0.001 -19"><span class='ocrx_word' id='word_1_61' title='bbox 186 909 284 947; x_wconf 82' lang='lat' dir='ltr'>nae,</span> <span class='ocrx_word' id='word_1_62' title='bbox 302 894 352 940; x_wconf 86' lang='lat'>&amp;</span> <span class='ocrx_word' id='word_1_63' title='bbox 374 909 476 939; x_wconf 90' lang='lat' dir='ltr'>cum</span> <span class='ocrx_word' id='word_1_64' title='bbox 494 894 688 940; x_wconf 84' lang='lat' dir='ltr'>Gelonis</span> <span class='ocrx_word' id='word_1_65' title='bbox 710 894 980 958; x_wconf 71' lang='lat' dir='ltr'>Agathyrsi,</span> <span class='ocrx_word' id='word_1_66' title='bbox 1002 895 1119 957; x_wconf 87' lang='lat' dir='ltr'>apud</span> <span class='ocrx_word' id='word_1_67' title='bbox 1138 911 1252 958; x_wconf 87' lang='lat' dir='ltr'>quos</span> <span class='ocrx_word' id='word_1_68' title='bbox 1275 894 1477 940; x_wconf 84' lang='lat' dir='ltr'>adaman·</span> 
     </span>
     <span class='ocr_line' id='line_1_11' title="bbox 187 964 1478 1029; baseline 0.001 -18"><span class='ocrx_word' id='word_1_69' title='bbox 187 964 246 1012; x_wconf 79' lang='lat' dir='ltr'>tis</span> <span class='ocrx_word' id='word_1_70' title='bbox 277 965 338 1010; x_wconf 89' lang='lat' dir='ltr'>est</span> <span class='ocrx_word' id='word_1_71' title='bbox 375 965 508 1027; x_wconf 86' lang='lat' dir='ltr'>copia</span> <span class='ocrx_word' id='word_1_72' title='bbox 541 965 732 1029; x_wconf 83' lang='lat' dir='ltr'>lapidis:</span> <span class='ocrx_word' id='word_1_73' title='bbox 764 967 929 1029; x_wconf 80' lang='lat' dir='ltr'>aliique</span> <span class='ocrx_word' id='word_1_74' title='bbox 963 967 1075 1013; x_wconf 85' lang='lat' dir='ltr'>ultra</span> <span class='ocrx_word' id='word_1_75' title='bbox 1108 968 1318 1024; x_wconf 89' lang='lat' dir='ltr'>latentes,</span> <span class='ocrx_word' id='word_1_76' title='bbox 1353 966 1478 1029; x_wconf 88' lang='lat' dir='ltr'>quod</span> 
     </span>
     <span class='ocr_line' id='line_1_12' title="bbox 191 1034 1481 1102; baseline 0.002 -16"><span class='ocrx_word' id='word_1_77' title='bbox 191 1040 293 1087; x_wconf 89' lang='lat' dir='ltr'>sunt</span> <span class='ocrx_word' id='word_1_78' title='bbox 315 1034 521 1087; x_wconf 83' lang='lat' dir='ltr'>omnium</span> <span class='ocrx_word' id='word_1_79' title='bbox 546 1040 818 1102; x_wconf 81' lang='lat' dir='ltr'>penitiffimi.</span> <span class='ocrx_word' id='word_1_80' title='bbox 843 1043 926 1088; x_wconf 81' lang='lat' dir='ltr'>Sed</span> <span class='ocrx_word' id='word_1_81' title='bbox 945 1041 1192 1089; x_wconf 78' lang='lat' dir='ltr'>Maeotidos</span> <span class='ocrx_word' id='word_1_82' title='bbox 1207 1041 1332 1088; x_wconf 85' lang='lat' dir='ltr'>lateri</span> <span class='ocrx_word' id='word_1_83' title='bbox 1363 1042 1481 1088; x_wconf 81' lang='lat' dir='ltr'>laevo</span> 
     </span>
     <span class='ocr_line' id='line_1_13' title="bbox 190 1111 1483 1176; baseline 0.002 -18"><span class='ocrx_word' id='word_1_84' title='bbox 190 1111 500 1158; x_wconf 82' lang='lat' dir='ltr'>Cherronesus</span> <span class='ocrx_word' id='word_1_85' title='bbox 521 1113 581 1157; x_wconf 87' lang='lat' dir='ltr'>est</span> <span class='ocrx_word' id='word_1_86' title='bbox 602 1113 884 1176; x_wconf 84' lang='lat' dir='ltr'>propinqua,</span> <span class='ocrx_word' id='word_1_87' title='bbox 902 1114 1185 1160; x_wconf 82' lang='lat' dir='ltr'>coloniarum</span> <span class='ocrx_word' id='word_1_88' title='bbox 1206 1114 1336 1176; x_wconf 86' lang='lat' dir='ltr'>plena</span> <span class='ocrx_word' id='word_1_89' title='bbox 1355 1116 1483 1160; x_wconf 82' lang='lat' dir='ltr'>Grae-</span> 
     </span>
     <span class='ocr_line' id='line_1_14' title="bbox 193 1186 1483 1248; baseline 0.001 -16"><span class='ocrx_word' id='word_1_90' title='bbox 193 1203 363 1232; x_wconf 84' lang='lat' dir='ltr'>carum.</span> <span class='ocrx_word' id='word_1_91' title='bbox 387 1186 521 1232; x_wconf 89' lang='lat' dir='ltr'>Unde</span> <span class='ocrx_word' id='word_1_92' title='bbox 554 1186 696 1248; x_wconf 81' lang='lat' dir='ltr'>quieti</span> <span class='ocrx_word' id='word_1_93' title='bbox 728 1186 826 1233; x_wconf 89' lang='lat' dir='ltr'>sunt</span> <span class='ocrx_word' id='word_1_94' title='bbox 851 1187 1058 1234; x_wconf 86' lang='lat' dir='ltr'>homines</span> <span class='ocrx_word' id='word_1_95' title='bbox 1093 1190 1143 1235; x_wconf 87' lang='lat'>&amp;</span> <span class='ocrx_word' id='word_1_96' title='bbox 1169 1188 1331 1244; x_wconf 87' lang='lat' dir='ltr'>sedati,</span> <span class='ocrx_word' id='word_1_97' title='bbox 1353 1188 1483 1235; x_wconf 89' lang='lat' dir='ltr'>adhi-</span> 
     </span>
     <span class='ocr_line' id='line_1_15' title="bbox 195 1257 1482 1321; baseline 0.003 -16"><span class='ocrx_word' id='word_1_98' title='bbox 195 1258 350 1305; x_wconf 89' lang='lat' dir='ltr'>bentes</span> <span class='ocrx_word' id='word_1_99' title='bbox 379 1257 560 1303; x_wconf 87' lang='lat' dir='ltr'>vomeri</span> <span class='ocrx_word' id='word_1_100' title='bbox 590 1275 769 1316; x_wconf 89' lang='lat' dir='ltr'>curam,</span> <span class='ocrx_word' id='word_1_101' title='bbox 805 1262 854 1307; x_wconf 88' lang='lat'>&amp;</span> <span class='ocrx_word' id='word_1_102' title='bbox 896 1260 1192 1321; x_wconf 85' lang='lat' dir='ltr'>proventibus</span> <span class='ocrx_word' id='word_1_103' title='bbox 1225 1260 1482 1309; x_wconf 54' lang='lat' dir='ltr'>fructuariis</span> 
     </span>
     <span class='ocr_line' id='line_1_16' title="bbox 194 1329 1484 1394; baseline 0.002 -18"><span class='ocrx_word' id='word_1_104' title='bbox 194 1330 462 1377; x_wconf 64' lang='lat' dir='ltr'>vifititantes.</span> <span class='ocrx_word' id='word_1_105' title='bbox 486 1330 527 1374; x_wconf 92' lang='lat' dir='ltr'><strong>A</strong></span> <span class='ocrx_word' id='word_1_106' title='bbox 546 1329 707 1391; x_wconf 85' lang='lat' dir='ltr'>quibus</span> <span class='ocrx_word' id='word_1_107' title='bbox 731 1345 807 1391; x_wconf 87' lang='lat' dir='ltr'>per</span> <span class='ocrx_word' id='word_1_108' title='bbox 830 1330 953 1377; x_wconf 86' lang='lat' dir='ltr'>varia</span> <span class='ocrx_word' id='word_1_109' title='bbox 976 1348 1109 1394; x_wconf 83' lang='lat' dir='ltr'>regna</span> <span class='ocrx_word' id='word_1_110' title='bbox 1130 1331 1294 1378; x_wconf 63' lang='lat' dir='ltr'>diducti</span> <span class='ocrx_word' id='word_1_111' title='bbox 1315 1332 1484 1379; x_wconf 86' lang='lat' dir='ltr'>itineri·</span> 
     </span>
     <span class='ocr_line' id='line_1_17' title="bbox 196 1401 1486 1467; baseline 0.002 -17"><span class='ocrx_word' id='word_1_112' title='bbox 196 1403 280 1450; x_wconf 86' lang='lat' dir='ltr'>bus</span> <span class='ocrx_word' id='word_1_113' title='bbox 309 1401 502 1449; x_wconf 87' lang='lat' dir='ltr'>modicis</span> <span class='ocrx_word' id='word_1_114' title='bbox 523 1401 662 1448; x_wconf 86' lang='lat' dir='ltr'>Tauri</span> <span class='ocrx_word' id='word_1_115' title='bbox 691 1403 1007 1461; x_wconf 69' lang='lat' dir='ltr'>dissociantur,</span> <span class='ocrx_word' id='word_1_116' title='bbox 1028 1404 1145 1450; x_wconf 86' lang='lat' dir='ltr'>inter</span> <span class='ocrx_word' id='word_1_117' title='bbox 1161 1421 1276 1467; x_wconf 89' lang='lat' dir='ltr'>quos</span> <span class='ocrx_word' id='word_1_118' title='bbox 1302 1405 1486 1452; x_wconf 87' lang='lat' dir='ltr'>immani</span> 
     </span>
     <span class='ocr_line' id='line_1_18' title="bbox 196 1475 1487 1540; baseline 0.001 -18"><span class='ocrx_word' id='word_1_119' title='bbox 196 1476 376 1522; x_wconf 86' lang='lat' dir='ltr'>diritate</span> <span class='ocrx_word' id='word_1_120' title='bbox 414 1475 634 1522; x_wconf 88' lang='lat' dir='ltr'>terribiles</span> <span class='ocrx_word' id='word_1_121' title='bbox 667 1475 884 1533; x_wconf 90' lang='lat' dir='ltr'>Arinchi,</span> <span class='ocrx_word' id='word_1_122' title='bbox 916 1477 966 1524; x_wconf 90' lang='lat'>&amp;</span> <span class='ocrx_word' id='word_1_123' title='bbox 1000 1478 1185 1536; x_wconf 86' lang='lat' dir='ltr'>Sinchi,</span> <span class='ocrx_word' id='word_1_124' title='bbox 1215 1479 1264 1525; x_wconf 91' lang='lat'>&amp;</span> <span class='ocrx_word' id='word_1_125' title='bbox 1298 1478 1453 1540; x_wconf 88' lang='lat' dir='ltr'>Napaei</span> <span class='ocrx_word' id='word_1_126' title='bbox 1473 1513 1487 1534; x_wconf 85' lang='lat'>‚</span> 
     </span>
     <span class='ocr_line' id='line_1_19' title="bbox 197 1548 1489 1604; baseline 0.002 -8"><span class='ocrx_word' id='word_1_127' title='bbox 197 1549 462 1597; x_wconf 81' lang='lat' dir='ltr'>intendente</span> <span class='ocrx_word' id='word_1_128' title='bbox 481 1548 696 1596; x_wconf 86' lang='lat' dir='ltr'>saevitiam</span> <span class='ocrx_word' id='word_1_129' title='bbox 719 1549 899 1596; x_wconf 89' lang='lat' dir='ltr'>licentia</span> <span class='ocrx_word' id='word_1_130' title='bbox 920 1548 1150 1604; x_wconf 87' lang='lat' dir='ltr'>diuturna,</span> <span class='ocrx_word' id='word_1_131' title='bbox 1173 1551 1375 1598; x_wconf 89' lang='lat' dir='ltr'>indidere</span> <span class='ocrx_word' id='word_1_132' title='bbox 1397 1569 1489 1598; x_wconf 87' lang='lat' dir='ltr'>ma-</span> 
     </span>
     <span class='ocr_line' id='line_1_20' title="bbox 201 1621 1490 1686; baseline 0.002 -17"><span class='ocrx_word' id='word_1_133' title='bbox 201 1623 240 1670; x_wconf 91' lang='lat' dir='ltr'>ri</span> <span class='ocrx_word' id='word_1_134' title='bbox 261 1639 430 1669; x_wconf 89' lang='lat' dir='ltr'>nomen</span> <span class='ocrx_word' id='word_1_135' title='bbox 448 1621 707 1684; x_wconf 85' lang='lat' dir='ltr'>inhospitali</span> <span class='ocrx_word' id='word_1_136' title='bbox 727 1640 738 1669; x_wconf 76' lang='grc' dir='ltr'><em>τ</em></span> <span class='ocrx_word' id='word_1_137' title='bbox 755 1623 805 1669; x_wconf 88' lang='lat'>&amp;</span> <span class='ocrx_word' id='word_1_138' title='bbox 836 1640 859 1669; x_wconf 91' lang='lat' dir='ltr'>a</span> <span class='ocrx_word' id='word_1_139' title='bbox 885 1623 1117 1670; x_wconf 89' lang='lat' dir='ltr'>contrario</span> <span class='ocrx_word' id='word_1_140' title='bbox 1139 1641 1216 1686; x_wconf 87' lang='lat' dir='ltr'>per</span> <span class='ocrx_word' id='word_1_141' title='bbox 1236 1625 1490 1672; x_wconf 84' lang='lat' dir='ltr'>cavillatio-</span> 
     </span>
     <span class='ocr_line' id='line_1_21' title="bbox 203 1695 1489 1759; baseline 0.004 -17"><span class='ocrx_word' id='word_1_142' title='bbox 203 1713 307 1743; x_wconf 86' lang='lat' dir='ltr'>nem</span> <span class='ocrx_word' id='word_1_143' title='bbox 329 1698 498 1743; x_wconf 87' lang='lat' dir='ltr'>Pontus</span> <span class='ocrx_word' id='word_1_144' title='bbox 521 1695 725 1744; x_wconf 86' lang='lat' dir='ltr'>Euxinus</span> <span class='ocrx_word' id='word_1_145' title='bbox 743 1697 989 1759; x_wconf 84' lang='lat' dir='ltr'>appellatur</span> <span class='ocrx_word' id='word_1_146' title='bbox 1004 1733 1016 1754; x_wconf 92' lang='lat'><strong>‚</strong></span> <span class='ocrx_word' id='word_1_147' title='bbox 1044 1710 1094 1743; x_wconf 87' lang='lat' dir='ltr'>ut</span> <span class='ocrx_word' id='word_1_148' title='bbox 1122 1699 1315 1746; x_wconf 88' lang='lat' dir='ltr'>evethen</span> <span class='ocrx_word' id='word_1_149' title='bbox 1336 1699 1489 1747; x_wconf 84' lang='lat' dir='ltr'>Graeci</span> 
     </span>
     <span class='ocr_line' id='line_1_22' title="bbox 203 1763 1492 1833; baseline 0.003 -18"><span class='ocrx_word' id='word_1_150' title='bbox 203 1768 394 1816; x_wconf 87' lang='lat' dir='ltr'>dicimus</span> <span class='ocrx_word' id='word_1_151' title='bbox 428 1768 610 1815; x_wconf 87' lang='lat' dir='ltr'>stultum</span> <span class='ocrx_word' id='word_1_152' title='bbox 627 1804 640 1826; x_wconf 94' lang='lat'>‚</span> <span class='ocrx_word' id='word_1_153' title='bbox 671 1771 720 1816; x_wconf 86' lang='lat'>&amp;</span> <span class='ocrx_word' id='word_1_154' title='bbox 747 1770 925 1816; x_wconf 56' lang='lat' dir='ltr'>nostem</span> <span class='ocrx_word' id='word_1_155' title='bbox 953 1763 1220 1833; x_wconf 85' lang='lat' dir='ltr'>euphronen</span> <span class='ocrx_word' id='word_1_156' title='bbox 1237 1807 1249 1829; x_wconf 91' lang='lat'>,</span> <span class='ocrx_word' id='word_1_157' title='bbox 1274 1773 1324 1818; x_wconf 90' lang='lat'>&amp;</span> <span class='ocrx_word' id='word_1_158' title='bbox 1356 1771 1492 1819; x_wconf 87' lang='lat' dir='ltr'>furias</span> 
     </span>
     <span class='ocr_line' id='line_1_23' title="bbox 204 1836 1492 1902; baseline 0.002 -11"><span class='ocrx_word' id='word_1_159' title='bbox 204 1836 486 1891; x_wconf 74' lang='lat' dir='ltr'>Eumenidas.</span> <span class='ocrx_word' id='word_1_160' title='bbox 521 1844 625 1891; x_wconf 89' lang='lat' dir='ltr'>Diis</span> <span class='ocrx_word' id='word_1_161' title='bbox 644 1843 762 1890; x_wconf 90' lang='lat' dir='ltr'>enim</span> <span class='ocrx_word' id='word_1_162' title='bbox 783 1843 936 1892; x_wconf 83' lang='lat' dir='ltr'>hostiis</span> <span class='ocrx_word' id='word_1_163' title='bbox 965 1844 1143 1892; x_wconf 88' lang='lat' dir='ltr'>litantes</span> <span class='ocrx_word' id='word_1_164' title='bbox 1164 1845 1369 1893; x_wconf 90' lang='lat' dir='ltr'>humanis</span> <span class='ocrx_word' id='word_1_165' title='bbox 1388 1882 1400 1902; x_wconf 89' lang='lat'>‚</span> <span class='ocrx_word' id='word_1_166' title='bbox 1440 1848 1492 1893; x_wconf 87' lang='lat'>&amp;</span> 
     </span>
     <span class='ocr_line' id='line_1_24' title="bbox 207 1915 1492 1980; baseline 0.002 -18"><span class='ocrx_word' id='word_1_167' title='bbox 207 1915 494 1962; x_wconf 86' lang='lat' dir='ltr'>immolantes</span> <span class='ocrx_word' id='word_1_168' title='bbox 523 1916 718 1963; x_wconf 86' lang='lat' dir='ltr'>advenas</span> <span class='ocrx_word' id='word_1_169' title='bbox 742 1915 902 1962; x_wconf 84' lang='lat' dir='ltr'>Dianae</span> <span class='ocrx_word' id='word_1_170' title='bbox 919 1952 931 1974; x_wconf 92' lang='lat'><strong>‚</strong></span> <span class='ocrx_word' id='word_1_171' title='bbox 951 1934 1051 1979; x_wconf 80' lang='lat' dir='ltr'>quae</span> <span class='ocrx_word' id='word_1_172' title='bbox 1079 1918 1194 1980; x_wconf 82' lang='lat' dir='ltr'>apud</span> <span class='ocrx_word' id='word_1_173' title='bbox 1215 1934 1300 1965; x_wconf 85' lang='lat' dir='ltr'>-eos</span> <span class='ocrx_word' id='word_1_174' title='bbox 1327 1918 1492 1965; x_wconf 83' lang='lat' dir='ltr'>dicitur</span> 
     </span>
     <span class='ocr_line' id='line_1_25' title="bbox 209 1988 1491 2052; baseline 0.001 -17"><span class='ocrx_word' id='word_1_175' title='bbox 209 1989 486 2047; x_wconf 85' lang='lat' dir='ltr'>Oreiloche,</span> <span class='ocrx_word' id='word_1_176' title='bbox 524 1988 743 2035; x_wconf 81' lang='lat' dir='ltr'>caesorum</span> <span class='ocrx_word' id='word_1_177' title='bbox 793 1989 935 2051; x_wconf 82' lang='lat' dir='ltr'>capita</span> <span class='ocrx_word' id='word_1_178' title='bbox 968 1988 1059 2036; x_wconf 88' lang='lat' dir='ltr'>fani</span> <span class='ocrx_word' id='word_1_179' title='bbox 1095 1990 1335 2052; x_wconf 86' lang='lat' dir='ltr'>parietibus</span> <span class='ocrx_word' id='word_1_180' title='bbox 1380 2007 1491 2052; x_wconf 82' lang='lat' dir='ltr'>prae-</span> 
     </span>
     <span class='ocr_line' id='line_1_26' title="bbox 209 2060 1493 2124; baseline 0 -17"><span class='ocrx_word' id='word_1_181' title='bbox 209 2060 434 2124; x_wconf 78' lang='lat' dir='ltr'>figebant,</span> <span class='ocrx_word' id='word_1_182' title='bbox 470 2062 596 2108; x_wconf 87' lang='lat' dir='ltr'>velut</span> <span class='ocrx_word' id='word_1_183' title='bbox 633 2060 819 2107; x_wconf 87' lang='lat' dir='ltr'>fortium</span> <span class='ocrx_word' id='word_1_184' title='bbox 852 2062 1065 2123; x_wconf 85' lang='lat' dir='ltr'>perpetua</span> <span class='ocrx_word' id='word_1_185' title='bbox 1098 2074 1390 2107; x_wconf 87' lang='lat' dir='ltr'>monumenta</span> <span class='ocrx_word' id='word_1_186' title='bbox 1426 2061 1493 2108; x_wconf 86' lang='lat' dir='ltr'>fa-</span> 
     </span>
     <span class='ocr_line' id='line_1_27' title="bbox 209 2132 1494 2181; baseline -0.001 0"><span class='ocrx_word' id='word_1_187' title='bbox 209 2133 434 2181; x_wconf 88' lang='lat' dir='ltr'>cinorum.</span> <span class='ocrx_word' id='word_1_188' title='bbox 473 2136 520 2179; x_wconf 87' lang='lat' dir='ltr'>In</span> <span class='ocrx_word' id='word_1_189' title='bbox 556 2135 639 2180; x_wconf 84' lang='lat' dir='ltr'>hac</span> <span class='ocrx_word' id='word_1_190' title='bbox 670 2134 865 2180; x_wconf 87' lang='lat' dir='ltr'>Taurica</span> <span class='ocrx_word' id='word_1_191' title='bbox 894 2132 1032 2179; x_wconf 87' lang='lat' dir='ltr'>insula</span> <span class='ocrx_word' id='word_1_192' title='bbox 1061 2135 1209 2180; x_wconf 87' lang='lat' dir='ltr'>Leuce</span> <span class='ocrx_word' id='word_1_193' title='bbox 1239 2133 1329 2179; x_wconf 79' lang='lat' dir='ltr'>fine</span> <span class='ocrx_word' id='word_1_194' title='bbox 1366 2134 1494 2180; x_wconf 89' lang='lat' dir='ltr'>habi-</span> 
     </span>
     <span class='ocr_line' id='line_1_28' title="bbox 211 2205 1496 2268; baseline 0.001 -16"><span class='ocrx_word' id='word_1_195' title='bbox 211 2205 431 2252; x_wconf 89' lang='lat' dir='ltr'>tatoribus</span> <span class='ocrx_word' id='word_1_196' title='bbox 452 2205 553 2253; x_wconf 85' lang='lat' dir='ltr'>ullis</span> <span class='ocrx_word' id='word_1_197' title='bbox 583 2205 750 2252; x_wconf 87' lang='lat' dir='ltr'>Achilli</span> <span class='ocrx_word' id='word_1_198' title='bbox 780 2205 841 2251; x_wconf 91' lang='lat' dir='ltr'>est</span> <span class='ocrx_word' id='word_1_199' title='bbox 871 2206 1087 2252; x_wconf 89' lang='lat' dir='ltr'>dedicata.</span> <span class='ocrx_word' id='word_1_200' title='bbox 1117 2208 1163 2251; x_wconf 89' lang='lat' dir='ltr'>ln</span> <span class='ocrx_word' id='word_1_201' title='bbox 1189 2223 1320 2268; x_wconf 84' lang='lat' dir='ltr'>quam</span> <span class='ocrx_word' id='word_1_202' title='bbox 1344 2206 1375 2252; x_wconf 84' lang='lat' dir='ltr'>si</span> <span class='ocrx_word' id='word_1_203' title='bbox 1398 2205 1496 2253; x_wconf 88' lang='lat' dir='ltr'>fue-</span> 
     </span>
     <span class='ocr_line' id='line_1_29' title="bbox 211 2276 1496 2340; baseline -0.001 -15"><span class='ocrx_word' id='word_1_204' title='bbox 211 2279 304 2325; x_wconf 87' lang='lat' dir='ltr'>rint</span> <span class='ocrx_word' id='word_1_205' title='bbox 335 2277 515 2340; x_wconf 87' lang='lat' dir='ltr'>quidam</span> <span class='ocrx_word' id='word_1_206' title='bbox 554 2277 672 2324; x_wconf 88' lang='lat' dir='ltr'>forte</span> <span class='ocrx_word' id='word_1_207' title='bbox 707 2277 868 2333; x_wconf 86' lang='lat' dir='ltr'>delati,</span> <span class='ocrx_word' id='word_1_208' title='bbox 906 2277 1011 2323; x_wconf 85' lang='lat' dir='ltr'>vifis</span> <span class='ocrx_word' id='word_1_209' title='bbox 1046 2276 1320 2338; x_wconf 84' lang='lat' dir='ltr'>antiquitatis</span> <span class='ocrx_word' id='word_1_210' title='bbox 1361 2278 1496 2324; x_wconf 80' lang='lat' dir='ltr'>vesti-</span> 
     </span>
     <span class='ocr_line' id='line_1_30' title="bbox 214 2347 1496 2414; baseline 0 -18"><span class='ocrx_word' id='word_1_211' title='bbox 214 2350 299 2414; x_wconf 81' lang='lat' dir='ltr'>giis</span> <span class='ocrx_word' id='word_1_212' title='bbox 317 2384 330 2406; x_wconf 93' lang='lat'>,</span> <span class='ocrx_word' id='word_1_213' title='bbox 354 2349 618 2411; x_wconf 84' lang='lat' dir='ltr'>temploque</span> <span class='ocrx_word' id='word_1_214' title='bbox 659 2352 709 2397; x_wconf 89' lang='lat'>&amp;</span> <span class='ocrx_word' id='word_1_215' title='bbox 751 2348 949 2395; x_wconf 87' lang='lat' dir='ltr'>donariis</span> <span class='ocrx_word' id='word_1_216' title='bbox 990 2347 1133 2394; x_wconf 87' lang='lat' dir='ltr'>eidem</span> <span class='ocrx_word' id='word_1_217' title='bbox 1172 2348 1300 2394; x_wconf 87' lang='lat' dir='ltr'>heroi</span> <span class='ocrx_word' id='word_1_218' title='bbox 1341 2349 1496 2396; x_wconf 87' lang='lat' dir='ltr'>conse·</span> 
     </span>
     <span class='ocr_line' id='line_1_31' title="bbox 215 2419 1496 2485; baseline 0 -16"><span class='ocrx_word' id='word_1_219' title='bbox 215 2422 379 2478; x_wconf 88' lang='lat' dir='ltr'>cratis,</span> <span class='ocrx_word' id='word_1_220' title='bbox 415 2421 587 2483; x_wconf 84' lang='lat' dir='ltr'>vesperi</span> <span class='ocrx_word' id='word_1_221' title='bbox 619 2434 827 2485; x_wconf 86' lang='lat' dir='ltr'>repetunt</span> <span class='ocrx_word' id='word_1_222' title='bbox 854 2437 1020 2468; x_wconf 89' lang='lat' dir='ltr'>naves:</span> <span class='ocrx_word' id='word_1_223' title='bbox 1052 2419 1178 2481; x_wconf 81' lang='lat' dir='ltr'>ajunt</span> <span class='ocrx_word' id='word_1_224' title='bbox 1216 2422 1334 2468; x_wconf 91' lang='lat' dir='ltr'>enim</span> <span class='ocrx_word' id='word_1_225' title='bbox 1355 2458 1367 2479; x_wconf 92' lang='lat'>,</span> <span class='ocrx_word' id='word_1_226' title='bbox 1399 2439 1496 2470; x_wconf 89' lang='lat' dir='ltr'>non</span> 
     </span>
     <span class='ocr_line' id='line_1_32' title="bbox 214 2494 1494 2560; baseline 0.004 -17"><span class='ocrx_word' id='word_1_227' title='bbox 214 2497 306 2544; x_wconf 82' lang='lat' dir='ltr'>fine</span> <span class='ocrx_word' id='word_1_228' title='bbox 339 2494 590 2545; x_wconf 88' lang='lat' dir='ltr'>discrimine</span> <span class='ocrx_word' id='word_1_229' title='bbox 636 2496 742 2548; x_wconf 82' lang='lat' dir='ltr'>vitae</span> <span class='ocrx_word' id='word_1_230' title='bbox 777 2495 870 2545; x_wconf 92' lang='lat' dir='ltr'>illic</span> <span class='ocrx_word' id='word_1_231' title='bbox 906 2511 1175 2560; x_wconf 83' lang='lat' dir='ltr'>quemquam</span> <span class='ocrx_word' id='word_1_232' title='bbox 1217 2496 1494 2560; x_wconf 60' lang='lat' dir='ltr'>pernostare.</span> 
     </span>
    </p>
   </div>
  </div>
 </body>
</html>
