1626 2917
303 157 521 205 RERUM
552 157 893 205 GESTARUM
930 158 1034 205 LIB.
1068 159 1265 207 XXVII.
1340 177 1422 222 ¹15

147 267 302 327 vesqtte‚
320 264 363 311 δ’
379 269 559 328 pruinas
573 303 585 324 ,
599 264 761 330 &sttim
779 267 970 328 perferet,
988 259 1029 313 G
1047 269 1217 330 vigilias
1238 286 1254 314 .·
1273 269 1429 333 castris,

132 339 184 403 si
206 340 408 403 neceffi'tas
440 343 640 401 adegerit,
664 344 881 401 aliquoties
909 343 1221 403 propugnabit:
1243 343 1431 402 salutern

140 427 219 471 pro
227 414 499 471 periculorum
509 413 641 473 sociis
656 411 896 470 objec‘labii:
920 409 982 469 δ’,
1004 416 1113 472 quod
1121 416 1293 473 pietatis
1306 415 1430 474 sum-

145 501 258 528 mum
289 486 547 546 primumque
579 503 732 530 munus
758 487 840 552 est,
866 488 1154 545 rempublicam
1179 502 1226 531 ut
1256 490 1429 534 domum

140 571 359 617 paternam
392 561 555 619 diligere
581 561 733 618 poterit
770 556 813 603 ἃ
843 560 1017 605 avitam.
1053 559 1269 605 Nondum
1307 558 1432 607 finita

137 629 387 686 oratione,
416 630 540 676 dictis
568 647 668 676 cum
698 629 865 675 assensu
894 630 998 675 laeto
1023 631 1213 689 auditis,
1241 648 1325 694 pro
1348 631 1432 679 suo

146 701 337 766 quisque
361 702 469 750 loco
503 706 552 751 &
582 703 735 749 animo
766 703 929 750 milites
956 703 1066 750 alius
1096 706 1234 752 alium
1262 706 1432 754 anteire

146 775 356 823 festinans
374 813 387 835 ‚
409 791 621 841 tanquam
654 779 856 826 utilitatis
887 780 935 826 δέ
958 779 1222 843 gaudiorum
1253 782 1432 843 partici-

148 865 225 911 pes
246 850 510 897 Gratianum
533 844 810 899 delcararunt
832 853 1079 916 Augustum
1098 890 1109 911 ‚
1145 854 1431 904 clafficorum

147 923 413 983 ampliffimo
440 923 556 970 sonu
589 925 802 970 blandum
838 925 1063 988 fragorem
1092 927 1328 975 miscentes
1359 947 1434 975 ar-

147 1011 342 1041 morum.
358 996 470 1054 Quo
494 995 608 1052 viso,
624 995 792 1057 majore
810 995 973 1043 fiducia
992 998 1335 1046 Valentinianus
1351 1018 1435 1047 ex-

147 1066 344 1124 sultans,
377 1084 551 1114 corona
580 1067 939 1131 indumentisque
975 1067 1194 1130 supremae
1234 1071 1435 1120 fortunae

148 1152 360 1184 ornatum
390 1137 531 1186 filium
561 1139 812 1198 osculatus,
836 1139 1016 1204 jamque
1046 1140 1224 1205 fulgore
1249 1144 1437 1206 conspi-

149 1229 305 1268 cuum,
320 1213 564 1276 alloquitur
580 1214 906 1270 advertentem,
920 1231 1022 1277 quae
1041 1215 1318 1264 dicebantur.
1337 1221 1436 1277 En,

149 1285 325 1348 inquit,
347 1288 468 1332 habes
486 1321 501 1343 ‚
536 1289 593 1332 mi
625 1287 831 1332 Gratiane
849 1321 863 1343 ‚
883 1288 1078 1344 amic'lus,
1098 1304 1143 1332 ut
1169 1290 1436 1348 speravimus

149 1377 291 1405 omnes
308 1394 320 1415 ‚
351 1360 543 1423 augustos
557 1395 570 1416 ‚
591 1378 678 1405 meo
702 1362 1107 1419 commilitonumque
1126 1362 1347 1426 nostrorum
1368 1383 1438 1410 ar-

152 1434 274 1477 bitrio
303 1435 460 1477 delatos
484 1434 692 1477 ominibus
701 1431 873 1498 faustis.
891 1435 1118 1493 Accingere
1137 1435 1264 1494 igitur
1275 1454 1354 1494 pro
1376 1455 1437 1481 re-

151 1523 242 1550 rum
271 1508 499 1565 urgentium
526 1508 706 1565 pondere
725 1539 738 1559 ,
769 1520 814 1550 ut
835 1506 974 1565 patris
999 1508 1218 1566 patruique
1243 1511 1397 1570 collega
1419 1526 1437 1557 .·

153 1576 199 1624 δ’
222 1576 396 1640 affitefie
421 1580 659 1637 impavidus
686 1594 896 1639 penetrare
923 1596 1012 1623 cum
1048 1582 1287 1640 agminibus
1308 1584 1439 1641 pedi-

153 1665 240 1695 tum
276 1654 368 1712 gelu
403 1653 570 1710 pervios
605 1650 750 1716 Istrum
790 1648 832 1695 δ’
870 1651 1061 1695 Rhenum
1087 1686 1100 1707 ,
1133 1656 1307 1698 armatis
1348 1657 1435 1700 tuis

148 1724 372 1783 proximus
383 1722 495 1788 stare
516 1756 530 1778 ‚
538 1722 793 1783 sanguinem
807 1722 1084 1782 spiritumque
1102 1723 1346 1787 considerate
1354 1744 1437 1786 pro

153 1798 219 1841 his
241 1799 494 1879 impendere,
514 1813 614 1856 quos
638 1797 741 1857 regis
761 1830 774 1851 ‚
794 1797 907 1840 m'lzil
928 1797 1108 1839 alienum
1130 1811 1278 1855 putare
1295 1831 1308 1854 ,
1325 1801 1440 1858 quod

156 1871 217 1913 ad
243 1870 431 1914 Romani
461 1871 621 1929 imperii
646 1870 821 1928 pertinet
858 1872 983 1912 latus.
1021 1868 1124 1913 Haec
1144 1887 1224 1928 pro
1264 1885 1439 1930 tempore

151 1940 373 2005 praecepiffe
390 1943 605 2006 sufficiet:
629 1957 754 1987 cetera
788 1959 946 1986 monere
967 1958 1052 1986 nort
1083 1941 1280 2003 definam.
1307 1946 1437 1990 Nunc

125 2018 301 2075 reliqui
317 2033 392 2060 vos
409 2017 532 2083 estis,
560 2034 688 2062 rerum
721 2015 905 2059 maximi
926 2013 1184 2073 defensores:
1215 2034 1318 2076 quos
1339 2036 1438 2079 rogo

161 2083 206 2132 δ’
240 2088 434 2153 obtestor,
464 2104 511 2133 ut
543 2087 826 2147 accrescentem
857 2088 1153 2146 Imperatorum
1170 2088 1276 2145 fidei
1307 2092 1439 2157 vestrae

161 2158 410 2224 commiffitm
429 2161 604 2221 servetis
637 2158 849 2223 affeflione
864 2158 1067 2217 fundata.
1094 2159 1174 2205 His
1203 2160 1328 2207 diClis
1363 2162 1441 2208 so-

160 2230 389 2277 lemnitate
425 2231 555 2277 omni
592 2229 777 2277 firmatis
807 2266 822 2288 ,
862 2230 1112 2292 Eupraxius
1158 2231 1440 2280 Caesariensis

162 2304 345 2351 Maurus
362 2338 376 2361 ,
405 2302 606 2366 magister
634 2319 682 2349 ea
711 2301 966 2363 tempestate
990 2302 1220 2348 memoriae
1238 2339 1250 2361 ,
1274 2304 1441 2366 primus

163 2375 368 2421 omnium
393 2375 662 2423 exclamavit
681 2410 694 2431 ,
712 2375 890 2434 familia
912 2376 1114 2421 Gratiani
1142 2378 1218 2423 lzoc
1242 2393 1443 2425 meretur:

164 2447 395 2511 statimque
418 2460 658 2512 promotus
691 2446 886 2512 quaestor
904 2482 918 2503 ‚
951 2447 1092 2496 multa
1133 2449 1183 2494 &
1212 2448 1443 2511 prudenti·⁴

1086 2521 1189 2567 ΗΖ
