1626 2917
212 192 265 250 52³5
424 195 754 239 ΑΜΜΙΑΝΙ
799 195 1274 243 MARCELLINI

205 298 428 357 absoluti,
451 315 564 362 quos
585 299 785 346 exhiberi
804 301 983 348 delatio
1011 303 1231 366 compulit
1268 303 1481 352 criminis.

203 373 465 434 Dynamius
505 387 645 429 vero,
676 384 724 417 ut
759 373 980 435 praeclaris
1009 376 1177 422 artibus
1213 377 1480 436 illustratus,

202 463 303 491 cum
330 444 597 493 correfitoris
625 445 837 509 dignitate
869 465 1020 512 regere
1045 448 1180 510 jussus
1211 450 1270 496 est
1294 451 1483 499 Tuscos.

200 523 350 580 Agens
378 519 494 564 inter
525 519 622 567 haec
655 521 772 582 apud
806 521 1098 586 Agrippinam
1126 525 1361 581 Silvanus,
1383 525 1482 571 affi-

200 591 387 653 duisque
408 591 586 638 suorum
606 595 852 656 compertis
877 597 1046 644 nuntiis
1059 632 1070 651 ,
1089 614 1188 659 quae
1204 597 1481 657 Apodemius

200 663 246 709 in
278 664 419 708 labem
446 663 622 710 suarum
644 678 790 727 ageret
813 665 1099 714 fortunarum
1116 705 1128 725 ,
1152 671 1201 716 &
1222 669 1361 716 sciens
1381 670 1481 715 ani-

198 753 321 781 mum
337 748 538 782 tenerum
556 736 784 784 versabilis
805 737 1038 800 principis,
1059 741 1236 797 timens,
1257 758 1311 786 ne
1330 740 1482 788 absens

197 805 548 854 &indemnatus
567 821 848 872 perageretur
869 825 968 855 reus
983 844 997 865 ,
1018 809 1063 854 in
1084 810 1340 858 difficultate
1361 812 1481 872 posi-

199 891 272 925 tus
305 879 526 937 maxima,
558 880 802 927 barbaricae
838 880 880 927 se
909 880 1012 927 fidei
1047 882 1330 929 committere
1356 883 1483 945 cogi-

201 954 337 1024 tabat,
351 955 436 1000 Sed
459 953 726 1017 Laniogaiso
747 966 951 1011 vetante,
970 967 1077 1001 tunc
1098 955 1282 1001 tribuno
1296 992 1310 1012 ,
1327 972 1485 1017 quern,

204 1026 310 1070 dum
339 1025 550 1071 militaret
581 1026 864 1083 candidatus,
893 1025 1038 1071 solum
1067 1026 1231 1072 affuifi'e
1261 1027 1485 1075 morituro

201 1097 440 1144 Constanti
478 1097 606 1160 supra
642 1099 902 1155 retulimus,
938 1098 1220 1162 docenteque
1257 1102 1485 1158 Franc'os,

200 1171 320 1217 unde
358 1171 614 1228 oriebatur,
653 1171 968 1217 interfecturos
1011 1186 1140 1226 eum,
1179 1183 1253 1216 aut
1293 1185 1482 1234 accepto

197 1244 389 1306 praemio
415 1244 700 1306 prodituros,
725 1243 839 1289 nihil
859 1255 1003 1289 tutum
1025 1258 1079 1288 ex
1105 1242 1391 1305 praesentibus
1412 1261 1484 1290 ra-

197 1330 294 1374 tus,
324 1317 372 1363 in
400 1317 585 1364 consilia
605 1318 850 1380 cogebatur
871 1329 1097 1362 extrema:
1127 1318 1174 1363 &
1196 1316 1349 1362 sensim
1379 1334 1483 1364 cum

197 1389 531 1451 principiorum
571 1389 818 1436 verticibus
851 1386 1060 1434 secretius
1097 1388 1378 1444 collocutus,
1410 1388 1483 1435 iis-

200 1463 393 1524 demque
425 1461 733 1524 magnitudine
762 1459 986 1524 promiffae
1016 1460 1232 1506 mercedis
1259 1461 1484 1520 accensis,

200 1537 327 1583 cultu
351 1553 576 1598 purpureo
604 1553 627 1582 a
654 1535 977 1582 draconum&
1006 1534 1281 1580 vexillorum
1301 1533 1486 1596 insigni-

200 1609 287 1654 bus
314 1608 367 1654 ad
392 1621 564 1669 tempus
583 1608 799 1654 abstra&o
817 1642 830 1663 ,
851 1607 907 1653 ad
927 1606 1107 1652 culmen
1139 1605 1369 1668 imperiale
1389 1606 1485 1652 sur-

200 1681 331 1728 rexit.
360 1682 578 1743 Dumque
601 1681 698 1728 haec
717 1691 908 1744 aguntur
926 1679 973 1725 in
993 1678 1151 1724 Galliis
1165 1714 1178 1735 ,
1200 1679 1253 1725 ad
1273 1679 1484 1726 occasum

201 1756 424 1803 inclinato
455 1755 542 1816 jam
574 1755 677 1812 die,
694 1755 914 1818 perfertur
941 1753 1251 1800 Mediolanum
1283 1754 1484 1817 inspera-

202 1830 306 1875 bilis
333 1830 540 1884 nuntius,
568 1843 717 1891 aperte
752 1830 984 1875 Silvanum
1015 1827 1344 1882 demonstrans,
1379 1828 1485 1874 dum

201 1918 260 1946 ex
301 1901 552 1964 magisterio
593 1902 793 1963 peditum
836 1900 966 1948 altius
1010 1899 1197 1957 nititur,
1237 1899 1483 1947 sollicitato

201 1975 406 2021 exercitu
435 1975 489 2021 ad
518 1974 748 2038 augustum
780 1975 957 2021 culmen
979 1974 1199 2020 evefiium.
1240 1976 1334 2020 Hac
1364 1974 1485 2020 mole

202 2046 325 2093 casus
358 2047 537 2110 inopini
564 2047 836 2094 Constantio
860 2047 979 2103 ἰξὶο,
1014 2046 1136 2109 quafi
1169 2045 1356 2092 fulmine
1377 2046 1483 2104 fati,

203 2119 441 2183 primates,
462 2120 651 2167 consilio
673 2121 863 2168 secunda
883 2119 1038 2183 vigilia
1065 2131 1355 2176 convocato,
1378 2135 1487 2181 pro-

203 2205 416 2255 perarunt
435 2209 593 2240 omnes
613 2193 658 2238 in
680 2193 860 2256 regiam.
883 2194 1092 2254 Cumque
1112 2190 1226 2236 nulli
1245 2192 1298 2237 ad
1315 2191 1487 2254 eligen-

203 2264 335 2321 dum,
363 2265 471 2327 quid
502 2266 570 2328 agi
594 2265 799 2321 deberet,
821 2280 946 2311 mens
979 2262 1208 2325 suppetere
1238 2262 1381 2325 poffet
1411 2275 1487 2310 aut

203 2336 393 2400 lingua,
432 2336 647 2384 submiffis
692 2337 844 2384 verbis
884 2335 1255 2398 perstringebatur
1293 2335 1487 2382 Ursicini

205 2409 407 2467 mentio,
427 2422 475 2454 ut
502 2408 702 2455 consiliis
725 2409 787 2455 rei
807 2409 978 2455 bellicae
1004 2408 1340 2470 praestantiffimi
1357 2442 1370 2463 ‚
1390 2407 1487 2454 fru-

207 2480 380 2548 straque
411 2480 541 2545 gravi
568 2480 729 2541 injuria
755 2479 964 2530 laccffiti:
996 2481 1044 2528 δε
1071 2496 1148 2542 per
1173 2479 1487 2526 admistionum
