1626 2917
163 204 255 251 214
322 189 590 237 AMMIANI
626 187 998 235 MARCELLINI
1033 189 1134 234 ΗΒ.
1169 186 1297 233 XIX.

162 299 275 346 chiae
291 298 586 344 suburbanum
599 331 612 353 ,
627 293 725 341 visu
741 294 972 359 relatuque
989 294 1262 341 horrendum
1281 303 1436 341 natum

161 372 223 418 est
250 371 524 426 monstrum,
557 368 702 416 infans
734 385 812 415 ore
846 368 1026 432 gemino
1046 403 1060 426 ‚
1093 385 1194 415 cum
1229 366 1436 414 dentibus

161 445 277 493 binis
307 447 354 492 &
393 443 524 489 barba
544 478 557 501 ‚
586 458 866 506 quatuorque
895 441 1068 499 oculis,
1091 443 1140 490 &
1169 441 1435 489 brevissimis

162 517 330 563 duabus
367 514 607 562 auriculis:
640 515 716 579 qui
744 528 897 578 partus
926 514 984 561 ita
1008 515 1215 562 distortus
1242 530 1435 577 praemo-

164 588 321 646 nebat,
343 587 663 649 rempublicam
682 588 727 633 in
747 588 903 634 statum
924 587 1040 634 verti
1057 587 1316 634 deformem.
1341 588 1437 632 Na-

161 659 344 707 scuntur
372 658 683 720 hujuscemodi
705 660 817 723 saepe
843 671 1051 723 portenta
1067 695 1080 716 ,
1107 659 1348 707 indicantia
1368 675 1435 705 re-

161 750 261 780 rum
290 732 515 780 variarum
545 747 760 781 eventus:
783 751 883 796 quae
907 734 1119 798 quoniam
1140 750 1233 780 nou
1252 732 1439 795 expian-

161 816 262 861 tur,
293 817 343 851 ut
365 805 480 868 apud
504 818 676 854 veteres
692 842 706 866 ,
724 806 929 870 publice,
948 806 1143 854 inaudita
1171 816 1438 869 praetereunt

162 877 211 925 &
248 877 492 942 incognita.

227 953 347 999 xm.
378 952 457 999 His
488 952 764 1016 temporibus
796 951 932 1000 Isauri
959 952 1036 1000 diu
1057 952 1226 1017 quieti,
1245 951 1343 1016 post
1362 969 1438 1016 ge-

162 1024 251 1082 sta,
274 1043 374 1089 quae
393 1025 595 1089 superior
615 1026 820 1073 continet
839 1038 1012 1083 textus,
1034 1038 1342 1090 tentatumque
1362 1027 1440 1073 S'e-

162 1099 320 1146 leuciae
355 1098 548 1147 civitatis
585 1099 805 1148 obsidium
833 1135 847 1156 ‚
877 1099 1088 1162 paulatim
1120 1099 1441 1148 reviviscentes

165 1170 248 1236 (ut
277 1171 420 1219 solent
448 1189 594 1221 verno
624 1185 780 1236 tepore
807 1172 953 1222 foveis
980 1173 1151 1220 exsilire
1179 1172 1437 1237 serpentes)

164 1242 342 1290 saltibus
370 1245 552 1307 degreffi
586 1244 856 1308 scrupulosis
885 1246 933 1292 &
964 1244 1102 1291 inviis
1123 1281 1138 1302 ,
1159 1245 1442 1309 confertique

164 1316 212 1363 in
227 1334 395 1365 cuneos
408 1319 564 1367 densos
578 1355 591 1376 ,
606 1336 684 1382 per
702 1319 818 1366 furta
832 1321 880 1367 &
895 1319 1130 1367 latrocinia
1143 1318 1358 1368 finitimos
1378 1321 1443 1367 af-

163 1389 420 1449 fliostabanm
442 1405 733 1456 praetenturas
765 1392 954 1439 militum
983 1404 1032 1438 ut
1054 1392 1258 1440 montani
1286 1392 1443 1440 fallen-

165 1476 230 1511 tes
251 1500 265 1521 ‚
291 1481 456 1527 perque
489 1483 618 1530 rupes
644 1468 693 1514 δε
721 1466 900 1512 dumeta
929 1481 986 1511 ex
1011 1464 1091 1511 usu
1113 1463 1242 1511 facile
1275 1465 1442 1513 discur-

166 1552 328 1586 rentes.
350 1540 419 1586 Ad
437 1557 550 1603 quos
571 1541 621 1588 vi
650 1540 721 1587 vel
749 1541 922 1587 ratione
941 1539 1158 1585 sedandos
1178 1541 1408 1588 Lauricius
1425 1577 1441 1601 ,

168 1608 333 1671 adje&a
362 1611 539 1658 comitis
567 1612 780 1676 dignitate
797 1646 810 1669 ,
832 1609 980 1656 missus
1014 1609 1074 1655 est
1103 1609 1249 1655 refior
1266 1645 1280 1668 ,
1300 1610 1442 1658 homo

170 1680 318 1728 civilis
351 1683 594 1744 prudentiae
613 1702 628 1730 -ε
659 1683 736 1747 qui
758 1681 887 1729 minis
920 1681 1070 1743 potius
1087 1715 1100 1737 ‚
1121 1697 1252 1744 quam
1273 1682 1444 1728 acerbi-

171 1765 278 1811 tate,
298 1754 506 1818 pleraque
527 1756 752 1812 correxit,
774 1755 886 1800 adeo
913 1765 961 1800 ut
982 1769 1039 1799 eo
1061 1752 1134 1799 diu
1156 1753 1443 1815 provinciam

173 1826 406 1874 obtinente
424 1864 438 1886 ,
465 1829 575 1876 nihil
612 1829 831 1877 accideret
854 1863 868 1888 ,
895 1827 1020 1891 quod
1059 1825 1444 1875 animadversione

172 1896 354 1962 dignum
390 1899 691 1949 aestimaretur.
