1626 2917
297 204 516 258 RERUM
551 209 892 259 GESTARUM
931 213 1032 262 Lis.
1069 216 1237 264 xxm.
1320 232 1412 282 337

127 320 344 384 postridie
372 334 555 368 ventum
581 320 640 367 est
669 321 724 366 ad
749 321 1051 379 Callinicum,
1082 322 1416 372 munimentum

129 391 361 439 robustum
391 394 441 440 &
464 393 798 439 commercandi
826 394 1060 456 opimitate
1090 395 1378 457 gratiffimum
1402 412 1419 446 t

129 465 206 511 ubi
224 477 325 511 ante
354 466 471 512 diem
493 466 665 513 sextum
689 467 917 514 Kalendas
933 503 945 525 ‚
968 485 1061 530 quo
1088 469 1248 515 Romae
1278 471 1417 518 Matri

127 537 339 586 Deorum
373 557 554 602 pompae
591 542 873 587 celebrantur
905 541 1111 599 annale5‚
1144 544 1192 589 &
1221 560 1423 606 carpen-

130 622 226 656 tum
240 647 255 669 ,
271 627 364 674 quo
385 611 563 657 vehitur
584 612 861 658 simulacrum
878 648 890 669 ,
913 613 1121 659 Almonis
1139 613 1270 660 undis
1291 615 1421 663 ablui

129 684 412 746 perhibetur,
430 684 656 731 sacrorum
678 686 955 732 solemnitate
976 687 1123 749 prisco
1143 705 1272 734 more
1289 705 1419 736 com-

129 758 249 821 pleta
265 795 278 816 ‚
301 758 460 806 somno
485 777 562 822 per
583 760 727 807 otium
757 773 890 822 capto
909 796 921 817 ‚
941 759 1163 807 exsultans
1185 764 1424 823 pernocta-s

131 831 201 879 vit
220 833 268 879 &
291 832 428 878 laetus.
462 835 581 878 Luce
605 850 719 880 vero
738 833 883 879 secuta
912 833 1138 895 profeihts
1158 834 1321 881 exinde
1337 849 1419 897 per

131 903 368 968 supercilia
395 907 593 968 riparum
621 905 897 964 fluvialium,
916 907 1041 968 aquis
1061 907 1423 957 adolescentibus

132 978 334 1041 undique
363 980 613 1036 convenis,
637 996 738 1025 cum
771 979 990 1042 armigera
1019 980 1221 1041 gradiens
1252 998 1422 1040 manu,

131 1049 179 1096 in
200 1049 388 1096 statione
411 1051 596 1112 quadam
627 1050 704 1096 sub
723 1049 912 1112 pellibus
930 1051 1115 1097 mansit:
1137 1052 1215 1098 ubi
1234 1053 1421 1100 Sarace-

130 1140 288 1169 narum
319 1124 459 1186 reguli
477 1124 675 1187 gentium
695 1123 882 1187 genibus
900 1123 1121 1186 supplices
1139 1125 1244 1183 nisi,
1263 1126 1416 1174 oblata

130 1212 188 1241 ex
207 1213 318 1243 auro
341 1213 531 1253 corona,
554 1209 764 1258 tanquam
787 1196 943 1242 mundi
964 1196 1293 1262 nationumque
1318 1198 1425 1246 sua«

96 1269 99 1272 ’
131 1284 231 1314 rum
255 1269 492 1316 dominum
523 1269 787 1325 adorarunt,
810 1268 997 1331 suscepti
1019 1284 1340 1332 gratanter-‚ut
1363 1273 1423 1320 ad

131 1334 251 1388 furta
287 1343 507 1390 bellorum
536 1342 742 1404 appositi„
774 1344 993 1406 Dumque
1029 1344 1112 1390 hos
1141 1345 1421 1409 alloquitur,

131 1415 299 1462 Xerxis
318 1417 433 1462 illius
450 1451 462 1473 ‚
486 1416 778 1478 potentissimi
798 1416 913 1479 regis
927 1451 938 1468 ‚
966 1416 1102 1463 instar
1120 1418 1259 1464 claffis
1280 1421 1428 1467 adve-

132 1490 427 1543 nit‚tribuno
457 1490 783 1537 Constantiano
822 1507 925 1536 cum
962 1491 1131 1541 comite,
1165 1491 1420 1541 Lucilliano

132 1563 364 1617 (instante,
391 1579 490 1624 quae
515 1563 769 1609 latiffimum
799 1561 967 1608 flumen
994 1564 1249 1625 Euphraten
1278 1567 1422 1614 arfla-

133 1634 240 1680 ²bat:
265 1633 309 1678 in
337 1651 422 1696 qua
451 1634 568 1680 mille
594 1647 720 1680 erant
742 1635 961 1680 onerariae
991 1652 1128 1683 naves
1161 1653 1217 1682 ex
1242 1637 1421 1687 diversa

133 1707 259 1752 trabe
277 1718 524 1763 contextae,
542 1720 819 1754 commeatus
839 1708 1016 1753 abunde
1036 1708 1227 1769 ferentes
1245 1711 1295 1758 ὃ(
1312 1712 1419 1772 tela,

134 1778 508 1826 &obsidionales
536 1780 791 1825 machinas:
818 1779 1140 1843 quinquaginta
1160 1781 1257 1828 aliae
1279 1783 1422 1830 bella-

135 1852 299 1915 trices,
332 1851 614 1915 totidemque
652 1852 707 1897 ad
733 1852 1130 1915 ,compaginandos
1167 1855 1421 1907 necefl‘ariae

132 1937 315 1988 pontes.

198 2001 276 2045 IV.
297 2000 361 2046 Re
377 1998 470 2062 ipsa
490 1995 759 2056 admoneor,
777 1998 993 2058 breviter,
1011 2012 1225 2063 quantum
1243 2001 1424 2051 medio-

136 2085 211 2116 cre
237 2069 381 2131 potest
407 2070 635 2133 ingenium
657 2105 670 2127 ,
700 2070 796 2116 haec
832 2070 1234 2121 instrumentorum
1258 2090 1421 2138 genera

136 2143 446 2205 ignorantibus
480 2143 815 2205 circumscripte
847 2144 1127 2193 monstrare:
1156 2149 1206 2195 ὃ(
1238 2149 1420 2196 ballistae

138 2213 279 2278 figura
309 2216 543 2263 docebitur
562 2217 718 2279 prima.
739 2219 917 2263 Ferrum
942 2216 1058 2283 inter
1081 2220 1283 2269 axiculos
1301 2222 1420 2270 duos

138 2286 315 2335 firmum
337 2290 678 2352 compaginatur
699 2291 749 2338 δέ
775 2290 947 2337 vastum
966 2326 980 2349 ,
1006 2285 1051 2337 in
1080 2294 1264 2340 modum
1286 2312 1421 2358 regu-

139 2362 194 2409 lae
221 2362 400 2425 majoris
434 2377 665 2410 extentum
700 2383 710 2410 ε
747 2363 873 2425 cujus
907 2382 962 2411 ex
989 2365 1226 2414 volumine
1260 2369 1421 2426 tereti,

138 2436 265 2498 quod
305 2435 350 2481 in
390 2437 539 2482 medio
577 2453 645 2483 ars
685 2437 828 2499 polita
875 2440 1114 2501 componit
1133 2475 1148 2496 ,
1179 2441 1420 2503 quadratus

139 2510 306 2557 eminet
332 2509 451 2556 stilus
470 2512 693 2557 extentius
712 2544 726 2566 ,
744 2512 868 2557 reito
895 2513 1058 2561 canalis
1081 2514 1251 2578 angusti
1272 2527 1419 2562 meatu

204 2586 424 2633 Ammian.
453 2586 690 2633 Marcellin.
726 2589 771 2634 V
768 2590 820 2634 ol„
843 2588 879 2636 l,
1184 2585 1227 2642 Y·
