1626 2917
217 168 293 201 xit
406 156 784 201 AMMJANJ
834 155 1339 200 MARCELLINI

202 264 633 326 fideprogrffsunt.
664 261 811 308 Nemo
840 259 940 307 sane
971 262 1126 323 pagani
1146 262 1322 325 spiritus
1351 262 1495 308 homo

218 330 279 375 fic
317 330 589 391 loqueretur.
629 327 752 387 Quid
788 341 899 373 vero
938 327 990 372 de
1021 328 1196 374 Juliano
1232 327 1379 374 scribit
1417 327 1496 375 lib.

215 394 355 441 XXII
384 396 433 441 &
466 393 639 439 XXV?
675 394 789 437 Inter
813 410 925 452 quae,
957 392 1132 451 inquit,
1165 411 1251 439 erat
1279 395 1388 438 illud
1422 395 1497 438 in-

217 465 389 505 clemens
416 494 431 516 ‚
464 463 577 519 quod
606 461 741 502 docere
771 459 895 502 vetuit
932 459 1142 521 magistros
1178 460 1417 504 Rhetoricos
1453 455 1497 503 δ’

218 526 529 570 Grammaticos
561 524 814 588 Christianos
831 556 845 578 ‚
874 524 918 566 ni
941 521 1165 586 tranfifflrn
1191 527 1250 568 ad
1273 527 1496 568 numinum

217 594 385 635 cultum.
410 588 523 634 Illud
554 588 673 633 enim
702 603 860 633 verum
885 586 977 644 est,
1006 588 1068 634 ob
1103 589 1311 650 gentiiem
1344 588 1498 649 super-

215 654 441 700 stitionem
471 652 692 700 Iulianum
721 652 775 698 ab
805 668 861 697 eo
891 668 1119 714 nunquam
1152 653 1355 709 laudari3
1387 652 1501 715 quin

214 719 357 768 immo
378 718 495 764 libro
533 715 803 778 praecedenti
832 715 890 763 fic
925 717 978 762 de
998 734 1084 764 eo:
1114 721 1307 781 Pergebat
1331 720 1500 765 ulterius

214 788 466 844 Imperator,
482 785 660 844 placida
687 802 758 844 ope
777 782 995 837 numinis,
1023 799 1068 828 ut
1091 786 1395 841 arbitrabatur,
1416 801 1498 829 ere-

215 851 326 895 c‘Iior.
353 850 497 895 Caute
534 848 744 911 quidem,
776 847 898 909 quasi
931 847 1051 893 aliud
1082 847 1173 910 ipse
1207 849 1361 895 auster
1397 847 1499 895 sen-

215 914 332 959 tiret.
378 913 455 960 Illa
477 948 490 969 ‚
516 931 615 975 quae
644 914 697 959 de
725 912 966 960 antistitum
1003 913 1354 974 provincialium
1391 913 1502 960 vitae

215 977 434 1025 severiori
468 978 699 1040 disciplina
735 978 970 1024 traduntur
996 979 1051 1024 ab
1090 995 1146 1025 eo
1183 979 1259 1027 lib.
1290 980 1502 1038 XXVII,

217 1060 374 1090 nonne
407 1043 708 1090 Christianum
737 1044 889 1105 pefihrs
921 1042 1127 1105 sapiunt?
1170 1045 1290 1105 Quos
1320 1048 1501 1090 tenuitas

217 1112 365 1156 edendi
387 1113 646 1170 potandique
665 1107 922 1171 parcffme,
952 1112 1095 1155 vilitas
1125 1113 1248 1155 etiam
1282 1111 1500 1155 indumen-

217 1191 379 1230 torum,
407 1172 449 1220 G*
468 1175 697 1235 supercilia
722 1176 891 1221 humum
913 1174 1150 1235 speffantia
1167 1210 1180 1231 ,
1194 1190 1387 1235 perpetuo
1414 1193 1501 1219 nu-

218 1243 327 1285 mini
355 1241 534 1300 verisque
561 1239 651 1295 ejus
678 1241 897 1285 cultoribus
921 1256 967 1284 uc
987 1257 1116 1300 puros
1147 1243 1435 1285 commendant
1457 1236 1503 1285 δ’

216 1308 476 1352 verecundos.
505 1304 686 1352 Joviani
719 1305 866 1350 autern
897 1303 1086 1350 virtutes
1115 1320 1502 1361 commemorans,

217 1370 336 1416 inter
369 1383 513 1416 cetera
542 1369 632 1415 ait:
669 1371 907 1435 Clzristiarzae
933 1372 1032 1430 legis
1057 1372 1163 1414 idem
1183 1371 1415 1436 studiosas.
1455 1369 1503 1416 Si

217 1451 330 1498 ergo
364 1435 410 1480 in
449 1435 577 1481 laude
614 1433 796 1481 Joviani
823 1432 984 1495 ponit,
1015 1432 1318 1480 Christianum
1345 1433 1504 1488 fuiffe;

221 1501 274 1545 de
295 1498 547 1546 Christiana
569 1516 669 1545 eum
696 1499 791 1562 lege
816 1498 929 1544 bene
952 1497 1212 1544 existimaffe
1232 1499 1403 1544 neceffe
1425 1498 1502 1546 est.

220 1566 330 1612 Haec
350 1581 434 1627 pro
462 1564 683 1610 afferenda
701 1567 937 1610 Marcellini
961 1561 1234 1625 profeffione
1252 1566 1301 1610 &
1320 1562 1505 1626 religio-

219 1646 278 1676 ne
296 1630 443 1677 dicere
464 1629 619 1686 volui,
637 1645 692 1674 ne
718 1629 819 1691 quis
844 1644 943 1674 eum
967 1627 1148 1689 posthac
1166 1664 1180 1684 ‚
1206 1640 1257 1673 ut
1280 1644 1502 1691 paganum

222 1696 272 1741 ὅ(
295 1694 493 1741 melioris
515 1694 616 1740 voti
636 1693 858 1739 exsortem
881 1694 1166 1739 condemnet.
1186 1693 1298 1738 Sane
1318 1709 1420 1739 curn
1439 1694 1506 1740 Ju-

223 1760 327 1809 daeis
355 1776 450 1805 non
476 1758 630 1813 sentit,
659 1775 774 1818 quos
803 1758 879 1804 lib.
897 1758 1254 1817 XXIIfoetentes‚
1280 1777 1329 1804 ac
1347 1763 1504 1804 tumul-

222 1841 386 1871 tuantes
410 1837 562 1870 vocat.
600 1824 743 1870 Multa
775 1822 875 1868 sunt
905 1836 1052 1868 tamen
1082 1823 1128 1868 in
1158 1839 1215 1868 eo
1241 1822 1502 1870 Hellenismi

222 1890 433 1955 vestigia,
460 1888 609 1952 qualia
649 1887 774 1935 fuisse
798 1887 845 1934 in
876 1887 1138 1934 Christianis
1171 1888 1354 1934 illorum
1386 1900 1504 1934 tem-

223 1962 390 2015 porum
419 1953 693 2000 notissimum
713 1952 787 1999 est.
821 1952 939 2013 Quis
959 1953 1079 1998 enim
1112 1953 1358 2000 Jovianum
1384 1953 1505 1999 inter

223 2018 454 2080 Principes
487 2018 764 2066 Christianos
798 2033 893 2063 non
926 2017 1094 2065 refert?
1133 2018 1186 2064 de
1218 2033 1312 2080 quo
1345 2018 1505 2065 nobile

224 2083 421 2131 auftoris
440 2083 742 2129 testimonium
762 2082 1030 2144 protulimus
1049 2095 1166 2130 ante.
1191 2084 1249 2129 At
1270 2081 1402 2143 hujus
1421 2084 1504 2129 im-

225 2149 338 2213 perii
370 2148 654 2210 primordio,
682 2151 731 2195 &
759 2146 915 2194 hostiae
949 2164 1034 2209 pro
1071 2164 1127 2194 eo
1160 2149 1421 2202 caeduntur,
1451 2148 1504 2195 δε

224 2227 330 2261 exta
362 2213 678 2275 inspefimntur,
700 2224 749 2258 ut
771 2212 889 2258 libro
917 2214 1054 2259 XXV
1074 2212 1347 2259 continetur.
1379 2214 1505 2258 Gen-

226 2279 388 2335 tilitas‚
421 2278 590 2324 macula
625 2276 708 2324 fuit
735 2289 822 2323 tam
856 2278 947 2324 elui
975 2277 1208 2339 pertinax,
1238 2289 1289 2323 ut
1317 2276 1504 2340 vestigia

227 2343 324 2406 ejus
353 2342 643 2390 remanserint
672 2341 934 2389 diutiffime:
966 2346 1015 2390 δι
1043 2342 1146 2388 dum
1179 2342 1226 2388 in
1252 2341 1354 2388 fidei
1382 2341 1504 2388 sum-

227 2426 346 2455 mam
377 2407 680 2455 consentirent
708 2420 885 2468 gentes,
905 2408 1042 2461 multa
1064 2407 1148 2452 inis
1171 2406 1302 2465 primi
1322 2407 1505 2471 religio·

232 2475 300 2520 nis
328 2473 542 2523 antistites
572 2474 622 2521 &
653 2472 927 2520 institutores
954 2473 1288 2522 condonabant.
