1626 2917
209 123 266 168 14
396 102 1288 153 AMMIANIMARCELLINI

195 211 418 277 flagravit.
437 210 613 270 Quibus
636 208 740 255 affis
765 209 975 273 pergebat
1000 211 1182 259 ulterius
1203 214 1476 275 Imperatorj

196 284 370 348 placida
388 299 476 344 ope
498 280 711 339 numinis,
725 294 773 327 ut
791 281 1101 338 arbitrabatur,
1118 284 1321 332 ere'ftior.
1337 285 1480 332 Cum·

194 377 283 424 que
304 357 641 421 Maogamalcha
663 355 849 402 venisset
871 391 883 413 ,
915 356 1070 402 urbem
1094 374 1297 420 magnam
1327 360 1376 406 &
1410 375 1479 405 va·

194 435 296 480 lidis
326 430 646 478 circumdatam
673 428 900 476 moenibus
919 464 931 484 ,
960 430 1168 478 tentoriis
1193 429 1294 479 fixis
1318 432 1479 495 provi-

195 508 261 552 dit
294 504 484 552 sollicite
504 540 516 560 ,
554 519 610 549 ne
643 502 780 549 castra
805 502 1043 565 repentino
1073 502 1294 566 equitatus
1319 504 1479 552 Persici

191 579 484 626 turbarentur
514 575 727 623 accursu:
757 574 882 637 cujus
913 575 1137 622 fortitudo
1180 577 1224 622 in
1249 577 1362 624 locis
1397 595 1478 641 pa-

191 651 392 698 tentibus
425 650 616 696 immane
648 663 864 712 quantum
900 650 1106 712 gentibus
1134 650 1195 696 est
1225 651 1479 700 formidata.

193 725 250 769 Et
286 724 379 769 hoc
410 721 626 783 disposito
648 756 661 778 ‚
696 720 881 783 stipatus
915 722 1126 768 velitibus
1155 724 1309 786 paucis
1335 756 1349 778 ‚
1380 724 1472 787 ipse

193 812 378 860 quoque
409 795 542 857 pedes
564 793 761 841 civitatis
791 792 918 839 situm
947 794 1150 858 diligenti
1184 795 1476 860 inquisitione

191 871 509 932 exploraturus
531 903 544 926 ‚
574 868 621 913 in
653 866 925 930 perniciosas
947 868 1247 931 praecipitatus
1272 869 1477 927 infidias,

191 960 250 990 ex
277 941 374 1004 ipso
412 941 520 987 vitae
549 939 804 987 discrimine
832 940 1008 986 tandem
1047 941 1232 987 emersit.
1269 943 1477 1006 Namque

192 1035 272 1081 per
310 1017 521 1063 latentem
556 1015 714 1078 oppidi
744 1027 920 1077 portam
959 1015 1096 1061 Persae
1135 1016 1477 1063 decemvarmati

192 1089 400 1153 degreffi,
422 1089 598 1152 imaque
627 1089 858 1134 clivorum
896 1089 1197 1150 pervadentes
1228 1089 1477 1151 poplitibus

190 1163 460 1210 subsidendo
481 1198 495 1220 ‚
515 1161 754 1225 repentino
773 1162 945 1224 impetu
965 1161 1144 1208 nostros
1161 1163 1340 1226 aggreffi
1360 1162 1476 1211 sunt.

190 1239 229 1284 E
253 1237 415 1300 quibus
437 1236 528 1282 duo
562 1234 918 1295 conspectiorem
941 1235 1095 1281 habitu
1117 1236 1366 1299 Principem
1386 1238 1477 1300 gla-

191 1310 276 1356 diis
305 1308 473 1371 petiere
508 1305 739 1352 distriffis:
772 1305 844 1352 sed
871 1307 1069 1354 occurrit
1098 1307 1257 1354 iffibus
1284 1309 1476 1357 ereEtum

194 1381 324 1428 altius
350 1380 547 1427 scutum:
582 1393 676 1441 quo
707 1379 940 1426 contectus
962 1396 1118 1442 magna
1135 1380 1338 1444 elataque
1358 1379 1477 1428 fidu-

193 1457 260 1503 cia
294 1452 426 1500 unius
455 1450 583 1498 lateri
614 1450 778 1498 ferrum
806 1450 957 1497 infixit
985 1469 995 1498 :
1023 1453 1210 1499 alterum
1246 1454 1476 1517 stipatores

191 1523 499 1588 multiplicatis
531 1524 688 1570 iffibus
721 1524 1004 1570 occiderunt.
1041 1524 1242 1571 Residuis
1263 1561 1277 1584 ,
1315 1542 1339 1572 e
1374 1525 1478 1590 qui·

194 1602 275 1648 bus
297 1596 524 1646 vulnerati
554 1596 655 1643 sunt
685 1597 854 1659 aliqui,
882 1596 1070 1658 disjeffis
1100 1597 1145 1643 in
1171 1596 1315 1661 fugam
1333 1633 1347 1656 ‚
1369 1597 1489 1661 spo?

192 1674 393 1737 liatisque
423 1671 644 1718 ambobus
658 1707 672 1728 ,
693 1671 910 1717 reducens
931 1672 1181 1718 incolumes
1203 1671 1351 1719 socios
1371 1689 1473 1719 cum

191 1747 370 1796 exuviis
396 1745 619 1793 remeavit
648 1746 704 1792 ad
735 1746 873 1793 castra
905 1782 918 1804 ,
955 1747 1163 1793 omnium
1193 1746 1346 1792 laetitia
1377 1764 1474 1794 ma-

193 1838 278 1886 gna
315 1818 556 1882 susceptus.
593 1818 773 1865 Sustulit
808 1819 854 1864 in
886 1819 1011 1865 hoste
1039 1819 1263 1882 prostrato
1293 1836 1474 1867 aureum

193 1894 303 1941 colli
344 1893 514 1941 monile
548 1894 806 1956 Torquatus
837 1910 847 1940 :
897 1891 1011 1938 fudit
1048 1890 1471 1941 confidentissimum

194 1967 375 2015 Gallum
400 1967 516 2013 alitis
541 1966 908 2030 propugnatione
934 1964 1167 2020 Valerius,
1206 1965 1359 2027 postea
1391 1982 1475 2013 co-

193 2052 443 2103 gnomento
464 2039 722 2086 Corvinus:
753 2039 923 2102 hacque
942 2038 1084 2101 gloria
1101 2037 1347 2100 posteritati
1374 2039 1474 2086 sunt

195 2113 513 2160 commendati.
548 2129 640 2158 non
671 2112 927 2159 invidemus
947 2130 958 2159 ε
982 2111 1160 2159 accedat
1178 2111 1267 2158 hoc
1288 2128 1474 2176 quoque

193 2184 498 2232 monumentis
533 2185 757 2232 veteribus
778 2183 950 2232 facinus
981 2183 1231 2247 pulchrum.
1254 2185 1473 2231 Constra-

194 2259 250 2305 tis
287 2258 499 2320 postridie
523 2260 737 2323 pontibus
767 2295 779 2317 ,
823 2258 1113 2322 exercituque
1160 2257 1376 2320 tt·aje6to,
1419 2261 1471 2308 δε

194 2333 366 2380 metatis
386 2333 490 2379 alibi
521 2333 732 2380 salubrius
753 2333 902 2381 castris
932 2332 1055 2379 vallo
1078 2332 1249 2394 duplici
1275 2333 1469 2379 circum-

195 2407 361 2465 duffis,
387 2405 628 2472 quoniam,
658 2419 706 2455 ut
731 2406 925 2458 diximus
947 2441 964 2468 ‚
998 2405 1271 2454 timebantur
1308 2405 1468 2453 solitu-
