1626 2917
302 213 521 261 RERUM
554 211 887 260 GESTARUM
922 212 1024 257 ΜΒ.
1056 210 1181 257 XXI.
1283 208 1369 272 2533

117 321 370 370 vinciarum
387 321 600 369 sumtibus
617 320 784 383 magnis
802 319 941 366 erexit
960 319 1004 374 in
1023 318 1178 366 Galliis
1195 319 1244 365 &
1265 319 1381 364 Pan-

117 393 297 450 noniis,
325 391 464 439 titulis
492 391 713 455 gestorum
748 391 889 437 affixis
894 425 979 438 ......
1019 388 1061 435 se
1092 389 1243 453 quoad
1273 389 1383 435 stare

116 477 331 528 poterunt
369 476 662 512 monumenta
693 463 880 510 leffiiriS.
913 462 1174 517 Uxoribus,
1206 479 1258 508 ac
1291 461 1385 523 spa-

116 539 288 584 donum
308 537 561 602 gracilentis
580 538 774 585 vocibus
789 572 803 596 ,
832 538 882 584 &
900 535 1103 599 palatinis
1121 533 1385 596 quibusdam

117 609 304 657 nimium
332 623 547 672 quantum
580 610 798 664 addis'cus,
835 609 890 655 ad
922 608 1090 671 singula
1121 605 1213 668 ejus
1246 606 1386 654 verba

116 682 451 744 plaudentibus,
478 683 527 730 &
547 681 654 745 quid
672 678 751 728 'ille
780 680 867 742 ajat
892 681 964 730 vel
997 691 1224 743 neget,t‚tit
1251 678 1387 725 affen-

116 754 192 800 tiri
212 755 402 817 poffint,
429 753 783 800 observantibus.
807 753 1009 817 Augebat
1026 752 1156 799 etiam
1180 749 1387 798 amaritu-

116 827 268 874 dinem
297 841 548 890 temporum
571 826 868 890 flagitatorum
898 824 1116 887 rapacitas
1136 824 1388 886 inexpleta,

117 900 219 963 plus
233 901 446 948 odiorum
459 902 516 955 ei,
528 917 658 963 quam
673 899 892 962 pecuniae,
908 897 1253 945 conferentium.
1270 899 1389 944 Hoc·

117 988 205 1033 que
229 973 378 1019 multis
405 971 715 1020 intolerantius
743 969 1000 1029 videbatur,
1022 970 1147 1033 quod
1175 986 1257 1016 nec
1286 985 1388 1015 cau-

117 1042 205 1090 sam
227 1044 468 1107 aliquando
487 1044 685 1101 audivit,
707 1058 789 1088 nec
812 1040 1150 1103 provinciarum
1169 1039 1389 1086 indemni-

117 1116 194 1161 tati
225 1114 475 1177 prospexit,
498 1132 599 1162 cum
630 1111 934 1175 multiplicatis
964 1111 1140 1157 tributis
1167 1113 1216 1159 &
1247 1112 1388 1159 veiti-

118 1187 288 1250 galibus
308 1201 590 1251 vexarentur.
620 1189 810 1250 Eratque
830 1186 962 1248 super
982 1185 1050 1231 his
1073 1184 1266 1231 adimere
1284 1184 1392 1231 faci-

116 1262 191 1320 lis,
210 1279 310 1325 quae
327 1263 531 1309 donabat.
546 1262 842 1309 Christianam
860 1259 1125 1322 religionem
1141 1257 1391 1306 absolutam

117 1335 168 1382 ὅ(
185 1334 424 1398 simplicem
443 1333 547 1380 anili
567 1332 876 1395 superstitione
895 1329 1182 1377 confundens
1202 1347 1213 1376 ε
1236 1329 1282 1376 in
1301 1346 1391 1393 qua

119 1404 347 1453 scrutanda
370 1405 651 1468 perplexius,
680 1420 814 1467 quam
840 1403 1157 1464 componenda
1180 1402 1356 1465 gravius
1376 1435 1392 1459 ,

120 1478 333 1525 excitavit
351 1477 527 1525 discidia
544 1476 758 1539 plurima;
773 1492 871 1538 quae
890 1475 1111 1538 progressa
1130 1474 1265 1521 fufius
1283 1474 1393 1521 aluit

119 1549 458 1598 concertatione
483 1550 752 1596 verborum:
777 1561 827 1595 ut
855 1549 1047 1596 catervis
1065 1548 1304 1595 antistitum
1325 1548 1393 1610 ju-

120 1622 282 1669 mentis
318 1621 506 1684 publicis
539 1622 661 1668 ultro
700 1620 905 1684 citroque
940 1620 1281 1668 discurrentibus
1313 1639 1392 1684 per

121 1696 355 1759 synodos,
391 1712 499 1759 quas
530 1693 783 1758 appellant,
818 1694 922 1739 dum
956 1693 1091 1740 ritum
1123 1710 1304 1740 omnem
1336 1694 1391 1740 ad

122 1768 246 1816 suum
279 1769 450 1816 trahere
485 1781 707 1817 conantur
734 1766 988 1823 arbitrium,
1015 1767 1078 1812 rei
1107 1765 1393 1813 vehiculariae

119 1828 365 1888 succideret
390 1857 572 1889 nervos.
593 1841 750 1903 Figura
771 1838 845 1885 tali
864 1837 1035 1900 situque
1053 1838 1357 1884 membrorum
1378 1854 1391 1883 ε

119 1915 325 1980 subniger
338 1951 351 1974 ,
371 1916 467 1964 luce
486 1915 725 1962 oculorum
745 1913 883 1971 edita,
903 1911 1172 1975 cernensque
1188 1925 1393 1970 acutum,

121 1988 250 2036 molli
279 1987 469 2051 capillo,
499 1988 600 2034 ralis
622 1987 785 2034 affidue
815 1985 936 2050 genis
962 1984 1211 2031 lucentibus
1237 1985 1291 2032 ad
1315 1985 1393 2031 de-

123 2077 276 2107 corem
293 2096 307 2121 ‚
322 2062 376 2108 ad
397 2061 529 2124 usque
551 2060 714 2123 pubem
733 2061 784 2106 ab
806 2059 904 2121 ipsis
930 2058 1038 2106 colli
1057 2057 1264 2106 confiniis
1285 2058 1394 2104 lon-

123 2133 255 2196 gior,
286 2134 550 2182 breviflimis
573 2134 772 2180 cruribus
804 2134 852 2179 δέ
877 2131 1076 2179 incurvis
1100 2150 1111 2178 :
1135 2132 1252 2178 unde
1283 2131 1394 2178 saltu

123 2206 297 2254 valebat
313 2208 363 2254 &
381 2206 526 2254 cursu.
544 2207 813 2254 PollinStum
832 2205 966 2269 igitur
989 2222 1153 2267 corpus
1173 2204 1366 2251 defunffi
1379 2240 1394 2264 ,

124 2279 446 2343 conditumque
470 2280 516 2327 in
537 2279 727 2338 loculis,
751 2277 964 2326 Jovianus
995 2277 1128 2324 etiam
1159 2289 1253 2324 tum
1285 2292 1394 2338 pro-

123 2352 266 2398 testor
284 2352 571 2410 domesticuS,
590 2370 691 2400 cum
711 2351 829 2415 regia
851 2350 1060 2414 prosequi
1083 2366 1246 2414 pompa
1266 2351 1392 2396 Con-

124 2423 461 2488 stantinopolim
493 2425 629 2489 usque
657 2424 790 2486 juffus
822 2423 910 2479 est,
935 2439 1075 2485 prope
1108 2419 1392 2469 necessitudi-

122 2515 199 2546 nes
220 2497 310 2559 ejus
328 2500 611 2549 humandum.
626 2489 768 2562 Eique
787 2497 1002 2546 vehiculo
1020 2495 1241 2554 insidenti,
1261 2492 1387 2557 quod
