1626 2917
184 201 246 241 44
352 183 616 230 AMMlAN.
659 180 1027 228 MARCELLINI
1067 183 1169 228 ΗΒ.
1199 183 1321 229 XIV.

182 289 415 336 auctoritas
446 289 690 335 emineret:
723 300 894 336 tantum
919 306 942 336 a
967 290 1220 352 temperatis
1251 289 1450 336 moribus

179 363 338 411 Juliani
370 363 575 410 differens
603 362 777 421 fratris,
803 377 1019 428 quantum
1052 364 1167 411 inter
1203 365 1451 428 Vespasiani

177 436 298 484 filios
341 436 423 483 fuit
464 435 779 499 Domitianum
816 440 864 486 δι
900 438 1069 484 Titum.
1115 437 1335 484 Affumtus
1369 456 1450 485 au-

177 523 268 556 tern
298 510 342 555 in
373 508 679 571 ampliffimum
708 500 904 556 fortunae
939 509 1156 573 fastigium
1175 546 1188 567 ‚
1217 509 1451 556 versabiles

177 580 272 640 ejus
303 595 450 626 motus
467 591 674 641 expertus
693 579 782 638 est,
815 580 894 644 qui
918 581 1076 627 ludunt
1109 581 1452 628 mortalitatem:

176 668 301 698 nunc
332 651 576 698 evehentes
608 650 820 713 quosdam
845 652 899 698 ad
923 652 1090 709 fidera,
1125 670 1246 700 nunc
1279 652 1325 698 in
1358 653 1453 699 Co·

176 723 275 786 cyti
306 722 531 786 profunda
563 735 825 787 mergentes.
854 722 977 784 cujus
996 725 1060 770 rei
1087 741 1189 771 cum
1218 725 1454 771 innumera

175 798 260 845 fint
277 798 481 861 exempla
501 834 515 855 ,
533 814 673 860 pauca
689 799 805 845 tactu
823 797 995 844 summo
1013 798 1319 845 transcurram.
1344 800 1454 845 Haec

176 869 361 918 fortuna
394 869 620 917 mutabilis
653 871 702 917 &
732 871 990 917 inconstans
1026 870 1129 918 fecit
1155 871 1453 934 Agathoclem

177 942 375 990 Siculum
401 960 457 990 ex
477 942 616 1006 figulo
646 959 794 1006 regem
815 978 827 999 ‚
846 943 1187 1006 &Dionysium
1206 980 1220 1002 ,
1254 944 1452 1008 gentium

176 1017 404 1067 Quondam
433 1028 649 1063 terrorem
673 1051 686 1071 ‚
712 1016 926 1063 Corinthi
961 1016 1161 1064 literario
1191 1016 1300 1063 ludo
1336 1034 1452 1079 prae-

176 1088 299 1134 fecit.
335 1090 444 1135 Haec
475 1089 831 1151 Adramytenum
866 1089 1127 1135 Andriscum
1161 1090 1205 1134 in
1251 1088 1452 1135 fullonio

178 1170 332 1206 natum
354 1196 369 1217 ‚
407 1159 873 1222 ad'pseudo-Philippi
897 1176 1064 1206 nomen
1082 1159 1261 1207 evexit:
1283 1162 1331 1208 &
1347 1162 1453 1207 Per-

176 1230 236 1279 sei
257 1232 501 1295 legitimum
521 1231 663 1280 filium
685 1244 823 1279 artem
837 1232 1063 1279 ferrariam
1082 1233 1143 1279 ob
1161 1234 1450 1296 quaerendum

174 1306 335 1353 docuit
373 1305 557 1354 victum.
587 1306 750 1354 Eadem
784 1306 1044 1352 Mancinum
1075 1305 1175 1368 post
1208 1305 1448 1368 imperium

176 1378 345 1425 dedidit
368 1378 657 1425 Numantinis
675 1414 689 1436 ‚
709 1379 953 1424 Samnitum
968 1377 1194 1424 atrocitati
1215 1378 1452 1425 Veturium

175 1452 227 1497 &
247 1450 489 1497 Claudium
511 1451 662 1498 Corfis
679 1485 693 1508 ,
714 1450 1031 1513 substravitque
1063 1448 1227 1495 feritati
1258 1451 1451 1497 Cartha-

176 1521 291 1585 ginis
318 1522 538 1586 Regulum
572 1540 583 1570 :
617 1522 738 1571 istius
769 1522 1004 1586 iniquitate
1032 1521 1272 1585 Pompeius
1299 1559 1313 1580 ,
1350 1523 1450 1585 post

175 1594 407 1657 quaesttum
442 1594 597 1659 Magni
632 1612 687 1642 ex
721 1612 872 1642 rerum
908 1594 1121 1659 gestarum
1163 1594 1453 1656 amplitudine

175 1679 528 1729 cognomentum
550 1702 564 1723 ,
593 1667 647 1713 ad
666 1666 915 1729 spadonum
934 1665 1160 1712 libidinem
1183 1665 1228 1711 in
1248 1667 1451 1728 AEgypto

175 1742 442 1789 trucidatur.
475 1744 530 1787 Et
557 1743 711 1788 Eunus
742 1741 919 1806 quidam
954 1738 1258 1802 ergastularius
1296 1739 1450 1787 servus
1476 1751 1488 1767 ⁶

176 1813 378 1860 ductavit
404 1813 451 1860 in
482 1814 630 1874 Sicilia
658 1814 887 1879 fugitivos.
915 1814 1066 1874 Quam
1097 1812 1227 1858 multi
1257 1812 1451 1875 splendi-

175 1887 238 1933 do
272 1886 381 1932 loco
410 1886 536 1944 nati,
563 1887 711 1933 eadem
754 1902 901 1933 rerum
931 1883 1114 1930 domina
1135 1883 1413 1932 connivente
1432 1920 1449 1945 ,

179 1957 374 2004 Viriathi
403 1974 545 2021 genua
579 1957 678 2005 sunt
709 1957 924 2021 amplexi,
955 1957 1031 2004 vel
1063 1957 1292 2019 Spartaci?
1333 1972 1450 2022 quot

176 2030 359 2091 capita,
400 2047 500 2094 quae
531 2031 746 2078 horruere
786 2045 934 2096 gentes
964 2066 978 2089 ,
1024 2029 1181 2077 funesti
1219 2030 1450 2080 carnifices

176 2103 455 2150 absciderunt
474 2104 492 2150 ?
519 2105 641 2151 Alter
669 2104 715 2151 in
738 2105 920 2153 vincula
947 2104 1124 2152 ducitur
1143 2140 1157 2162 ,
1178 2104 1287 2151 alter
1305 2104 1450 2168 inspe-

176 2187 284 2222 ratae
313 2174 552 2238 praeficitur
585 2176 792 2239 potestati
821 2214 835 2236 ,
866 2178 974 2225 alius
1004 2193 1029 2223 a
1055 2175 1226 2223 summo
1253 2177 1450 2225 culmine

177 2248 404 2312 dignitatis
435 2250 676 2299 excutitur.
709 2253 826 2312 Quae
854 2252 1003 2300 omnia
1025 2250 1056 2297 fi
1086 2250 1195 2298 scire
1216 2251 1450 2315 quisquam

176 2321 292 2368 velit
322 2339 455 2385 quam
483 2323 606 2371 varia
632 2325 716 2371 fint
747 2327 796 2373 ὃ(
814 2326 976 2373 affidua
995 2361 1010 2383 ‚
1041 2341 1273 2371 arenarum
1293 2341 1448 2371 nume-

178 2410 279 2439 rum
320 2392 437 2441 idem
478 2393 564 2456 jam
608 2396 857 2461 desipiens,
892 2399 942 2447 &
986 2395 1210 2444 montium
1248 2397 1449 2460 pondera

180 2464 366 2515 scrutari
390 2467 580 2532 putabit.
