1626 2917
236 133 323 177 232
443 115 789 161 AMMIANI
837 114 1335 162 MARCELLINI‘

233 221 343 269 stati.
385 221 523 268 Sensit
552 220 762 267 immensa
801 220 850 266 vi
886 221 1074 284 quadam
1110 234 1294 285 urgente
1326 220 1519 268 morbo:

232 314 332 343 rum
351 331 364 353 ‚
386 295 552 342 ultimae
582 293 844 340 necessitatis
872 292 1012 339 adeffe
1041 293 1293 355 praescripta
1313 312 1323 340 ε
1347 295 1518 340 dicere-

233 386 323 433 que
346 380 535 415 conatus
566 367 711 430 aliqua
745 366 822 412 vel
849 365 1087 424 mandare,
1116 378 1165 412 ut
1197 366 1409 430 singultus
1442 367 1517 413 ilia

234 442 433 489 crebrius
471 440 646 503 pulsans
669 477 682 498 ,
708 440 961 503 stridorque
996 438 1196 485 dentium
1227 441 1276 486 &
1306 440 1521 486 brachio-

232 532 333 561 rum
363 526 515 561 motus
546 515 671 561 velut
698 513 899 560 caestibus
927 512 1237 559 dimicantium
1269 513 1519 571 indicabat,

233 589 322 652 jam
369 588 598 651 superatus
644 587 981 647 liventibusque
1021 588 1208 634 maculis
1252 587 1487 635 interfusus
1505 623 1520 646 ‚

235 662 429 709 animam
452 662 528 707 diu
549 660 834 707 collufiatam
855 660 1053 715 efflavit,
1080 659 1220 706 aetatis
1241 659 1521 723 quinquage-

236 736 347 782 simo
369 753 490 782 anno
510 738 559 783 δε
584 736 773 799 quint03
799 733 1004 797 imperii,
1025 733 1174 780 minus
1199 744 1378 780 centum
1399 732 1492 779 dies
1507 766 1522 790 ‚

236 808 435 856 secundo
469 810 519 856 &
549 809 744 855 decimo.

303 885 400 929 VII.
433 882 668 944 Replicare
690 899 810 928 nunc
835 880 897 927 est
918 893 1230 943 opportunum
1247 917 1260 940 ,
1278 893 1327 927 ut
1347 879 1527 943 aliquo-

240 955 322 1002 ties
349 955 560 1012 fecimus,
588 958 637 1003 ὃ(
658 955 712 1001 ab
737 969 842 1001 ortu
873 955 1146 1019 primigenio
1176 956 1313 1017 patris
1341 954 1527 1016 hujusce

238 1027 461 1088 Principis
483 1027 678 1090 adusque
711 1027 844 1088 ipsius
870 1028 1045 1073 obitum
1077 1028 1196 1074 aestus
1225 1027 1321 1087 ejus
1353 1026 1530 1073 discut-³

239 1115 338 1145 rere
359 1115 436 1159 per
455 1099 662 1160 epilogos
683 1099 844 1145 breves
859 1135 873 1156 ‚
895 1116 978 1145 nec
999 1099 1217 1145 vitiorum
1238 1099 1528 1161 praetermisso

241 1170 496 1218 discrimine
519 1171 592 1217 vel
614 1171 844 1217 bonorum
861 1207 875 1227 ,
897 1188 996 1233 quae
1021 1171 1250 1234 potestatis
1276 1171 1528 1232 amplitudo

243 1245 530 1300 monstravit,
547 1244 712 1290 nudare
732 1244 861 1290 solita
880 1243 1050 1305 semper
1068 1244 1321 1289 animorum
1343 1244 1531 1292 interna.

245 1319 389 1364 Natus
420 1317 537 1377 apud
568 1317 748 1363 Cibalas
777 1317 1024 1362 Pannoniae
1048 1317 1266 1379 oppidum
1287 1316 1531 1364 Gratianus

245 1390 392 1453 major
420 1389 611 1454 ignobili
640 1389 799 1453 stirpe,
834 1389 1183 1453 cognominatus
1210 1388 1270 1434 est
1299 1406 1322 1434 a
1345 1389 1534 1450 pueritia

245 1464 389 1527 prima
409 1463 641 1520 Funarius,
662 1480 709 1509 ea
728 1481 776 1509 re
790 1499 803 1521 ‚
827 1463 954 1526 quod
972 1463 1173 1508 nondum
1195 1461 1373 1510 adultus
1398 1479 1532 1509 vena·

247 1538 334 1590 lem
370 1537 691 1586 circumferens
724 1536 909 1595 funem,
941 1536 1139 1600 quinque
1175 1536 1391 1582 militibus
1429 1553 1534 1583 eum

248 1627 405 1673 rapere
443 1610 590 1656 studio
632 1627 797 1672 magno
835 1609 1012 1657 conatis
1051 1626 1332 1673 nequaquam
1376 1610 1532 1656 cessit:

252 1684 481 1732 aemulatus
522 1686 838 1732 Crotoniatem
878 1685 1130 1740 Milonem,
1164 1684 1235 1732 cui
1275 1683 1389 1730 mala
1421 1683 1534 1746 saepe

252 1760 533 1806 cobaerenter
558 1761 674 1807 laeva
702 1777 834 1806 manu
861 1760 1071 1806 retinenti
1099 1759 1173 1806 vel
1205 1759 1387 1815 dextra,
1414 1758 1535 1804 nulla

253 1849 452 1895 unquam
476 1833 641 1880 virium
669 1833 893 1880 fortitudo
915 1833 1140 1880 abstraxit.
1163 1833 1239 1879 Ob
1266 1848 1374 1895 ergo
1398 1831 1537 1878 validi

253 1907 462 1967 corporis
486 1907 627 1953 robur
645 1943 659 1963 ,
680 1909 729 1954 &
749 1906 952 1969 peritiam
972 1907 1164 1953 militum
1193 1922 1320 1952 more
1341 1904 1536 1951 luctandi

255 1976 414 2022 notior
453 1979 629 2035 multis,
660 1977 760 2040 post
796 1978 1056 2041 dignitatem
1097 1976 1365 2041 protefioris
1405 1990 1538 2039 atque

253 2048 451 2106 tribuni,
477 2066 630 2096 comes
662 2049 842 2111 praefuit
869 2049 932 2096 rei
962 2049 1163 2096 castrensi
1196 2065 1274 2111 per
1303 2046 1501 2094 Africam
1523 2065 1536 2095 -:

255 2121 372 2166 unde
395 2121 622 2169 furtorum
652 2121 903 2184 suspicione
932 2123 1186 2178 comasius,
1215 2119 1536 2184 digressusque,

256 2193 402 2240 multo
426 2195 576 2256 postea
606 2195 700 2257 pari
729 2194 942 2257 potestate
974 2195 1234 2241 Britannum
1260 2193 1375 2239 rexit
1405 2209 1536 2238 exer-

258 2265 394 2312 citum
410 2301 423 2324 ,
455 2267 720 2331 tandemque
742 2268 925 2314 honeste
952 2268 1228 2314 sacramento
1251 2266 1446 2322 solutus,
1466 2281 1539 2311 re-

257 2338 392 2385 vertit
415 2338 470 2384 ad
494 2339 628 2386 larem
649 2358 659 2386 :
681 2341 729 2386 &
748 2356 877 2402 agens
903 2339 1060 2401 procul
1079 2356 1102 2384 a
1122 2338 1330 2401 strepitu,
1353 2336 1538 2383 mulsia-

257 2412 383 2460 tione
409 2411 636 2460 bonorum
672 2413 852 2460 afflictus
881 2412 942 2460 est
970 2430 993 2460 a
1026 2411 1294 2460 Constantio
1325 2412 1417 2458 hoc
1450 2426 1537 2456 no-
