1626 2917
202 115 259 145 22
409 94 745 142 AMMIANI
797 91 1276 141 M3ARCELLINI

199 199 461 262 profuderat
496 197 685 253 civitas;
722 210 1018 259 proruptores
1054 197 1128 244 alii
1160 215 1215 244 ex
1262 195 1490 245 contraria

203 273 403 319 fluminis
441 271 537 333 ripa
571 270 766 332 jumenta
796 286 880 316 nos
917 269 1145 334 sequentia
1179 287 1279 318 cum
1309 269 1492 332 pabula-

203 346 381 392 toribus
415 344 565 407 paucis
602 344 792 391 licenter
828 344 1080 406 palantibus
1109 343 1402 407 intercipiunt
1440 344 1492 389 &

205 421 493 468 obtruncant.
530 421 664 468 Unde
711 419 936 483 profefihts
977 422 1225 482 Imperator
1265 419 1402 466 iratus
1441 418 1493 465 δε

203 492 413 541 frendens
432 530 446 551 ‚
473 493 653 557 jamque
679 491 941 556 regionibus
962 492 1271 555 Ctesiphontis
1300 489 1493 553 propin-

201 582 344 628 quans
359 602 373 623 ,
394 564 558 613 celsum
580 565 808 612 castellum
834 564 1026 612 offendit
1048 567 1099 613 &
1118 564 1458 612 munitissimum
1481 579 1494 610 z

205 638 260 686 ad
287 637 412 700 quod
444 637 774 700 explorandum
796 636 925 684 ausus
951 636 1189 693 accedere,
1222 635 1457 683 obscurior
1476 668 1493 692 ‚

206 723 256 758 ut
296 711 386 774 ipse
431 712 608 758 rebatur
630 747 644 770 ‚
679 729 781 760 cum
816 710 964 774 paucis
996 710 1266 774 obequitans
1303 724 1456 755 muros
1478 743 1494 766 ‚
1563 766 1576 771 ἱ

131 832 133 836 .
205 786 435 849 pauloque
466 786 641 834 avidius
676 785 793 832 intra
829 786 988 848 jasium
1024 785 1220 831 telorum
1259 795 1496 846 repertus,

205 860 342 906 latere
366 876 461 905 non
497 859 679 922 potuit:
709 859 942 922 statimque
965 858 1245 906 diversorum
1270 855 1498 902 miffilium

206 933 327 979 nube
348 931 593 996 exagitatus
616 932 854 996 oppetisset
873 944 1105 979 tormento
1126 929 1308 987 murali,
1329 928 1375 974 ni
1398 927 1500 973 vul-

206 1019 366 1053 nerato
388 1006 612 1069 armigero
631 1042 646 1064 ,
666 1007 744 1070 qui
777 1006 906 1054 lateri
927 1006 1021 1067 ejus
1047 1007 1262 1061 haerebat‚
1284 1003 1376 1066 ipse
1401 1001 1499 1048 scu-

206 1091 362 1125 torum
395 1078 607 1125 denfitate
646 1080 911 1134 contefi'tus,
945 1079 1117 1126 evitato
1148 1092 1312 1139 magno
1349 1073 1501 1121 discri-

210 1153 331 1200 mine
360 1152 620 1200 disceffiffet.
640 1155 745 1212 Qua
765 1152 894 1200 causa
922 1152 1130 1199 concitus
1160 1150 1379 1206 immane,
1397 1164 1499 1193 mu-

210 1227 461 1272 nimentum
493 1225 708 1287 disposuit
735 1226 968 1283 obsidere,
1004 1222 1363 1287 prohibitoribus
1383 1220 1499 1267 acri-

212 1309 280 1344 ter
302 1299 354 1343 ad
376 1297 657 1344 resistendum
674 1296 882 1354 intentis,
902 1295 1028 1360 quod
1049 1296 1156 1342 loco
1176 1293 1372 1340 fidebant
1395 1308 1500 1354 pro-

212 1370 458 1432 pemodum
492 1368 747 1426 inaccesso,
777 1368 995 1431 quodque
1015 1383 1093 1413 rex
1125 1383 1229 1413 cum
1257 1362 1502 1412 ambitiosis

214 1442 360 1503 copiis
383 1441 571 1503 pastibus
599 1441 698 1489 citis
721 1442 932 1489 incedens
954 1440 1214 1503 propediem
1239 1437 1380 1486 affore
1400 1453 1502 1484 cre-

214 1515 415 1561 debatur.
434 1517 616 1579 Jamque
636 1515 781 1561 vineis
802 1517 851 1565 &
865 1515 1046 1561 residuis
1060 1513 1288 1570 omnibus,
1301 1529 1400 1575 quae
1418 1527 1501 1573 po·

213 1589 362 1637 scebat
387 1590 634 1649 obsidium,
657 1591 820 1653 paratis
840 1626 854 1648 ,
879 1587 1234 1653 vigiliasecunda
1252 1585 1470 1648 praecipiti
1485 1620 1502 1643 ,

217 1681 323 1710 cum
348 1680 442 1709 nox
476 1663 576 1711 casu
611 1677 721 1711 tunc
750 1663 895 1710 lunari
929 1662 1164 1726 spiendore
1201 1659 1378 1716 nitens,
1400 1659 1468 1704 his
1487 1693 1503 1714 ,

217 1736 298 1798 qui
319 1737 676 1800 propugnaculis
701 1737 954 1784 insistebant
970 1772 984 1794 ,
1005 1748 1155 1799 aperte
1189 1733 1347 1780 cunita
1366 1747 1504 1778 mon-

218 1812 372 1857 straret
392 1830 402 1857 ε
423 1824 605 1874 repente
631 1814 677 1858 in
699 1830 840 1860 unum
858 1813 1034 1876 pondus
1049 1809 1202 1858 cania
1224 1805 1468 1854 multitudo
1486 1840 1501 1863 ‚
1562 1805 1567 1811 ’

218 1882 445 1946 patesaffis
467 1883 615 1931 subito
650 1884 817 1947 portis,
849 1883 1023 1947 erupit:
1043 1881 1369 1941 cohortemque
1393 1893 1503 1922 nec-

221 1956 483 2018 opinantem
522 1958 676 2004 adorta
694 1994 708 2016 ‚
741 1957 1000 2013 nostrorum
1028 1953 1191 2003 cecidit
1220 1949 1505 2012 complures:

221 2028 339 2076 inter
369 2046 485 2086 quos
508 2030 641 2077 etiam
664 2030 870 2078 tribunus
889 2040 1113 2094 peremtus
1141 2024 1230 2081 est,
1254 2021 1506 2086 periculum

221 2101 481 2162 propulsare
518 2115 721 2150 conatus.
763 2105 881 2163 Quae
910 2117 1011 2148 cum
1044 2099 1103 2145 ita
1142 2107 1332 2160 aguntur
1355 2129 1370 2151 ‚
1405 2094 1504 2156 pari

225 2174 367 2219 modo
400 2187 448 2220 ut
469 2188 619 2230 antea,
642 2174 780 2223 Persae
797 2192 853 2222 ex
868 2171 1047 2220 adversa
1075 2167 1268 2216 fluminis
1289 2166 1382 2228 ripa
1404 2182 1508 2228 par-

222 2262 312 2293 tem
331 2246 479 2293 adorti
497 2247 751 2295 nostrorum
767 2285 780 2308 ‚
797 2246 1034 2295 interfeffis
1049 2242 1307 2307 quibusdam
1328 2275 1341 2298 ,
1365 2240 1501 2286 vivos

228 2336 385 2380 cepere
417 2322 678 2369 nonnuIIOS.
706 2326 758 2369 Et
785 2314 972 2377 timore,
995 2319 1120 2366 simul
1142 2316 1247 2380 quia
1275 2313 1440 2360 veniffe
1459 2313 1505 2358 in

198 2400 201 2401 ’
225 2389 443 2451 majorem
463 2410 697 2442 numerum
716 2395 862 2459 copiae
879 2393 1150 2458 putabantur
1170 2389 1378 2449 hostiles,
1397 2403 1502 2451 ege·
