1626 2917
213 219 303 253 202
405 201 757 252 AMMtANl
802 203 1293 252 MARCELLINI

210 327 292 375 per
325 310 474 358 aestum
511 311 631 357 arida
658 310 727 357 siti
765 323 987 374 reptantes
1022 330 1178 377 aquam
1210 313 1284 360 diu
1317 310 1489 376 qiiaerii

211 382 375 441 tando,
398 382 672 445 profundum
691 384 803 430 bene
828 384 1023 432 vidimus
1040 397 1219 448 puteum
1241 421 1254 442 ,
1273 385 1322 432 &
1341 400 1487 448 neque

210 455 505 502 descendendi
527 471 619 517 prae
641 455 877 502 altitudine
899 491 913 513 ‚
932 472 1015 503 nec
1036 457 1211 503 restium
1234 456 1382 503 aderat
1401 470 1487 502 co-

208 529 309 592 pia,
341 529 593 576 necessitate
617 529 811 577 docente
838 529 1058 593 postrema
1079 568 1093 591 ‚
1120 532 1379 579 indumenta
1399 531 1488 577 lin-

206 614 293 656 tea,
308 601 473 664 quibus
491 601 750 664 tegebamur
763 636 777 660 ,
793 601 838 647 in
857 601 1086 667 oblongos
1104 603 1359 651 discidimus
1376 619 1485 666 pan·

207 676 341 722 nulos
371 694 383 722 ε
417 676 564 732 unde,
594 675 820 737 explicato
843 674 948 722 fune
975 676 1147 740 ingenti
1169 713 1183 736 ,
1210 689 1450 725 centonem
1469 711 1486 735 ,

206 765 340 811 quem
355 748 435 794 sub
455 748 576 811 galea
595 765 707 794 unus
730 748 896 795 ferebat
914 765 938 795 e
956 749 1146 808 nostris,
1171 750 1339 797 ultimae
1360 761 1486 812 apta-

207 821 358 867 vimus
376 821 613 868 summitati
633 840 643 868 :
677 821 753 884 qui
775 839 853 884 per
876 822 1027 870 funem
1051 822 1280 885 conjeCius
1297 859 1309 882 ,
1330 821 1486 886 aquas-

207 911 296 958 que
318 895 523 941 hauriens
551 895 604 941 ad
625 895 820 956 peniculi
853 898 1037 943 modum
1053 932 1065 954 ‚
1087 896 1215 943 facile
1235 897 1347 944 sitim
1362 931 1375 953 ,
1401 912 1487 957 qua

206 967 518 1014 hauriebamus
533 1002 545 1024 ‚
565 966 792 1014 exstinxit.
813 968 946 1014 Unde
967 969 1045 1015 citi
1062 969 1311 1016 ferebamur
1330 969 1382 1016 ad
1400 967 1487 1014 ssu-

207 1058 311 1086 men
332 1040 601 1102 Euphratem
623 1076 637 1098 ,
655 1039 915 1086 ulteriorem
935 1040 1075 1102 ripam
1101 1039 1285 1102 petituri
1314 1055 1391 1101 per
1410 1055 1486 1085 na·

207 1131 312 1161 vem
331 1150 343 1171 ‚
374 1131 506 1177 quam
534 1112 848 1159 transfretandi
879 1114 1004 1160 causa
1036 1113 1231 1174 jumenta
1253 1115 1302 1161 &
1332 1112 1486 1159 homi-

205 1203 310 1241 nes,
330 1186 375 1231 in
399 1202 455 1232 eo
473 1186 613 1231 traslu
634 1185 843 1231 diuturna
865 1184 1142 1231 consuetudo
1163 1185 1345 1232 locarat.
1367 1187 1486 1231 Ecce

206 1270 353 1305 autem
401 1260 658 1304 Romanum
706 1274 864 1320 agmen
901 1275 1003 1305 cum
1037 1257 1311 1321 equestribus
1350 1257 1485 1320 signis

206 1331 435 1392 (lisjefiium
472 1332 645 1378 eminus
688 1331 910 1377 cernimus
926 1367 939 1389 ,
969 1332 1094 1394 quod
1137 1329 1484 1394 persequebatur

206 1403 451 1450 multitudo
484 1403 709 1449 Persarum
732 1438 746 1461 ‚
783 1403 1005 1450 incertum
1039 1403 1155 1449 unde
1189 1403 1359 1465 impetu
1392 1414 1483 1448 tam

206 1476 446 1538 repentino
484 1489 603 1539 terga
642 1475 845 1523 viantum
878 1475 1083 1539 aggressa.
1123 1477 1235 1535 Quo
1273 1474 1484 1537 exemplo

207 1548 449 1611 terrigenas
497 1547 602 1595 illos
643 1565 736 1595 non
776 1548 942 1594 sinibus
982 1559 1111 1594 terrae
1147 1546 1339 1594 emersos
1357 1583 1371 1606 ,
1411 1545 1485 1593 sed

205 1621 470 1668 exuberanti
500 1621 761 1684 pernicitate
792 1621 1012 1668 credimus
1036 1634 1196 1669 natos:
1223 1621 1331 1684 qui,
1366 1635 1486 1684 quo-

208 1695 323 1741 niam
350 1695 530 1758 inopini
557 1712 634 1757 per
656 1694 779 1741 varia
811 1693 1069 1741 visebantur
1086 1730 1100 1751 ,
1131 1695 1275 1756 Sparti
1305 1685 1485 1742 vocita-

204 1768 266 1826 ti,
286 1768 425 1814 humo
446 1767 660 1813 exsiluisse
674 1803 686 1824 ,
709 1765 927 1813 vetustate
941 1801 953 1823 ‚
977 1778 1026 1812 ut
1046 1778 1189 1813 cetera
1206 1802 1219 1822 ,
1241 1765 1485 1812 fabulosius

208 1840 456 1887 extollente
472 1876 484 1897 ,
504 1839 602 1886 sunt
620 1837 868 1886 existimati.
885 1839 987 1884 Hoc
1007 1837 1175 1884 conciti
1194 1874 1207 1895 ‚
1225 1855 1326 1885 cum
1347 1852 1484 1884 omne

207 1910 295 1974 jam
320 1911 422 1957 esset
452 1911 498 1956 in
528 1910 752 1958 celeritate
783 1907 926 1954 salutis
961 1907 1209 1970 praesidium
1230 1944 1244 1966 ,
1283 1925 1362 1970 per
1397 1907 1482 1952 du-

208 1998 322 2031 meta
346 1987 393 2032 ὅ(
416 1985 544 2030 silvas
568 1995 746 2030 montes
766 1981 954 2045 petimus
973 1982 1177 2029 celsiores
1201 2000 1211 2028 :
1233 1982 1483 2043 exindeque

209 2058 458 2106 Melitinam
503 2057 691 2104 minoris
730 2054 954 2102 Armeniae
989 2055 1205 2117 oppidum
1242 2053 1449 2100 venimus
1471 2071 1483 2100 :

208 2130 286 2176 ubi
325 2143 552 2193 repertum
588 2130 747 2176 ducem
784 2127 985 2176 comitati
1011 2126 1099 2190 jam
1135 2126 1441 2191 profeRuruin
1464 2161 1483 2187 ‚

207 2203 496 2250 Antiochiam
524 2203 766 2251 revisimus.

271 2278 351 2322 IX.
374 2278 544 2322 Interea
571 2276 714 2337 Sapor
733 2276 782 2322 &
803 2275 963 2333 Persae,
985 2273 1087 2338 quia
1104 2274 1285 2321 tendere
1304 2272 1392 2335 jam
1414 2272 1484 2319 in·'

210 2349 380 2397 trorsus
409 2361 625 2395 autumno
658 2348 878 2410 praecipiti
913 2348 1235 2411 haedorumque
1267 2345 1482 2409 improbo

212 2422 349 2469 sidere
375 2433 538 2468 exorto
577 2420 962 2482 prohibebantur,
992 2419 1195 2480 captivos
1225 2429 1400 2481 agentes
1430 2417 1481 2464 &

210 2495 378 2558 praedas
398 2530 412 2553 ‚
437 2510 631 2542 remeare
667 2495 924 2557 cogitabant
954 2494 1008 2540 ad
1041 2493 1128 2540 sua.
1150 2494 1268 2540 Inter
1305 2492 1398 2539 haec
1419 2503 1482 2537 ta-
