1626 2917
241 197 459 245 RERUM
493 196 831 243 GESTARUM
865 194 969 242 LIB.
1008 193 1154 242 XVII.
1259 211 1347 259 157
1382 251 1387 259 N

75 306 194 371 phali
224 307 435 371 regreffus
460 305 520 354 est
538 342 552 366 ‚
587 308 635 354 &
670 305 880 353 militares
915 303 1088 351 numeri
1111 301 1346 350 destinatas

76 393 329 428 remearunt
350 381 483 428 sedes·
989 372 993 376 ’

140 453 267 500 XIV.
289 453 419 500 Hisce
439 452 590 499 iisdem
612 451 763 498 diebus
783 450 996 513 Prosper,
1016 450 1064 497 &
1096 448 1354 512 Spefiiatus‚‘

77 537 209 588 atque
229 525 475 572 Eustathius
490 524 622 588 legati
643 526 695 570 ad
707 523 873 581 Persas,
888 536 936 571 ut
952 523 1077 585 supra
1097 522 1352 582 docuimus,

78 599 189 646 miffi
208 632 222 653 ‚
252 600 541 662 Ctesiphonta
563 599 790 646 reversum
821 615 968 662 regem
1001 597 1174 655 adiere,
1207 597 1355 645 literas

80 670 358 733 proferentes
390 670 674 733 Imperatoris
709 672 757 718 &
789 686 1001 717 munera:
1026 667 1356 732 poscebantque

79 743 212 790 rebus
229 743 410 807 integris
427 760 579 806 pacem
594 779 607 801 ,
623 745 671 790 &
687 743 1000 789 mandatorum
1018 757 1238 788 memores
1254 740 1357 788 nus-

80 831 212 878 quam
229 816 282 861 ab
295 816 483 863 utilitate
499 816 633 863 Rom.
650 814 711 860 rei
728 813 1037 876 majestateque
1058 812 1356 871 discedebant,

82 888 288 935 amicitiae
314 887 464 935 foedus
490 887 570 934 sub
597 887 678 933 hac
698 886 792 949 lege
814 884 979 931 firmari
1004 885 1164 931 debere
1190 886 1358 933 asseve-

82 976 230 1007 rantes
247 995 260 1017 ‚
283 978 337 1007 ne
359 960 486 1022 super
505 958 726 1004 turbando
746 956 969 1003 Armeniae
993 955 1066 1002 vel
1095 955 1358 1017 Mesopota-

85 1034 186 1080 miae
216 1034 326 1080 statu
352 1032 593 1096 quidquam
613 1043 884 1078 moveretur.
907 1029 1004 1077 Diu
1025 1029 1160 1091 igitur
1177 1030 1238 1076 ibi
1257 1046 1360 1075 mo-

85 1106 201 1163 rati,
229 1122 329 1153 cum
356 1102 741 1150 obstinatissimum
778 1117 924 1165 regem
945 1136 960 1158 ,
1001 1100 1078 1146 nisi
1114 1100 1268 1146 harum
1287 1118 1361 1146 re-

85 1178 271 1242 gionum
301 1175 508 1224 dominio
540 1175 619 1221 fibi
654 1174 911 1235 adjudicato
938 1209 951 1232 ‚
993 1172 1363 1219 obdurescent-em

86 1253 144 1299 ad'
167 1251 479 1313 suscipiendam
499 1251 743 1297 'cernerent
770 1264 922 1310 pacem
939 1281 953 1301 ‚
994 1245 1180 1308 negotio
1216 1246 1362 1292 redie—

85 1337 191 1372 runt
214 1323 396 1371 infe6io.
415 1323 517 1369 Post
538 1323 663 1385 quod
683 1359 695 1382 ,
717 1322 760 1368 id
789 1319 928 1383 ipsum
952 1318 1266 1365 conditionum
1282 1334 1365 1364 ro·-v

88 1398 201 1444 bore
220 1396 311 1460 pari
331 1394 626 1458 impetraturi,
648 1393 921 1440 Lucillianus
941 1391 1086 1437 missus
1100 1389 1160 1435 est
1182 1407 1333 1437 comes
1347 1426 1365 1447 ,

89 1472 138 1517 &
170 1468 417 1530 Procopius
436 1480 542 1513 tunc
562 1465 759 1511 notarius
774 1501 787 1522 ,
812 1464 891 1526 qui
912 1462 1064 1525 postea
1093 1462 1216 1508 nodo
1243 1479 1364 1525 quo-

91 1541 191 1587 dam
222 1539 439 1587 violentae
467 1538 729 1586 necessitatis
745 1536 971 1583 adstrifflus
989 1570 1002 1592 ,
1020 1534 1074 1581 ad
1095 1550 1162 1581 res
1182 1534 1364 1583 consur-

90 1612 207 1664 rexit
236 1629 399 1663 novas.
