1626 2917
283 212 286 221 ⁴
324 215 542 262 RERUM
576 214 912 263 GESTARUM
948 215 1051 263 ΠΒ.
1087 216 1214 264 XVI.
1347 236 1408 281 97

134 339 239 371 cum
266 358 279 379 ‚
311 322 388 368 vel
422 322 590 369 addidit
623 323 827 385 quaedam
861 323 1052 386 imperio
1075 359 1089 381 ,
1120 338 1194 370 aut
1224 323 1408 388 usquam

132 396 179 442 in
209 396 530 443 neceffitatibus
560 396 739 443 summis
774 396 942 458 primus
964 432 978 454 ‚
1011 397 1084 443 vel
1104 397 1219 443 inter
1239 399 1409 460 primos

132 468 195 515 est
228 468 349 516 visus
374 486 385 515 :
417 468 490 514 sed
517 481 566 515 ut
589 485 801 531 pompam
830 469 960 515 nimis
979 482 1200 516 extentam
1222 506 1235 527 ‚
1257 470 1410 533 rigen-

131 542 284 605 tiaque
310 558 424 589 auro
447 542 640 600 vexilla,
662 545 712 590 ὅ(
736 542 1117 605 pulchritudinem
1146 543 1410 605 stipatorum

132 615 383 662 ostenderet
408 616 555 679 agenti
587 615 870 678 tranquillius
907 615 1081 678 populo
1099 651 1112 673 ‚
1140 616 1234 662 haec
1261 617 1337 663 vel
1358 617 1412 663 fi-

132 687 235 734 mile
264 689 504 752 quidquam
545 686 696 733 videre
729 704 812 733 nec
845 687 1036 749 speranti
1067 705 1288 750 unquam,
1328 706 1412 736 nec

136 761 308 822 optanti
324 779 334 807 :
353 761 566 824 ignorans
585 759 763 806 fortaffe
779 795 791 817 ‚
812 758 1028 822 quosdam
1061 775 1266 808 veterum
1286 762 1413 824 prin-

135 833 286 896 cipum
316 832 360 879 in
392 849 499 895 pace
527 832 706 895 quidem
737 831 964 877 littoribus
986 831 1109 877 fuiffe
1141 846 1414 882 contentos:

134 907 214 954 ubi
251 922 364 954 vero
400 905 669 967 proeliorum
703 904 837 950 ardor
877 904 990 949 nihil
1027 905 1200 966 perpeti
1238 920 1416 968 poterat

136 975 293 1038 segne,
324 977 456 1022 alium
490 975 724 1022 anhelante
753 975 913 1021 rabido
936 974 1045 1021 flatu
1076 990 1317 1023 ventorum
1349 979 1416 1024 le-

137 1047 339 1094 nunculo
371 1046 412 1092 se
439 1045 702 1093 commisisse
734 1046 941 1109 piscantis
958 1083 970 1103 ‚
987 1047 1122 1094 alium
1155 1049 1210 1094 ad
1237 1051 1418 1096 Decio-

136 1138 235 1167 rum
253 1118 457 1181 exempla
478 1117 656 1167 voviffe
675 1134 760 1181 pro
784 1118 1014 1181 republica
1033 1119 1234 1181 spiritum
1247 1159 1260 1178 ,
1279 1122 1417 1170 alium

135 1193 312 1241 hostilia
339 1194 474 1240 castra
497 1209 575 1256 per
592 1191 868 1255 semetipsum
890 1210 991 1239 cum
1014 1194 1230 1241 militibus
1251 1195 1418 1243 infimis

136 1266 411 1330 explorasse:
432 1264 634 1313 diversos
655 1265 847 1330 denique
865 1267 1032 1313 affibus
1051 1267 1299 1315 inclaruisse
1319 1287 1418 1317 ma-

138 1338 341 1404 gnificis,
375 1351 424 1385 ut
466 1338 681 1401 gloriosas
720 1338 813 1385 suas
858 1356 926 1385 res
962 1339 1207 1400 posteritati
1252 1343 1419 1390 celebri

136 1413 354 1463 memoria
381 1412 762 1461 commendarent.
798 1416 861 1460 Ut
890 1413 1026 1475 igitur
1057 1415 1195 1461 multa
1228 1433 1416 1480 quaeque

140 1486 373 1534 consumta
398 1485 499 1531 sunt
522 1485 569 1529 in
590 1496 799 1546 apparatu
806 1519 906 1531 .......
937 1484 1128 1532 secunda
1149 1486 1287 1533 Orfiti
1308 1505 1420 1550 prae-

139 1560 330 1616 feStura,
347 1556 600 1604 transcurso
625 1557 865 1614 Ocriculo,
892 1557 1030 1603 elatus
1052 1558 1304 1606 honoribus
1324 1579 1420 1608 ma-

141 1634 239 1698 gnis
254 1668 267 1691 ‚
301 1631 565 1695 stipatusque
587 1630 836 1693 agminibus
862 1631 1182 1691 formidandis‚
1205 1646 1420 1698 tanquam

142 1705 236 1752 acie
254 1703 499 1751 ducebatur
520 1701 751 1760 instrucia,
773 1703 978 1750 omnium
1000 1706 1143 1752 oculis
1163 1706 1208 1752 in
1226 1724 1282 1753 eo
1304 1724 1421 1754 con-

141 1779 259 1826 tuitu
289 1776 506 1840 pertinaci
539 1775 733 1822 intentis,
769 1776 976 1840 Cumque
1008 1778 1108 1824 urbi
1138 1780 1421 1843 propinqua-

142 1862 237 1907 ret,
266 1848 439 1895 senatus
466 1847 641 1905 officia,
670 1848 1022 1912 reverendasque
1050 1851 1247 1913 patriciae
1274 1851 1422 1915 stirpis

143 1923 308 1986 effigies
326 1939 406 1969 ore
427 1922 582 1981 sereno
604 1922 913 1983 contemplans
930 1959 944 1981 ,
965 1939 1061 1969 non
1083 1936 1134 1970 ut
1159 1924 1322 1972 Cineas
1345 1925 1421 1972 ille

141 1997 307 2061 Pyrrhi
335 1996 501 2059 legatus
525 1995 572 2042 in
603 2013 740 2042 unum
764 1997 961 2043 coactam
991 1998 1324 2046 multitudinem
1344 2017 1418 2047 re-

144 2087 276 2133 gum,
302 2068 374 2116 sed
402 2069 576 2132 asylum
605 2069 760 2114 mundi
795 2069 932 2116 totius
965 2070 1103 2116 adeffe
1134 2071 1422 2122 existimabat.

143 2142 277 2189 Unde
294 2159 396 2189 cum
410 2141 451 2188 se
470 2141 665 2188 vertisset
685 2142 738 2187 ad
754 2141 926 2203 plebem
938 2178 949 2196 ,
969 2142 1190 2205 stupebat,
1205 2161 1290 2206 qua
1307 2146 1422 2193 cele-

144 2215 274 2262 ritate
291 2231 451 2272 omne,
469 2215 594 2278 quod
613 2214 778 2278 ubique
799 2214 881 2271 est,
898 2216 1134 2262 hominum
1158 2234 1295 2280 genus
1313 2236 1424 2266 con-

146 2285 327 2332 fluxerit
353 2287 546 2332 Romam
565 2304 576 2333 ε
597 2288 646 2333 &
667 2299 876 2348 tanquam
904 2289 1170 2350 Euphratem
1190 2307 1422 2338 armorum

146 2360 292 2422 specie
318 2360 550 2407 territurus
577 2373 653 2407 aut
679 2361 911 2418 Rhenum,
930 2362 1186 2410 altrinsecus
1216 2381 1423 2425 praeeunff

147 2433 266 2480 tibus
300 2432 458 2494 signis,
488 2433 702 2480 insidebat
731 2449 868 2479 aureo
899 2432 1016 2478 solus
1051 2434 1139 2497 ipse
1172 2448 1419 2497 carpento,

149 2506 337 2570 fulgenti
357 2507 615 2554 claritudine
634 2507 830 2570 lapidum
856 2508 1085 2555 variorum
1107 2526 1114 2556 :
1138 2526 1231 2571 quo
1252 2510 1422 2556 mican-

209 2584 429 2629 Ammian.
448 2583 686 2630 Marcellin.
717 2585 762 2627 V
759 2584 812 2629 ol.
834 2583 872 2631 I.
984 2625 988 2629 .
1027 2644 1031 2647 ὓ
1182 2583 1226 2626 G
