<?xml version="1.0" encoding="UTF-8"?>
<!DOCTYPE html PUBLIC "-//W3C//DTD XHTML 1.0 Transitional//EN"
    "http://www.w3.org/TR/xhtml1/DTD/xhtml1-transitional.dtd">
<html xmlns="http://www.w3.org/1999/xhtml" xml:lang="en" lang="en">
 <head>
  <title>
</title>
<meta http-equiv="Content-Type" content="text/html;charset=utf-8" />
  <meta name='ocr-system' content='tesseract 3.04.00' />
  <meta name='ocr-capabilities' content='ocr_page ocr_carea ocr_par ocr_line ocrx_word'/>
</head>
<body>
  <div class='ocr_page' id='page_1' title='image "./rerumgestarumqui00ammiuoft_0214.png"; bbox 0 0 1626 2917; ppageno 0'>
   <div class='ocr_carea' id='block_1_1' title="bbox 198 196 1273 257">
    <p class='ocr_par' dir='ltr' id='par_1_1' title="bbox 198 196 1273 257">
     <span class='ocr_line' id='line_1_1' title="bbox 198 196 1273 257; baseline 0.003 -17"><span class='ocrx_word' id='word_1_1' title='bbox 198 207 284 257; x_wconf 83' lang='lat'>150</span> <span class='ocrx_word' id='word_1_2' title='bbox 384 196 735 242; x_wconf 71' lang='lat' dir='ltr'>AMMIANI</span> <span class='ocrx_word' id='word_1_3' title='bbox 782 196 1273 243; x_wconf 62' lang='lat' dir='ltr'>MARCELLINI</span> 
     </span>
    </p>
   </div>
   <div class='ocr_carea' id='block_1_2' title="bbox 190 300 1503 2559">
    <p class='ocr_par' dir='ltr' id='par_1_2' title="bbox 190 300 1503 2559">
     <span class='ocr_line' id='line_1_2' title="bbox 192 300 1464 367; baseline 0.005 -22"><span class='ocrx_word' id='word_1_4' title='bbox 192 300 398 346; x_wconf 66' lang='lat' dir='ltr'>&amp;umque</span> <span class='ocrx_word' id='word_1_5' title='bbox 428 302 584 347; x_wconf 77' lang='lat' dir='ltr'>validae</span> <span class='ocrx_word' id='word_1_6' title='bbox 624 301 902 361; x_wconf 74' lang='lat' dir='ltr'>juventutis,</span> <span class='ocrx_word' id='word_1_7' title='bbox 938 306 983 350; x_wconf 66' lang='grc' dir='ltr'>ὅ(</span> <span class='ocrx_word' id='word_1_8' title='bbox 1014 304 1238 351; x_wconf 85' lang='lat' dir='ltr'>servitium</span> <span class='ocrx_word' id='word_1_9' title='bbox 1262 304 1464 367; x_wconf 82' lang='lat' dir='ltr'>spopon-</span> 
     </span>
     <span class='ocr_line' id='line_1_3' title="bbox 191 372 1463 435; baseline 0.006 -19"><span class='ocrx_word' id='word_1_10' title='bbox 191 372 376 417; x_wconf 84' lang='lat' dir='ltr'>derunt:</span> <span class='ocrx_word' id='word_1_11' title='bbox 398 374 592 420; x_wconf 85' lang='lat' dir='ltr'>abnuere</span> <span class='ocrx_word' id='word_1_12' title='bbox 614 376 782 435; x_wconf 83' lang='lat' dir='ltr'>parati,</span> <span class='ocrx_word' id='word_1_13' title='bbox 813 376 839 421; x_wconf 82' lang='lat' dir='ltr'>si</span> <span class='ocrx_word' id='word_1_14' title='bbox 871 376 1124 435; x_wconf 76' lang='lat' dir='ltr'>juberentur</span> <span class='ocrx_word' id='word_1_15' title='bbox 1151 377 1361 424; x_wconf 77' lang='lat' dir='ltr'>aliorsum</span> <span class='ocrx_word' id='word_1_16' title='bbox 1382 376 1463 424; x_wconf 87' lang='lat' dir='ltr'>mi·</span> 
     </span>
     <span class='ocr_line' id='line_1_4' title="bbox 190 445 1464 506; baseline 0.006 -20"><span class='ocrx_word' id='word_1_17' title='bbox 190 459 315 505; x_wconf 81' lang='lat' dir='ltr'>grare</span> <span class='ocrx_word' id='word_1_18' title='bbox 337 480 349 498; x_wconf 81' lang='lat'>‚</span> <span class='ocrx_word' id='word_1_19' title='bbox 367 457 413 488; x_wconf 89' lang='lat' dir='ltr'>ut</span> <span class='ocrx_word' id='word_1_20' title='bbox 434 445 622 506; x_wconf 65' lang='lat' dir='ltr'>gestibus</span> <span class='ocrx_word' id='word_1_21' title='bbox 650 446 903 493; x_wconf 84' lang='lat' dir='ltr'>indicabant</span> <span class='ocrx_word' id='word_1_22' title='bbox 930 450 977 494; x_wconf 90' lang='lat'><strong>&amp;</strong></span> <span class='ocrx_word' id='word_1_23' title='bbox 1001 448 1229 505; x_wconf 87' lang='lat' dir='ltr'>vultibus,</span> <span class='ocrx_word' id='word_1_24' title='bbox 1255 449 1464 495; x_wconf 81' lang='lat' dir='ltr'>locorum</span> 
     </span>
     <span class='ocr_line' id='line_1_5' title="bbox 190 513 1464 582; baseline 0.005 -22"><span class='ocrx_word' id='word_1_25' title='bbox 190 513 342 560; x_wconf 66' lang='lat' dir='ltr'>confisi</span> <span class='ocrx_word' id='word_1_26' title='bbox 389 518 590 573; x_wconf 61' lang='lat' dir='ltr'>praefislm</span> <span class='ocrx_word' id='word_1_27' title='bbox 617 555 631 575; x_wconf 82' lang='lat'>‚</span> <span class='ocrx_word' id='word_1_28' title='bbox 663 519 738 564; x_wconf 86' lang='lat' dir='ltr'>ubi</span> <span class='ocrx_word' id='word_1_29' title='bbox 771 520 880 566; x_wconf 85' lang='lat' dir='ltr'>lares</span> <span class='ocrx_word' id='word_1_30' title='bbox 915 520 1011 582; x_wconf 83' lang='lat' dir='ltr'>post</span> <span class='ocrx_word' id='word_1_31' title='bbox 1049 520 1228 566; x_wconf 63' lang='lat' dir='ltr'>exaflos</span> <span class='ocrx_word' id='word_1_32' title='bbox 1252 521 1464 566; x_wconf 86' lang='lat' dir='ltr'>dominos</span> 
     </span>
     <span class='ocr_line' id='line_1_6' title="bbox 191 586 1466 642; baseline 0.005 -10"><span class='ocrx_word' id='word_1_33' title='bbox 191 586 332 633; x_wconf 81' lang='lat' dir='ltr'>fixere</span> <span class='ocrx_word' id='word_1_34' title='bbox 370 589 524 637; x_wconf 85' lang='lat' dir='ltr'>securi.</span> <span class='ocrx_word' id='word_1_35' title='bbox 565 592 655 638; x_wconf 81' lang='lat' dir='ltr'>Has</span> <span class='ocrx_word' id='word_1_36' title='bbox 692 591 809 638; x_wconf 88' lang='lat' dir='ltr'>enim</span> <span class='ocrx_word' id='word_1_37' title='bbox 848 605 983 639; x_wconf 84' lang='lat' dir='ltr'>terras</span> <span class='ocrx_word' id='word_1_38' title='bbox 1017 594 1264 642; x_wconf 79' lang='lat' dir='ltr'>Parthiscus</span> <span class='ocrx_word' id='word_1_39' title='bbox 1295 594 1466 640; x_wconf 85' lang='lat' dir='ltr'>irruens</span> 
     </span>
     <span class='ocr_line' id='line_1_7' title="bbox 193 661 1467 713; baseline 0.007 -10"><span class='ocrx_word' id='word_1_40' title='bbox 193 661 448 709; x_wconf 74' lang='lat' dir='ltr'>obliquatis</span> <span class='ocrx_word' id='word_1_41' title='bbox 466 665 678 711; x_wconf 82' lang='lat' dir='ltr'>meatibus</span> <span class='ocrx_word' id='word_1_42' title='bbox 718 666 824 711; x_wconf 84' lang='lat' dir='ltr'>lstro</span> <span class='ocrx_word' id='word_1_43' title='bbox 857 666 1072 712; x_wconf 80' lang='lat' dir='ltr'>miscetur.</span> <span class='ocrx_word' id='word_1_44' title='bbox 1104 668 1186 712; x_wconf 87' lang='lat' dir='ltr'>Sed</span> <span class='ocrx_word' id='word_1_45' title='bbox 1220 668 1321 713; x_wconf 85' lang='lat' dir='ltr'>dum</span> <span class='ocrx_word' id='word_1_46' title='bbox 1348 666 1467 713; x_wconf 86' lang='lat' dir='ltr'>solus</span> 
     </span>
     <span class='ocr_line' id='line_1_8' title="bbox 191 731 1469 803; baseline 0.007 -26"><span class='ocrx_word' id='word_1_47' title='bbox 191 731 398 782; x_wconf 86' lang='lat' dir='ltr'>licentius</span> <span class='ocrx_word' id='word_1_48' title='bbox 419 735 542 793; x_wconf 75' lang='lat' dir='ltr'>fluit,</span> <span class='ocrx_word' id='word_1_49' title='bbox 570 738 702 798; x_wconf 82' lang='lat' dir='ltr'>spatia</span> <span class='ocrx_word' id='word_1_50' title='bbox 728 739 860 803; x_wconf 79' lang='lat' dir='ltr'>longa</span> <span class='ocrx_word' id='word_1_51' title='bbox 890 742 937 788; x_wconf 88' lang='lat'>&amp;</span> <span class='ocrx_word' id='word_1_52' title='bbox 967 740 1050 786; x_wconf 81' lang='lat' dir='ltr'>lata</span> <span class='ocrx_word' id='word_1_53' title='bbox 1067 741 1218 786; x_wconf 78' lang='lat' dir='ltr'>sensim</span> <span class='ocrx_word' id='word_1_54' title='bbox 1247 741 1469 803; x_wconf 65' lang='lat' dir='ltr'>praeterla-</span> 
     </span>
     <span class='ocr_line' id='line_1_9' title="bbox 194 806 1470 879; baseline 0.007 -26"><span class='ocrx_word' id='word_1_55' title='bbox 194 806 332 867; x_wconf 87' lang='lat' dir='ltr'>bens,</span> <span class='ocrx_word' id='word_1_56' title='bbox 368 812 416 857; x_wconf 87' lang='lat'>&amp;</span> <span class='ocrx_word' id='word_1_57' title='bbox 450 830 498 858; x_wconf 83' lang='lat' dir='ltr'>ea</span> <span class='ocrx_word' id='word_1_58' title='bbox 523 814 752 860; x_wconf 65' lang='lat' dir='ltr'>coarRans</span> <span class='ocrx_word' id='word_1_59' title='bbox 782 832 925 878; x_wconf 83' lang='lat' dir='ltr'>prope</span> <span class='ocrx_word' id='word_1_60' title='bbox 949 814 1116 861; x_wconf 81' lang='lat' dir='ltr'>exitum</span> <span class='ocrx_word' id='word_1_61' title='bbox 1145 815 1189 860; x_wconf 89' lang='lat' dir='ltr'>in</span> <span class='ocrx_word' id='word_1_62' title='bbox 1219 815 1470 879; x_wconf 83' lang='lat' dir='ltr'>angustias,</span> 
     </span>
     <span class='ocr_line' id='line_1_10' title="bbox 195 884 1469 950; baseline 0.005 -22"><span class='ocrx_word' id='word_1_63' title='bbox 195 884 373 931; x_wconf 78' lang='lat' dir='ltr'>accolas</span> <span class='ocrx_word' id='word_1_64' title='bbox 404 887 457 931; x_wconf 92' lang='lat' dir='ltr'>ab</span> <span class='ocrx_word' id='word_1_65' title='bbox 485 887 652 950; x_wconf 86' lang='lat' dir='ltr'>impetu</span> <span class='ocrx_word' id='word_1_66' title='bbox 675 890 983 936; x_wconf 84' lang='lat' dir='ltr'>Romanorum</span> <span class='ocrx_word' id='word_1_67' title='bbox 1015 889 1148 935; x_wconf 87' lang='lat' dir='ltr'>alveo</span> <span class='ocrx_word' id='word_1_68' title='bbox 1178 889 1375 937; x_wconf 89' lang='lat' dir='ltr'>Danubii</span> <span class='ocrx_word' id='word_1_69' title='bbox 1393 889 1469 935; x_wconf 89' lang='lat' dir='ltr'>de-</span> 
     </span>
     <span class='ocr_line' id='line_1_11' title="bbox 194 953 1471 1024; baseline -0.001 -15"><span class='ocrx_word' id='word_1_70' title='bbox 194 953 339 1009; x_wconf 49' lang='lat' dir='ltr'>scandit</span> <span class='ocrx_word' id='word_1_71' title='bbox 358 994 371 1014; x_wconf 86' lang='lat'>‚</span> <span class='ocrx_word' id='word_1_72' title='bbox 397 975 418 1004; x_wconf 91' lang='lat' dir='ltr'>a</span> <span class='ocrx_word' id='word_1_73' title='bbox 442 960 680 1008; x_wconf 72' lang='lat' dir='ltr'>barbaricis</span> <span class='ocrx_word' id='word_1_74' title='bbox 703 979 816 1008; x_wconf 88' lang='lat' dir='ltr'>vero</span> <span class='ocrx_word' id='word_1_75' title='bbox 837 961 1087 1009; x_wconf 83' lang='lat' dir='ltr'>excursibus</span> <span class='ocrx_word' id='word_1_76' title='bbox 1109 961 1188 1008; x_wconf 90' lang='lat' dir='ltr'>suo</span> <span class='ocrx_word' id='word_1_77' title='bbox 1212 974 1334 1009; x_wconf 86' lang='lat' dir='ltr'>tutos</span> <span class='ocrx_word' id='word_1_78' title='bbox 1355 978 1471 1024; x_wconf 85' lang='lat' dir='ltr'>prae-</span> 
     </span>
     <span class='ocr_line' id='line_1_12' title="bbox 194 1027 1472 1099; baseline 0.005 -26"><span class='ocrx_word' id='word_1_79' title='bbox 194 1027 278 1075; x_wconf 72' lang='lat' dir='ltr'>ssat</span> <span class='ocrx_word' id='word_1_80' title='bbox 297 1031 532 1082; x_wconf 85' lang='lat' dir='ltr'>obstaculo</span> <span class='ocrx_word' id='word_1_81' title='bbox 556 1053 565 1080; x_wconf 77' lang='grc' dir='ltr'><em>τ</em></span> <span class='ocrx_word' id='word_1_82' title='bbox 586 1036 659 1080; x_wconf 87' lang='lat' dir='ltr'>ubi</span> <span class='ocrx_word' id='word_1_83' title='bbox 683 1036 894 1099; x_wconf 74' lang='lat' dir='ltr'>pleraque</span> <span class='ocrx_word' id='word_1_84' title='bbox 915 1036 1179 1084; x_wconf 84' lang='lat' dir='ltr'>humidioris</span> <span class='ocrx_word' id='word_1_85' title='bbox 1199 1036 1282 1082; x_wconf 90' lang='lat' dir='ltr'>soli</span> <span class='ocrx_word' id='word_1_86' title='bbox 1317 1049 1472 1082; x_wconf 90' lang='lat' dir='ltr'>natura</span> 
     </span>
     <span class='ocr_line' id='line_1_13' title="bbox 197 1105 1474 1173; baseline 0.005 -22"><span class='ocrx_word' id='word_1_87' title='bbox 197 1105 249 1151; x_wconf 73' lang='grc' dir='ltr'>ὃ(</span> <span class='ocrx_word' id='word_1_88' title='bbox 277 1106 560 1157; x_wconf 69' lang='lat' dir='ltr'>incrementis</span> <span class='ocrx_word' id='word_1_89' title='bbox 593 1110 829 1156; x_wconf 80' lang='lat' dir='ltr'>fluminum</span> <span class='ocrx_word' id='word_1_90' title='bbox 859 1110 1144 1157; x_wconf 82' lang='lat' dir='ltr'>redundantia</span> <span class='ocrx_word' id='word_1_91' title='bbox 1166 1147 1178 1167; x_wconf 95' lang='lat'>,</span> <span class='ocrx_word' id='word_1_92' title='bbox 1202 1109 1399 1173; x_wconf 82' lang='lat' dir='ltr'>stagnosa</span> <span class='ocrx_word' id='word_1_93' title='bbox 1422 1111 1474 1157; x_wconf 89' lang='lat'>&amp;</span> 
     </span>
     <span class='ocr_line' id='line_1_14' title="bbox 195 1174 1471 1245; baseline 0.002 -22"><span class='ocrx_word' id='word_1_94' title='bbox 195 1178 354 1226; x_wconf 86' lang='lat' dir='ltr'>referta</span> <span class='ocrx_word' id='word_1_95' title='bbox 375 1181 599 1236; x_wconf 79' lang='lat' dir='ltr'>salicibus,</span> <span class='ocrx_word' id='word_1_96' title='bbox 617 1174 960 1245; x_wconf 85' lang='lat' dir='ltr'>ideoqueinvia‚</span> <span class='ocrx_word' id='word_1_97' title='bbox 979 1182 1053 1228; x_wconf 85' lang='lat' dir='ltr'>nifi</span> <span class='ocrx_word' id='word_1_98' title='bbox 1073 1200 1279 1244; x_wconf 78' lang='lat' dir='ltr'>perquam</span> <span class='ocrx_word' id='word_1_99' title='bbox 1303 1182 1471 1245; x_wconf 85' lang='lat' dir='ltr'>gnaris:</span> 
     </span>
     <span class='ocr_line' id='line_1_15' title="bbox 196 1251 1473 1315; baseline 0.001 -16"><span class='ocrx_word' id='word_1_100' title='bbox 196 1255 248 1300; x_wconf 89' lang='lat'>&amp;</span> <span class='ocrx_word' id='word_1_101' title='bbox 291 1253 418 1315; x_wconf 81' lang='lat' dir='ltr'>super</span> <span class='ocrx_word' id='word_1_102' title='bbox 451 1257 518 1309; x_wconf 84' lang='lat' dir='ltr'>his</span> <span class='ocrx_word' id='word_1_103' title='bbox 556 1257 789 1303; x_wconf 85' lang='lat' dir='ltr'>insularem</span> <span class='ocrx_word' id='word_1_104' title='bbox 827 1256 1068 1303; x_wconf 66' lang='lat' dir='ltr'>anfraEtum</span> <span class='ocrx_word' id='word_1_105' title='bbox 1105 1255 1226 1302; x_wconf 86' lang='lat' dir='ltr'>aditu</span> <span class='ocrx_word' id='word_1_106' title='bbox 1261 1251 1473 1301; x_wconf 77' lang='lat' dir='ltr'>Parthisci</span> 
     </span>
     <span class='ocr_line' id='line_1_16' title="bbox 197 1328 1473 1391; baseline 0.001 -18"><span class='ocrx_word' id='word_1_107' title='bbox 197 1344 327 1391; x_wconf 83' lang='lat' dir='ltr'>paene</span> <span class='ocrx_word' id='word_1_108' title='bbox 347 1329 605 1388; x_wconf 73' lang='lat' dir='ltr'>contiguum</span> <span class='ocrx_word' id='word_1_109' title='bbox 627 1329 764 1375; x_wconf 86' lang='lat' dir='ltr'>amnis</span> <span class='ocrx_word' id='word_1_110' title='bbox 783 1330 938 1391; x_wconf 87' lang='lat' dir='ltr'>potior</span> <span class='ocrx_word' id='word_1_111' title='bbox 957 1328 1152 1374; x_wconf 84' lang='lat' dir='ltr'>ambiens</span> <span class='ocrx_word' id='word_1_112' title='bbox 1168 1364 1180 1384; x_wconf 91' lang='lat'><strong>‚</strong></span> <span class='ocrx_word' id='word_1_113' title='bbox 1202 1341 1329 1374; x_wconf 81' lang='lat' dir='ltr'>terrae</span> <span class='ocrx_word' id='word_1_114' title='bbox 1357 1343 1473 1374; x_wconf 88' lang='lat' dir='ltr'>con·</span> 
     </span>
     <span class='ocr_line' id='line_1_17' title="bbox 199 1401 1472 1467; baseline -0.001 -19"><span class='ocrx_word' id='word_1_115' title='bbox 199 1401 344 1448; x_wconf 87' lang='lat' dir='ltr'>sortio</span> <span class='ocrx_word' id='word_1_116' title='bbox 375 1401 606 1461; x_wconf 84' lang='lat' dir='ltr'>separavit.</span> <span class='ocrx_word' id='word_1_117' title='bbox 626 1404 846 1450; x_wconf 83' lang='lat' dir='ltr'>Hortante</span> <span class='ocrx_word' id='word_1_118' title='bbox 877 1403 1009 1464; x_wconf 80' lang='lat' dir='ltr'>igitur</span> <span class='ocrx_word' id='word_1_119' title='bbox 1026 1401 1255 1463; x_wconf 77' lang='lat' dir='ltr'>principe,</span> <span class='ocrx_word' id='word_1_120' title='bbox 1272 1419 1372 1467; x_wconf 65' lang='lat' dir='ltr'>cum</span> <span class='ocrx_word' id='word_1_121' title='bbox 1395 1418 1472 1465; x_wconf 85' lang='lat' dir='ltr'>ge-</span> 
     </span>
     <span class='ocr_line' id='line_1_18' title="bbox 198 1473 1475 1538; baseline 0 -18"><span class='ocrx_word' id='word_1_122' title='bbox 198 1474 344 1520; x_wconf 82' lang='lat' dir='ltr'>nuino</span> <span class='ocrx_word' id='word_1_123' title='bbox 368 1475 473 1521; x_wconf 78' lang='lat' dir='ltr'>fastu</span> <span class='ocrx_word' id='word_1_124' title='bbox 495 1478 546 1522; x_wconf 86' lang='lat' dir='ltr'>ad</span> <span class='ocrx_word' id='word_1_125' title='bbox 569 1476 820 1523; x_wconf 84' lang='lat' dir='ltr'>citeriorem</span> <span class='ocrx_word' id='word_1_126' title='bbox 842 1492 1006 1521; x_wconf 85' lang='lat' dir='ltr'>venere</span> <span class='ocrx_word' id='word_1_127' title='bbox 1021 1473 1215 1538; x_wconf 75' lang='lat' dir='ltr'>fluminis</span> <span class='ocrx_word' id='word_1_128' title='bbox 1238 1473 1376 1535; x_wconf 84' lang='lat' dir='ltr'>ripam</span> <span class='ocrx_word' id='word_1_129' title='bbox 1391 1509 1404 1530; x_wconf 96' lang='lat'><strong>‚</strong></span> <span class='ocrx_word' id='word_1_130' title='bbox 1424 1484 1475 1520; x_wconf 88' lang='lat' dir='ltr'>ut</span> 
     </span>
     <span class='ocr_line' id='line_1_19' title="bbox 199 1545 1474 1606; baseline -0.001 -14"><span class='ocrx_word' id='word_1_131' title='bbox 199 1546 345 1592; x_wconf 74' lang='lat' dir='ltr'>exitus</span> <span class='ocrx_word' id='word_1_132' title='bbox 378 1549 562 1606; x_wconf 75' lang='lat' dir='ltr'>docuit,</span> <span class='ocrx_word' id='word_1_133' title='bbox 587 1566 678 1594; x_wconf 90' lang='lat' dir='ltr'>non</span> <span class='ocrx_word' id='word_1_134' title='bbox 706 1548 807 1605; x_wconf 59' lang='lat' dir='ltr'>{uffa</span> <span class='ocrx_word' id='word_1_135' title='bbox 836 1547 991 1594; x_wconf 55' lang='lat' dir='ltr'>failuri</span> <span class='ocrx_word' id='word_1_136' title='bbox 1015 1583 1027 1604; x_wconf 84' lang='lat'>,</span> <span class='ocrx_word' id='word_1_137' title='bbox 1051 1547 1120 1592; x_wconf 90' lang='lat' dir='ltr'>sed</span> <span class='ocrx_word' id='word_1_138' title='bbox 1139 1563 1193 1592; x_wconf 87' lang='lat' dir='ltr'>ne</span> <span class='ocrx_word' id='word_1_139' title='bbox 1215 1545 1474 1592; x_wconf 86' lang='lat' dir='ltr'>viderentur</span> 
     </span>
     <span class='ocr_line' id='line_1_20' title="bbox 201 1619 1475 1683; baseline -0.002 -17"><span class='ocrx_word' id='word_1_140' title='bbox 201 1620 357 1667; x_wconf 86' lang='lat' dir='ltr'>militis</span> <span class='ocrx_word' id='word_1_141' title='bbox 395 1623 668 1683; x_wconf 82' lang='lat' dir='ltr'>praesentiam</span> <span class='ocrx_word' id='word_1_142' title='bbox 696 1621 985 1669; x_wconf 78' lang='lat' dir='ltr'>formidasse:</span> <span class='ocrx_word' id='word_1_143' title='bbox 1020 1619 1276 1682; x_wconf 80' lang='lat' dir='ltr'>stabantque</span> <span class='ocrx_word' id='word_1_144' title='bbox 1310 1630 1475 1666; x_wconf 87' lang='lat' dir='ltr'>contu-</span> 
     </span>
     <span class='ocr_line' id='line_1_21' title="bbox 200 1691 1477 1759; baseline -0.001 -20"><span class='ocrx_word' id='word_1_145' title='bbox 200 1695 386 1740; x_wconf 88' lang='lat' dir='ltr'>maciter</span> <span class='ocrx_word' id='word_1_146' title='bbox 407 1733 419 1752; x_wconf 92' lang='lat'><em>‚</em></span> <span class='ocrx_word' id='word_1_147' title='bbox 449 1695 641 1759; x_wconf 85' lang='lat' dir='ltr'>ideoque</span> <span class='ocrx_word' id='word_1_148' title='bbox 668 1694 979 1758; x_wconf 71' lang='lat' dir='ltr'>propinquasse</span> <span class='ocrx_word' id='word_1_149' title='bbox 1001 1693 1291 1740; x_wconf 81' lang='lat' dir='ltr'>monstrantes</span> <span class='ocrx_word' id='word_1_150' title='bbox 1309 1728 1321 1750; x_wconf 92' lang='lat'><em>‚</em></span> <span class='ocrx_word' id='word_1_151' title='bbox 1339 1705 1387 1738; x_wconf 88' lang='lat' dir='ltr'>ut</span> <span class='ocrx_word' id='word_1_152' title='bbox 1403 1691 1477 1754; x_wconf 81' lang='lat' dir='ltr'>ju-</span> 
     </span>
     <span class='ocr_line' id='line_1_22' title="bbox 199 1766 1475 1831; baseline -0.001 -17"><span class='ocrx_word' id='word_1_153' title='bbox 199 1767 342 1814; x_wconf 83' lang='lat' dir='ltr'>benda</span> <span class='ocrx_word' id='word_1_154' title='bbox 375 1770 670 1831; x_wconf 86' lang='lat' dir='ltr'>repudiarent.</span> <span class='ocrx_word' id='word_1_155' title='bbox 699 1772 817 1829; x_wconf 79' lang='lat' dir='ltr'>Quae</span> <span class='ocrx_word' id='word_1_156' title='bbox 846 1773 1090 1830; x_wconf 79' lang='lat' dir='ltr'>Imperator</span> <span class='ocrx_word' id='word_1_157' title='bbox 1116 1766 1316 1812; x_wconf 87' lang='lat' dir='ltr'>accidere</span> <span class='ocrx_word' id='word_1_158' title='bbox 1352 1767 1475 1830; x_wconf 77' lang='lat' dir='ltr'>posse</span> 
     </span>
     <span class='ocr_line' id='line_1_23' title="bbox 202 1839 1474 1907; baseline -0.001 -21"><span class='ocrx_word' id='word_1_159' title='bbox 202 1843 511 1904; x_wconf 85' lang='lat' dir='ltr'>contemplans</span> <span class='ocrx_word' id='word_1_160' title='bbox 536 1879 549 1900; x_wconf 90' lang='lat'>‚</span> <span class='ocrx_word' id='word_1_161' title='bbox 583 1844 628 1889; x_wconf 84' lang='lat' dir='ltr'>in</span> <span class='ocrx_word' id='word_1_162' title='bbox 662 1843 837 1907; x_wconf 73' lang='lat' dir='ltr'>agmina</span> <span class='ocrx_word' id='word_1_163' title='bbox 879 1841 1065 1903; x_wconf 87' lang='lat' dir='ltr'>plurima</span> <span class='ocrx_word' id='word_1_164' title='bbox 1097 1839 1205 1885; x_wconf 89' lang='lat' dir='ltr'>clam</span> <span class='ocrx_word' id='word_1_165' title='bbox 1237 1839 1474 1885; x_wconf 83' lang='lat' dir='ltr'>distributo</span> 
     </span>
     <span class='ocr_line' id='line_1_24' title="bbox 202 1911 1473 1977; baseline -0.002 -18"><span class='ocrx_word' id='word_1_166' title='bbox 202 1915 403 1961; x_wconf 82' lang='lat' dir='ltr'>exercitu</span> <span class='ocrx_word' id='word_1_167' title='bbox 425 1952 437 1972; x_wconf 92' lang='lat'>‚</span> <span class='ocrx_word' id='word_1_168' title='bbox 460 1916 682 1962; x_wconf 85' lang='lat' dir='ltr'>celeritate</span> <span class='ocrx_word' id='word_1_169' title='bbox 701 1915 880 1963; x_wconf 86' lang='lat' dir='ltr'>volucri</span> <span class='ocrx_word' id='word_1_170' title='bbox 902 1913 1139 1977; x_wconf 77' lang='lat' dir='ltr'>migrantes</span> <span class='ocrx_word' id='word_1_171' title='bbox 1158 1913 1271 1958; x_wconf 86' lang='lat' dir='ltr'>intra</span> <span class='ocrx_word' id='word_1_172' title='bbox 1292 1911 1473 1958; x_wconf 86' lang='lat' dir='ltr'>suorum</span> 
     </span>
     <span class='ocr_line' id='line_1_25' title="bbox 201 1984 1474 2050; baseline -0.002 -18"><span class='ocrx_word' id='word_1_173' title='bbox 201 1987 319 2032; x_wconf 78' lang='lat' dir='ltr'>acies</span> <span class='ocrx_word' id='word_1_174' title='bbox 338 1987 498 2033; x_wconf 80' lang='lat' dir='ltr'>clausit.</span> <span class='ocrx_word' id='word_1_175' title='bbox 514 1987 725 2034; x_wconf 71' lang='lat' dir='ltr'>Stansoue</span> <span class='ocrx_word' id='word_1_176' title='bbox 747 1988 789 2034; x_wconf 88' lang='lat' dir='ltr'>in</span> <span class='ocrx_word' id='word_1_177' title='bbox 811 2002 965 2050; x_wconf 77' lang='lat' dir='ltr'>aggere</span> <span class='ocrx_word' id='word_1_178' title='bbox 982 1984 1163 2031; x_wconf 74' lang='lat' dir='ltr'>celsiore</span> <span class='ocrx_word' id='word_1_179' title='bbox 1184 2000 1285 2030; x_wconf 84' lang='lat' dir='ltr'>curn</span> <span class='ocrx_word' id='word_1_180' title='bbox 1305 1985 1474 2045; x_wconf 80' lang='lat' dir='ltr'>paucis,</span> 
     </span>
     <span class='ocr_line' id='line_1_26' title="bbox 200 2056 1473 2121; baseline -0.004 -15"><span class='ocrx_word' id='word_1_181' title='bbox 200 2061 250 2106; x_wconf 85' lang='lat'>&amp;</span> <span class='ocrx_word' id='word_1_182' title='bbox 267 2059 526 2106; x_wconf 75' lang='lat' dir='ltr'>stioamrum</span> <span class='ocrx_word' id='word_1_183' title='bbox 553 2061 755 2121; x_wconf 83' lang='lat' dir='ltr'>praesidio</span> <span class='ocrx_word' id='word_1_184' title='bbox 776 2061 930 2116; x_wconf 52' lang='lat' dir='ltr'>tesius,</span> <span class='ocrx_word' id='word_1_185' title='bbox 949 2075 1046 2113; x_wconf 81' lang='lat' dir='ltr'>eos,</span> <span class='ocrx_word' id='word_1_186' title='bbox 1063 2074 1116 2103; x_wconf 84' lang='lat' dir='ltr'>ne</span> <span class='ocrx_word' id='word_1_187' title='bbox 1136 2056 1393 2113; x_wconf 85' lang='lat' dir='ltr'>ferocirent,</span> <span class='ocrx_word' id='word_1_188' title='bbox 1412 2056 1473 2102; x_wconf 90' lang='lat' dir='ltr'>le-</span> 
     </span>
     <span class='ocr_line' id='line_1_27' title="bbox 201 2131 1473 2193; baseline -0.001 -15"><span class='ocrx_word' id='word_1_189' title='bbox 201 2132 303 2178; x_wconf 85' lang='lat' dir='ltr'>nius</span> <span class='ocrx_word' id='word_1_190' title='bbox 323 2133 605 2180; x_wconf 78' lang='lat' dir='ltr'>admonebat.</span> <span class='ocrx_word' id='word_1_191' title='bbox 638 2135 717 2180; x_wconf 80' lang='lat' dir='ltr'>Sed</span> <span class='ocrx_word' id='word_1_192' title='bbox 749 2134 1008 2183; x_wconf 58' lang='lat' dir='ltr'>fluffiiantae</span> <span class='ocrx_word' id='word_1_193' title='bbox 1034 2131 1316 2193; x_wconf 78' lang='lat' dir='ltr'>ambiguitate</span> <span class='ocrx_word' id='word_1_194' title='bbox 1344 2148 1473 2177; x_wconf 87' lang='lat' dir='ltr'>men·</span> 
     </span>
     <span class='ocr_line' id='line_1_28' title="bbox 198 2203 1473 2269; baseline -0.002 -17"><span class='ocrx_word' id='word_1_195' title='bbox 198 2205 311 2252; x_wconf 78' lang='lat' dir='ltr'>tium</span> <span class='ocrx_word' id='word_1_196' title='bbox 327 2242 339 2261; x_wconf 94' lang='lat'>‚</span> <span class='ocrx_word' id='word_1_197' title='bbox 358 2206 401 2251; x_wconf 89' lang='lat' dir='ltr'>in</span> <span class='ocrx_word' id='word_1_198' title='bbox 436 2207 609 2254; x_wconf 80' lang='lat' dir='ltr'>diversa</span> <span class='ocrx_word' id='word_1_199' title='bbox 632 2208 942 2269; x_wconf 72' lang='lat' dir='ltr'>rapiebantur,</span> <span class='ocrx_word' id='word_1_200' title='bbox 961 2208 1008 2252; x_wconf 87' lang='lat'>&amp;</span> <span class='ocrx_word' id='word_1_201' title='bbox 1031 2204 1173 2251; x_wconf 83' lang='lat' dir='ltr'>furori</span> <span class='ocrx_word' id='word_1_202' title='bbox 1206 2203 1342 2250; x_wconf 77' lang='lat' dir='ltr'>mixta</span> <span class='ocrx_word' id='word_1_203' title='bbox 1367 2220 1473 2250; x_wconf 88' lang='lat' dir='ltr'>ver·</span> 
     </span>
     <span class='ocr_line' id='line_1_29' title="bbox 200 2275 1475 2341; baseline -0.001 -17"><span class='ocrx_word' id='word_1_204' title='bbox 200 2276 307 2324; x_wconf 79' lang='lat' dir='ltr'>sutia</span> <span class='ocrx_word' id='word_1_205' title='bbox 330 2279 559 2325; x_wconf 83' lang='lat' dir='ltr'>tentabant</span> <span class='ocrx_word' id='word_1_206' title='bbox 578 2297 678 2326; x_wconf 90' lang='lat' dir='ltr'>cum</span> <span class='ocrx_word' id='word_1_207' title='bbox 701 2279 906 2341; x_wconf 88' lang='lat' dir='ltr'>precibus</span> <span class='ocrx_word' id='word_1_208' title='bbox 931 2277 1161 2340; x_wconf 85' lang='lat' dir='ltr'>proelium:</span> <span class='ocrx_word' id='word_1_209' title='bbox 1185 2275 1475 2338; x_wconf 86' lang='lat' dir='ltr'>vicinumque</span> 
     </span>
     <span class='ocr_line' id='line_1_30' title="bbox 202 2346 1474 2410; baseline -0.003 -15"><span class='ocrx_word' id='word_1_210' title='bbox 202 2348 279 2395; x_wconf 81' lang='lat' dir='ltr'>fibi</span> <span class='ocrx_word' id='word_1_211' title='bbox 308 2349 350 2393; x_wconf 86' lang='lat' dir='ltr'>in</span> <span class='ocrx_word' id='word_1_212' title='bbox 387 2349 561 2395; x_wconf 77' lang='lat' dir='ltr'>nostros</span> <span class='ocrx_word' id='word_1_213' title='bbox 587 2364 788 2410; x_wconf 83' lang='lat' dir='ltr'>parantes</span> <span class='ocrx_word' id='word_1_214' title='bbox 808 2348 1038 2396; x_wconf 82' lang='lat' dir='ltr'>excursum</span> <span class='ocrx_word' id='word_1_215' title='bbox 1063 2383 1075 2405; x_wconf 95' lang='lat'>,</span> <span class='ocrx_word' id='word_1_216' title='bbox 1100 2346 1327 2409; x_wconf 76' lang='lat' dir='ltr'>projecere</span> <span class='ocrx_word' id='word_1_217' title='bbox 1359 2363 1474 2392; x_wconf 82' lang='lat' dir='ltr'>con-</span> 
     </span>
     <span class='ocr_line' id='line_1_31' title="bbox 201 2420 1476 2483; baseline -0.004 -14"><span class='ocrx_word' id='word_1_218' title='bbox 201 2422 318 2469; x_wconf 83' lang='lat' dir='ltr'>sulto</span> <span class='ocrx_word' id='word_1_219' title='bbox 335 2421 510 2481; x_wconf 76' lang='lat' dir='ltr'>longius</span> <span class='ocrx_word' id='word_1_220' title='bbox 526 2422 660 2479; x_wconf 81' lang='lat' dir='ltr'>scuta,</span> <span class='ocrx_word' id='word_1_221' title='bbox 679 2437 743 2481; x_wconf 85' lang='lat' dir='ltr'>ut,</span> <span class='ocrx_word' id='word_1_222' title='bbox 757 2425 867 2470; x_wconf 87' lang='lat' dir='ltr'>adea</span> <span class='ocrx_word' id='word_1_223' title='bbox 887 2420 1178 2483; x_wconf 86' lang='lat' dir='ltr'>recuperanda</span> <span class='ocrx_word' id='word_1_224' title='bbox 1194 2420 1345 2465; x_wconf 80' lang='lat' dir='ltr'>sensim</span> <span class='ocrx_word' id='word_1_225' title='bbox 1366 2435 1476 2481; x_wconf 84' lang='lat' dir='ltr'>pro-</span> 
     </span>
     <span class='ocr_line' id='line_1_32' title="bbox 203 2492 1503 2559; baseline -0.002 -18"><span class='ocrx_word' id='word_1_226' title='bbox 203 2495 332 2559; x_wconf 82' lang='lat' dir='ltr'>greffi</span> <span class='ocrx_word' id='word_1_227' title='bbox 350 2530 364 2554; x_wconf 87' lang='lat'><strong>,</strong></span> <span class='ocrx_word' id='word_1_228' title='bbox 403 2494 493 2543; x_wconf 88' lang='lat' dir='ltr'>fine</span> <span class='ocrx_word' id='word_1_229' title='bbox 519 2495 615 2542; x_wconf 86' lang='lat' dir='ltr'>ullo</span> <span class='ocrx_word' id='word_1_230' title='bbox 647 2494 812 2543; x_wconf 85' lang='lat' dir='ltr'>fraudis</span> <span class='ocrx_word' id='word_1_231' title='bbox 842 2494 1010 2542; x_wconf 86' lang='lat' dir='ltr'>indicio</span> <span class='ocrx_word' id='word_1_232' title='bbox 1045 2493 1181 2557; x_wconf 77' lang='lat' dir='ltr'>spatia</span> <span class='ocrx_word' id='word_1_233' title='bbox 1206 2492 1473 2540; x_wconf 80' lang='lat' dir='ltr'>furarentur.</span> <span class='ocrx_word' id='word_1_234' title='bbox 1500 2558 1503 2559; x_wconf 10' lang='lat'><em>7</em></span> 
     </span>
    </p>
   </div>
  </div>
 </body>
</html>
