1626 2917
225 113 286 158 74
450 98 783 145 AMMIANI
824 99 1277 146 MARCELLINI

225 219 361 267 opera
382 205 564 253 curabat
585 205 702 253 enisa
716 243 730 265 ‚
749 220 801 254 ut
818 205 1164 272 veneficos‚qui
1186 221 1293 256 tunc
1314 207 1500 256 raresce-

225 275 362 334 bant,
380 290 566 340 captos,
593 277 782 342 postque
803 279 987 342 agitatas
1013 279 1278 342 quaestiones
1306 280 1505 327 nocuisse

226 348 489 411 quibusdam
510 351 778 414 apertissime
796 351 1080 411 confutatos,
1094 352 1294 401 indicatis
1313 352 1506 400 consciis

224 436 371 471 morte
389 426 644 487 mulisaret‚
658 440 792 492 atque
814 428 874 476 ita
895 444 1146 490 paucorum
1163 428 1412 476 discrimine
1433 444 1505 473 re-

220 492 389 557 liquos,
408 496 439 543 fi
459 497 537 562 qui
560 498 763 558 laterent,
789 499 1031 547 formidine
1046 500 1220 564 parium
1239 500 1507 547 exturbaret.

220 567 332 615 Haec
355 570 486 633 egisse
507 571 612 619 ideo
635 573 878 621 efficaciter
896 573 1059 632 fertur,
1077 574 1201 637 quod
1219 573 1377 620 Iuliani
1395 589 1506 635 pro-

220 655 373 690 motus
398 646 588 693 arbitrio
620 648 789 712 agentis
810 648 1038 696 etiamtum
1071 665 1149 712 per
1167 649 1343 713 Syrias,
1361 648 1408 694 in
1434 646 1509 694 iti-

219 733 326 765 nere
348 736 490 769 unum
511 722 714 770 amiserat
733 723 944 771 oculum:
965 722 1319 786 suspicatusque,
1338 722 1508 770 artibus

221 789 264 837 se
299 792 479 843 nefariis
499 796 773 860 appetitum,
795 796 912 858 justo
946 797 1158 861 quidem,
1189 796 1262 844 sed
1294 796 1509 844 inusitato

222 864 385 913 dolore
407 868 504 915 haec
522 870 572 916 ὃ(
590 869 675 916 alia
698 886 856 934 magna
875 870 1135 933 quaeritabat
1162 868 1388 916 industria.
1409 870 1510 915 Un-

223 937 278 984 de
297 940 562 1002 quibusdam
581 954 715 989 atrox
735 943 854 989 visus
872 943 954 999 est,
972 942 1019 990 in
1039 940 1395 1005 amphitheatrali
1414 957 1512 987 cur·

222 1008 368 1057 riculo
413 1012 614 1059 undatim
651 1025 845 1060 coeunte
892 1013 1134 1076 aliquoties
1171 1014 1327 1076 plebe,
1365 1011 1512 1060 causas

223 1080 461 1143 dispiciens
482 1082 722 1130 criminum
742 1083 1059 1130 maximorum.
1077 1084 1290 1146 Denique
1311 1083 1407 1145 post
1428 1079 1513 1128 hu-

223 1152 420 1215 jusmodi
460 1157 688 1205 vindicata
728 1158 962 1219 complura
981 1194 993 1216 ‚
1029 1157 1281 1204 Hilarinum
1316 1156 1513 1219 aurigam

224 1231 489 1279 convifium
519 1243 651 1294 atque
682 1231 928 1279 confessum
945 1267 960 1288 ‚
980 1232 1171 1278 vixdum
1197 1232 1513 1294 pubescentem

207 1301 372 1351 *filium
405 1305 530 1352 suum
560 1305 770 1352 venefico
798 1304 1050 1362 tradidisse,
1078 1305 1335 1352 docendum
1370 1303 1514 1351 secre-

228 1377 344 1424 tiora
367 1379 568 1441 quaedam
604 1377 773 1442 legibus
802 1377 1062 1435 interdiRa,
1093 1390 1143 1424 ut
1176 1377 1303 1422 nullo
1328 1376 1514 1424 conscio

228 1449 510 1498 adminiculis
534 1449 767 1512 juvaretur
788 1449 974 1495 internis
990 1486 1003 1504 ,
1035 1447 1212 1511 capitali
1231 1447 1517 1494 animadver-

229 1523 353 1570 sione
382 1523 638 1570 damnavit:
663 1523 742 1587 qui
769 1522 913 1569 laxius
937 1522 1156 1568 retinente
1189 1519 1416 1574 carnifice,
1448 1519 1516 1566 su-

230 1595 330 1642 bito
361 1596 504 1658 lapsus
536 1596 742 1660 confugit
775 1597 827 1643 ad
860 1597 970 1643 ritus
992 1595 1228 1643 Christiani
1250 1593 1516 1652 sacrarium,

232 1669 557 1734 abstrafisusque
576 1672 738 1718 exinde
758 1671 883 1717 illico
911 1670 1090 1717 abscissa
1111 1668 1290 1717 cervice
1311 1668 1516 1715 consum-

232 1753 305 1791 tus
331 1744 404 1791 est.
439 1746 604 1791 Verum
631 1745 725 1791 haec
757 1743 1002 1806 similiaque
1034 1755 1129 1789 tum
1151 1741 1283 1788 etiam
1313 1753 1362 1787 ut
1387 1756 1517 1786 coer-

234 1817 375 1864 cenda
394 1834 504 1864 mox
525 1818 818 1876 emebantur,
835 1819 883 1865 &
905 1817 1034 1875 nulli,
1053 1815 1128 1863 vel
1147 1814 1391 1862 admodum
1409 1830 1519 1876 pau-

234 1891 306 1950 ci,
336 1891 382 1937 in
414 1893 481 1939 his
516 1893 680 1940 versati
706 1892 909 1956 flagitiis,
941 1890 1090 1954 vigori
1118 1889 1304 1952 publico
1334 1887 1520 1935 insulta-

235 1977 366 2011 runt:
389 1965 460 2012 sed
490 1978 696 2029 tempore
717 1965 895 2022 secuto,
923 1965 1136 2028 longaeva
1166 1962 1405 2025 impunitas
1434 1979 1519 2008 nu-

236 2039 367 2086 trivit
387 2040 598 2089 immania
614 2076 628 2100 ‚
658 2039 794 2103 usque
813 2057 868 2087 eo
892 2039 1105 2104 grassante
1125 2038 1301 2084 licentia
1315 2073 1329 2094 ,
1353 2050 1401 2082 ut
1422 2035 1520 2082 irni-

236 2123 353 2158 tatus
380 2112 629 2160 Hilarinum
659 2112 838 2176 quidam
873 2111 1074 2168 senator,
1103 2108 1368 2172 servumque
1396 2107 1520 2154 suum

236 2185 378 2231 modo
396 2202 488 2231 non
513 2204 592 2248 per
609 2185 911 2250 syngrapham
937 2182 1108 2231 arcanis
1134 2182 1430 2245 piacularibus
1450 2181 1521 2226 in-

238 2260 490 2308 ducendum
507 2262 772 2310 commisisse
793 2260 969 2307 (ΙΟΕὶοτί
987 2258 1200 2305 malarum
1228 2257 1388 2303 artium
1408 2271 1518 2302 con-

238 2332 436 2392 futatus,
460 2334 727 2398 supplicium
762 2333 999 2381 redimeret
1032 2331 1185 2394 opima
1216 2329 1444 2385 mercede,
1474 2339 1522 2372 ut

237 2407 441 2456 crebrior
469 2408 584 2456 fama
610 2409 826 2475 vulgarat.
850 2407 976 2470 Isque
994 2405 1085 2470 ipse
1105 2406 1192 2452 hoc
1213 2419 1372 2468 genere
1392 2438 1404 2459 ,
1429 2417 1521 2465 quo
