1626 2917
286 238 507 285 RERUM
542 238 880 286 GESTARUM
914 238 1021 289 ΠΒ.
1054 238 1194 288 XXI.
1289 257 1384 303 27¹.

94 345 380 394 abundabant
403 381 418 404 ‚
452 357 686 410 raptorum
722 345 938 410 pleraque
973 346 1384 410 concorporalibus

95 419 180 466 suis
202 417 522 482 impertientes.
551 417 684 465 Unde
704 418 900 482 largiore
919 418 1158 466 admodum
1179 420 1383 483 potu'sa-

99 491 300 556 ginisque
319 490 496 538 distenti
523 491 795 538 marcebant.
829 490 908 537 His
929 491 1148 540 relatione
1167 493 1385 539 Immonis

95 562 466 626 consortiumque
494 562 712 625 cognitis,
747 561 946 609 Julianus
979 563 1384 628 Constantinopoli

96 636 226 685 etiam
247 647 340 684 tum
362 636 628 692 hibernans,
649 634 818 681 sollerti
839 634 1039 683 remedio
1062 636 1250 684 turbatis
1268 654 1384 685 con-

97 709 230 756 suluit
265 709 428 757 rebus:
463 725 665 772 moxque
693 708 934 772 Agilonem
967 709 1223 772 magistrum
1255 711 1386 774 pedi-

97 794 192 829 tum
210 799 261 830 ea
278 781 534 845 tempestate
557 782 700 845 probe
722 781 953 845 cognitum
973 781 1174 841 miserat,
1192 795 1265 842 ut,
1284 784 1384 832 viso

99 856 447 904 honoratissimo
481 855 613 913 viro,
645 867 965 918 compertaque
993 871 1074 918 per
1101 873 1205 903 eum
1237 871 1387 905 morte

99 929 354 978 Constantii
371 965 384 986 ,
405 929 659 976 solveretur
688 928 926 976 oblidium.
959 930 1079 975 Inter
1101 947 1202 994 quae
1222 947 1277 977 ne
1296 931 1386 979 ces-

101 1002 213 1050 saret
239 1001 458 1066 Aquilejae
482 1001 794 1065 oppugnatio,
825 1018 928 1049 cum
957 1001 1005 1049 in
1032 1002 1216 1066 reliquis
1247 1020 1387 1067 opera

100 1076 442 1124 consumeretur
475 1075 720 1132 incass'um,
750 1075 921 1137 placuit
951 1076 1194 1124 resistentes
1228 1077 1389 1125 acriter

99 1149 151 1195 ad
173 1148 447 1194 deditionem
470 1146 538 1193 fiti
565 1147 793 1210 compelli.
823 1151 875 1193 Et
892 1147 970 1194 ubi
999 1165 1214 1211 aquarum
1242 1149 1387 1197 duffi-

99 1223 182 1269 bus
202 1221 444 1268 intersectis
465 1220 761 1268 nihilominus
781 1221 965 1268 celsiore
986 1220 1148 1270 fiducia
1168 1238 1389 1287 repugna-

100 1307 224 1353 rent,
245 1294 413 1343 flumen
441 1295 673 1343 laboribus
705 1295 922 1343 avertitur
944 1295 1139 1360 magnis;
1168 1297 1294 1360 quod
1313 1297 1389 1344 iti-

101 1370 202 1417 dem
224 1369 381 1417 frustra
404 1370 466 1417 est
490 1370 668 1417 factum.
692 1371 943 1418 Attenuatis
967 1371 1086 1417 enim
1109 1372 1390 1420 avidi0ribus

103 1442 287 1489 bibendi
308 1442 507 1490 subsidiis
522 1477 535 1498 ,
554 1443 625 1501 hi,
645 1445 993 1508 quostemeritas
1010 1445 1221 1493 clauserat
1237 1482 1250 1504 ‚
1273 1463 1390 1493 con-

103 1514 216 1564 tenti
249 1515 502 1577 putealibus
539 1512 665 1578 aquis
697 1533 829 1578 parce
862 1517 1087 1564 vixerunt.
1133 1519 1250 1578 Quae
1283 1519 1390 1565 dum

103 1588 325 1652 agitantur
353 1587 523 1633 casibus
549 1587 804 1646 antediffis,
832 1587 1114 1652 supervenit,
1144 1602 1193 1635 ut
1222 1607 1390 1653 praece-

106 1674 230 1724 ptum
255 1659 343 1718 est,
360 1659 520 1723 Agilo,
544 1659 863 1725 scutorumque
893 1661 1104 1709 densitate
1130 1665 1361 1710 comestus
1377 1701 1392 1720 ,

104 1727 249 1798 prope
276 1731 465 1778 fidenter
494 1733 670 1780 acceffit
688 1751 698 1778 :
719 1733 949 1798 multaque
970 1735 1148 1782 locutus
1170 1738 1218 1783 ὃ(
1249 1753 1355 1784 vera
1373 1773 1389 1794 ,

107 1803 272 1867 quibus
294 1801 551 1848 Constantii
571 1802 746 1849 obitum
762 1842 776 1861 ‚
795 1803 1105 1868 firmatumque
1121 1806 1286 1853 Juliani
1304 1808 1392 1853 do-

107 1875 236 1923 cebat
256 1874 521 1937 imperium,
548 1891 643 1921 non
674 1876 763 1923 fine
788 1877 1016 1924 conviciis
1043 1879 1392 1942 computabatur

107 1962 158 1997 ut
184 1948 330 1995 fallax.
361 1945 456 1996 Nec
479 1948 518 1994 ei
547 1948 778 2012 quisquam
812 1950 999 1997 credidit
1019 1951 1136 2015 gesta
1169 1955 1365 2001 narranti

108 2038 344 2087 antequam
363 2024 486 2086 perfla
509 2023 646 2071 salute
669 2024 894 2087 susceptus
919 2026 974 2072 ad
996 2026 1296 2089 pugnaculum
1320 2027 1392 2073 so-

110 2099 195 2155 lus,
214 2096 299 2144 fide
321 2097 566 2160 religiosius
581 2097 770 2154 reddita,
790 2115 856 2154 ea,
879 2116 982 2162 quae
1001 2098 1234 2155 docuerat,
1256 2101 1393 2161 repli-

113 2181 246 2216 caret.
273 2169 353 2215 His
377 2169 564 2228 auditis,
579 2187 636 2216 ex
658 2170 874 2217 diuturno
893 2187 1060 2234 angore
1080 2171 1223 2233 portis
1245 2172 1393 2219 reclu—

113 2240 166 2287 fis
198 2256 356 2287 omnes
375 2241 526 2297 effusi,
560 2241 786 2304 suscepere
814 2242 903 2288 laeti
934 2241 1170 2304 pacificum
1202 2244 1359 2291 ducem
1384 2262 1396 2291 :

113 2312 243 2376 seque
260 2327 519 2377 purgantes,
538 2314 778 2378 Nigrinum
800 2315 940 2367 totius
956 2314 1123 2363 furoris
1142 2317 1365 2364 auflorem
1381 2352 1394 2373 ,

113 2382 369 2448 paucosque
400 2385 514 2434 alios
535 2387 820 2439 obtulerunt,
841 2404 998 2434 eorum
1031 2387 1253 2451 supplicio
1282 2389 1394 2435 laesa:

116 2456 304 2504 crimina
350 2459 582 2520 majestatis
614 2462 662 2508 ὃς
689 2461 810 2509 urbis
848 2478 1066 2508 aerumnas
1101 2462 1276 2525 expiari
1309 2478 1396 2524 po-

116 2529 298 2580 scentes-
323 2533 479 2582 Paucis
498 2534 692 2599 denique
715 2534 814 2598 post
831 2535 985 2583 diebus
1003 2536 1277 2600 exploratius
1299 2535 1396 2598 spe-
