1626 2917
289 96 509 142 RERUM
546 96 890 142 GESTARUM
929 96 1034 141 LIB.
1066 85 1242 141 XXVI.
1340 111 1401 157 73

125 204 253 265 quaesb
272 237 285 259 ‚
303 203 628 267 stmplicioribus
650 204 780 249 verbis
795 238 809 258 ,
834 204 944 263 quod
976 205 1190 248 conducere
1218 203 1394 246 arbitror

124 281 171 324 in
196 295 418 322 commune.
449 278 655 321 Adhiberi
683 291 856 336 oportere
885 278 930 320 in
965 267 1104 320 omnes
1134 277 1254 336 casus
1275 277 1402 335 socia

118 351 307 416 potestate
339 353 533 410 collegam
553 384 566 405 ‚
601 351 940 409 contemplatione
962 348 1151 408 poscente
1185 352 1406 410 multiplici

124 441 197 468 nec
226 425 390 484 ambigo
405 458 419 479 ‚
440 442 510 467 nec
528 441 728 484 repugno,
746 440 933 467 curarum
955 439 1119 466 acervos
1138 419 1180 466 ὃ*
1200 425 1405 468 mutatio-

123 500 195 541 'nes
211 498 353 541 varias
364 498 634 541 accidentium
647 497 730 554 ipst:
748 513 917 554 quoque,
932 510 976 538 ut
989 493 1409 551 lzomo‚f0rnzidan5'.·

114 569 198 629 sed
210 569 462 634 studendum
482 568 534 632 est
551 569 773 612 concordiae
795 568 950 612 viribus
971 569 1093 622 totis,
1107 585 1181 625 per
1201 585 1323 626 quam
1349 586 1410 614 res

126 641 280 699 quoque
298 641 474 684 minima
498 640 786 699 convalescunt
800 655 816 682 .·
832 642 941 698 quod
957 641 1239 699 impetrabitur
1247 638 1408 696 facile,

115 711 165 776 fi
177 715 390 772 patientia
419 713 543 778 vestra
565 730 654 757 curn
689 714 872 771 aequitate
899 713 1150 770 consentiens
1165 746 1178 765 ‚
1203 714 1250 756 id
1265 715 1370 758 mihi
1389 747 1405 769 ,

128 787 240 843 quod
254 801 434 829 mearum
452 785 503 849 est
512 787 714 843 partium,
728 781 953 845 concefflrit
965 786 1108 829 libens.
1121 786 1263 829 Dabit
1276 789 1407 842 enim,

129 871 177 902 ut
185 856 303 915 spero
315 891 329 913 ,
336 856 533 915 fortuna,
553 857 812 920 confiliorum
826 856 1019 910 adjutrix
1035 859 1253 914 bonorum,
1269 876 1407 918 quan-

129 946 217 976 tum
244 926 458 991 efficere-6¹
477 930 663 989 consequi
676 926 835 990 pofficm
855 962 868 982 ‚
889 932 1105 990 diligenter
1118 930 1406 987 scrutantibus

129 1015 404 1061 temperatum.
442 1003 506 1046 Ut
524 1003 631 1046 enim
638 1001 851 1060 sapientes
871 1002 1073 1059 definiunt
1087 1035 1099 1055 .‚
1113 1019 1200 1044 non
1219 1004 1341 1046 modo
1358 1004 1407 1046 in

131 1076 326 1134 imperio,
343 1075 414 1119 ubi
427 1075 614 1134 pericula
641 1076 835 1119 maxima
854 1075 962 1134 sient
990 1071 1032 1118 δ’
1059 1076 1315 1132 creberrima,
1337 1094 1412 1119 ve-

131 1164 220 1191 rum
246 1148 368 1191 etiam
393 1149 439 1191 in
455 1148 637 1207 privatis
660 1147 992 1207 quotidianisque
1022 1148 1277 1200 rationibus,
1306 1151 1413 1192 alie-

131 1238 230 1266 num
249 1222 308 1264 ad
321 1222 550 1265 amicitiam
565 1253 578 1275 ,
598 1237 687 1264 cum
702 1218 957 1274 judicaverit
976 1218 1188 1278 quisquam
1203 1223 1416 1278 prudens,

135 1292 356 1354 adjungere
372 1291 458 1355 fibi
486 1293 665 1348 debebit,
693 1309 779 1336 non
803 1309 893 1335 cam
919 1289 1187 1345 adjunxerit,
1205 1290 1416 1346 judicare.

133 1365 234 1413 Haec
263 1383 352 1409 cum
369 1365 444 1425 spe
472 1368 670 1410 laetiorum
684 1366 884 1423 polliceor
900 1381 915 1407 .·
935 1381 1007 1407 vos
1017 1362 1260 1420 firmitatem
1270 1362 1417 1420 failo-

135 1455 223 1481 rutn
255 1438 466 1480 retinentes
498 1433 541 1480 fr
561 1437 724 1494 fidem,
754 1436 851 1480 dum
885 1435 1051 1478 hiberna
1079 1436 1241 1493 patitur
1271 1438 1416 1493 quies,

134 1511 367 1554 animorum
395 1523 574 1569 reparate
593 1510 770 1568 vigorem
792 1523 909 1567 atque
925 1508 1191 1551 membrorum
1205 1541 1216 1561 ,
1237 1508 1287 1551 ob
1306 1526 1418 1552 nan-

135 1583 391 1640 cupationem
419 1580 631 1644 augustam
654 1579 790 1623 debita
806 1578 1002 1638 protinus
1028 1581 1240 1638 accepturi.
1272 1577 1418 1624 Finita

135 1651 368 1709 oratione,
390 1668 522 1716 quam
551 1650 789 1697 a116loritas
823 1662 1024 1696 erexerat
1053 1650 1264 1712 inopina,
1290 1650 1418 1696 flexit

137 1726 386 1787 Imperator
415 1725 460 1771 in
486 1724 607 1771 suam
635 1724 895 1771 sententiam
925 1724 1183 1771 universos:
1213 1725 1415 1771 consilii-

135 1814 225 1859 que
245 1796 338 1859 ejus
356 1798 478 1844 viam
505 1797 641 1844 secuti
660 1834 673 1856 ,
696 1798 773 1861 qui
794 1798 931 1860 paulo
947 1809 1050 1843 ante
1077 1797 1418 1860 flagrantissimis

137 1870 332 1917 vocibus
361 1871 481 1919 aliud
498 1870 803 1932 postulabant,
826 1868 1166 1931 circumseptum
1191 1870 1347 1932 aquilis
1368 1873 1419 1917 &

138 1941 350 2000 vexillis,
382 1941 720 2005 agminibusque
757 1942 1037 1989 diversorum
1076 1941 1287 1988 ordinum
1322 1961 1419 1989 am-

138 2013 299 2061 bitiose
341 2014 544 2079 stipatum
560 2052 573 2074 ‚
607 2014 786 2079 jamque
823 2014 1067 2062 terribilem
1107 2015 1331 2062 duxerunt
1372 2016 1419 2062 in

138 2101 318 2148 regxam.

206 2161 276 2206 111.
304 2161 428 2209 Dum
452 2161 551 2209 haec
578 2160 624 2208 in
645 2160 835 2207 Oriente
867 2160 1096 2208 volubiles
1119 2159 1315 2207 fatorum
1338 2176 1421 2206 ex·

141 2233 310 2295 plicant
337 2234 500 2295 sortes,
518 2236 800 2299 Apronianus
820 2252 976 2299 regens
1001 2236 1158 2283 urbem
1180 2248 1388 2282 aeternam
1405 2270 1421 2293 ‚

140 2306 273 2371 judex
295 2308 463 2372 integer
493 2311 542 2357 &
569 2309 769 2367 severus,
789 2309 904 2356 inter
932 2326 1136 2356 curarum
1166 2310 1388 2372 praecipua
1405 2344 1420 2365 ,

143 2381 304 2448 quibus
322 2381 419 2432 haec
440 2381 699 2445 praefek’tura
716 2380 825 2444 saepe
848 2381 1111 2432 sollicitatur
1127 2417 1139 2440 ,
1160 2381 1204 2427 id
1226 2381 1421 2443 primum
