1626 2917
182 96 239 145 16
391 91 719 141 AMMIANI
754 90 1233 138 MARCELLINI

176 203 392 251 niebatur.
425 198 677 247 Accedebat
701 197 767 245 bis
795 198 913 244 haud
946 198 1090 244 levius
1109 199 1271 244 malum
1293 233 1307 256 ‚
1334 198 1459 261 quod

176 279 287 326 lefla
308 289 462 322 manus
483 275 532 320 &
552 270 735 333 copiosa
752 307 765 327 ‚
787 288 888 333 quae
910 271 1194 317 obsidebatur
1215 307 1229 327 ,
1255 269 1385 316 nullis
1404 269 1460 315 ad

177 349 454 396 deditionem
483 344 705 410 illecebris
729 343 1015 401 flectebatur,
1046 344 1117 390 sed
1149 357 1354 407 tanquam
1387 343 1462 389 su-

178 434 385 486 peratura
411 419 485 465 vel
522 419 691 464 devota
734 417 960 464 cineribus
998 416 1150 478 patriae
1178 452 1192 475 ‚
1238 417 1461 463 resistebat

178 492 384 542 adversis.
417 493 509 538 Jam
532 506 647 553 aegre
669 490 991 536 retentabatur‘
1007 487 1200 535 inferens
1223 489 1262 535 se
1285 502 1462 551 proter-

179 566 285 614 vius
316 564 472 621 miles,
503 565 552 610 &
580 580 772 626 pugnam
800 562 870 608 vel
901 578 1036 625 aequo
1060 578 1220 624 campo
1249 561 1462 622 justoque

180 637 352 702 proelio
382 635 598 699 poscens:
631 651 824 699 cumque
847 634 1046 696 receptui
1073 647 1304 680 caneretur
1324 670 1336 690 ,
1361 633 1464 678 affi-

181 711 270 757 due
305 708 515 755 animofis
544 707 716 754 hostem
750 708 937 771 urgendi
965 707 1205 754 conatibus
1240 708 1464 753 urebatur.

183 783 311 831 Vicit
350 796 499 829 tamen
545 781 802 828 nostrorum
845 781 1081 828 confilium
1122 781 1464 828 contentionem

180 858 350 904 virium
370 856 633 902 maximam:
656 855 894 918 divisisque
916 857 1128 918 operibus
1143 890 1156 912 ,
1180 855 1330 901 officia
1350 853 1465 917 quis·

184 947 272 993 que
295 930 526 983 distributa
573 929 751 991 capeffit
779 930 993 976 ociffime.
1030 932 1146 977 Hinc
1180 930 1298 975 enim
1338 928 1464 974 ardui

185 1001 413 1065 suggestus
431 1000 741 1063 erigebantur:
764 1000 867 1047 inde
887 1001 1094 1048 fossarum
1119 1001 1371 1047 altitudines
1392 997 1467 1044 alii

187 1072 567 1135 complanabant:
589 1084 806 1117 terrarum
825 1072 1006 1118 latibula
1029 1088 1232 1118 concava
1256 1070 1467 1132 oblongis

187 1146 440 1195 tramitibus
474 1145 581 1192 alibi
619 1145 927 1194 struebantur:
960 1148 1170 1194 locabant
1197 1147 1328 1192 etiam
1360 1146 1468 1191 arti-

187 1218 295 1265 fices
316 1230 542 1264 tormenta
569 1217 756 1263 muralia
771 1253 784 1275 ,
810 1218 856 1264 in
892 1218 1088 1265 funestos
1111 1218 1280 1264 sonitus
1302 1233 1468 1280 proru-

186 1303 334 1354 ptura.
363 1292 418 1336 Et
444 1289 678 1336 cuniculos
706 1290 887 1352 quidem
909 1307 1010 1337 cum
1040 1291 1185 1337 vineis
1210 1291 1395 1335 Nevitta
1415 1292 1466 1337 δε

189 1363 495 1427 Dagalaiphus
531 1362 782 1412 curabant:
812 1363 1018 1410 ineundis
1046 1376 1194 1410 autem
1245 1363 1469 1411 confliffi-

192 1441 273 1487 bus
292 1475 305 1497 ‚
341 1440 391 1486 δε
419 1427 792 1485 (Ιετῑεηάεηάὶςέὶ)
816 1438 1029 1485 incendio
1051 1438 1125 1485 vel
1158 1438 1471 1501 eruptionibus

190 1512 411 1560 machinis
446 1524 631 1574 praeerat
672 1513 935 1574 Imperator.
988 1512 1224 1575 Cumque,
1259 1522 1471 1574 apparatu

191 1586 321 1635 omni
348 1585 660 1633 exscindendae
686 1585 808 1631 urbis
840 1585 993 1631 labore
1011 1585 1248 1647 multiplici
1267 1585 1472 1631 consum·

192 1673 319 1707 mato
337 1694 350 1716 ‚
382 1675 529 1722 pugna
561 1657 866 1722 flagitaretur:
905 1657 1062 1704 Victor
1083 1658 1266 1703 nomine
1292 1658 1381 1703 dux
1406 1667 1487 1702 re-'

193 1731 348 1780 versus
374 1731 435 1777 est
455 1767 468 1788 ‚
497 1730 692 1794 adusque
717 1730 1009 1793 Ctesiphonta
1041 1730 1274 1777 itineribus
1310 1730 1471 1791 explo-

195 1803 300 1852 ratis
318 1839 332 1861 ,
360 1803 478 1849 nulla
498 1803 722 1850 obstacula
743 1804 952 1850 nuntians
973 1802 1216 1850 offendiffe.
1236 1804 1344 1862 Quo
1368 1801 1472 1847 effe·

195 1876 282 1922 tati
317 1875 479 1938 gaudio
519 1875 681 1922 milites
725 1892 882 1922 omnes
910 1911 926 1932 ,
967 1875 1157 1937 elatique
1201 1873 1472 1919 firmioribus

199 1949 358 1997 animis
377 1949 429 1996 ad
447 1951 742 2025 certandum,
764 1949 934 2012 signum
955 1949 1302 2011 opperiebantur
1327 1963 1472 1992 arma-

199 2023 249 2068 ti.
279 2023 461 2085 Jamque
472 2001 702 2086 clangore
733 2021 901 2068 Martio
926 2021 1186 2068 sonantibus
1223 2019 1338 2064 tubis
1368 2018 1473 2064 stre-

200 2094 368 2157 pebant
399 2093 608 2156 utrinque
638 2106 809 2156 partes:
848 2095 897 2140 &
928 2092 1060 2154 primi
1086 2091 1280 2136 Romani
1302 2089 1473 2136 hostem

200 2166 405 2228 undique
434 2167 608 2213 laminis
641 2167 792 2213 ferreis
825 2167 871 2212 in
906 2165 1090 2212 modum
1128 2163 1271 2208 tenuis
1310 2164 1474 2225 plumae

199 2238 464 2300 conseptum
484 2275 497 2295 ,
527 2238 828 2302 fidentemque
847 2275 861 2296 ,
881 2239 1004 2301 quod
1039 2237 1124 2282 tela
1150 2236 1332 2299 rigentis
1367 2233 1475 2280 ferri

201 2314 396 2377 lapsibus
418 2315 602 2376 impa&a
629 2315 903 2370 resiliebant,
933 2311 1098 2360 crebris
1125 2310 1475 2373 procursationi-

200 2386 286 2434 bus
310 2388 358 2436 ὃ(
377 2386 540 2435 minaci
560 2403 783 2435 murmure
813 2385 1104 2435 lacessebant:
1142 2398 1474 2447 nonnunquam
