1626 2917
196 225 284 280 352
391 209 1285 261 AMMlAN1MARCELL1N1

192 320 413 370 concluso
447 337 470 366 a
495 319 815 366 Chaldaeorum
841 320 1015 367 arcanis
1043 320 1163 368 labes
1200 319 1473 384 primordia³

192 391 248 443 lis
279 394 482 450 exsiluit,
516 411 619 457 quae
646 392 955 440 insanabilium
977 392 1026 440 vi
1046 410 1264 457 concepta
1285 393 1475 440 morbo*

192 481 290 514 ‘rum
312 501 326 522 ,
353 463 546 526 ejusdem
585 465 692 511 Veri
730 465 962 527 Marcique
995 466 1216 531 Antonini
1252 467 1476 530 tempori-

193 538 275 587 bus
297 575 312 596 ‚
345 539 400 584 ab
426 537 526 600 ipsis
562 537 791 584 Persarum
821 535 983 584 finibus
1002 574 1016 594 ‚
1044 539 1235 602 adusque
1267 540 1475 587 Rhenum

193 616 244 660 &
269 612 440 658 Gallias
464 611 622 657 cunita
647 610 865 673 contagiis
900 611 1131 673 polluebat
1159 613 1208 659 &
1236 613 1474 660 mortibus.

193 684 282 730 Hic
297 698 442 746 prope
458 682 781 728 Chaldaeorum
800 680 861 728 est
882 682 1006 746 regio
1027 682 1158 729 altrix
1179 683 1478 747 philosophiae.

192 756 359 802 veteris
380 791 395 811 ,
417 768 464 800 ut
485 765 738 800 memorant
757 753 835 816 ipsi
854 790 864 810 ,
890 755 1009 816 apud
1032 771 1149 818 quos
1177 756 1374 803 veridica
1395 774 1477 804 va·
1520 764 1523 766 '

192 827 414 875 ticinandi
444 825 552 874 fides
584 827 739 874 eluxit.
770 827 1003 874 Perfluunt
1035 841 1180 874 autem
1202 829 1279 875 has
1304 828 1478 876 easdem

193 916 333 948 terras
364 900 567 963 potiores
594 914 696 947 ante
726 901 838 947 alios
858 918 1010 948 amnes
1036 902 1104 960 hi,
1126 919 1241 965 quos
1265 903 1479 964 praedixi-

194 991 325 1036 mus‚
354 975 404 1020 ὃ(
432 972 596 1019 Marses
617 1007 628 1026 ,
648 974 696 1019 &
725 971 892 1018 flumen
919 972 1125 1035 regium,
1152 974 1203 1020 &
1232 973 1480 1036 Euphrates

195 1050 366 1098 cunffls
399 1049 624 1096 excellens
647 1065 658 1095 ε
686 1049 766 1111 qui
797 1049 1042 1111 tripartitus
1062 1085 1075 1107 ‚
1103 1049 1371 1113 navigabilis
1401 1067 1481 1113 per

196 1141 357 1171 omnes
389 1123 451 1170 est
476 1124 606 1170 rivos
623 1159 636 1179 ,
666 1121 910 1186 insulasque
940 1122 1283 1181 circumfluens,
1304 1125 1354 1171 δι
1371 1115 1482 1171 arva

194 1197 422 1244 cultorum
462 1194 676 1241 industria
714 1193 967 1257 diligentius
1005 1195 1178 1258 rigans,
1218 1195 1396 1242 vomeri
1429 1198 1480 1243 &

196 1268 434 1333 gignendis
453 1266 639 1314 arbustis
659 1265 818 1314 habilia
836 1265 957 1314 facit.
979 1266 1061 1312 His
1083 1266 1290 1313 tractibus
1309 1267 1481 1314 Susiani

196 1337 475 1405 junguntur,
501 1341 619 1402 apud
648 1357 764 1404 quos
795 1356 892 1386 non
918 1340 1055 1385 multa
1075 1339 1174 1386 sunt
1195 1340 1388 1402 oppida,
1408 1340 1484 1387 in·-

197 1429 266 1463 ter
303 1416 388 1463 alia
417 1427 565 1461 tamen
599 1414 766 1460 eminet
793 1413 924 1470 Susa,
952 1413 1066 1476 saepe
1101 1413 1383 1460 domicilium
1413 1431 1482 1461 re-

197 1507 305 1554 gum
324 1524 340 1547 ,
370 1491 419 1536 &
447 1488 656 1547 Arsiana,
676 1490 726 1536 &
756 1488 854 1534 Sele
871 1523 885 1545 ,
905 1488 954 1534 &
985 1487 1188 1534 Aracha:
1213 1500 1359 1534 cetera
1386 1487 1483 1534 brea

198 1565 277 1610 via
294 1561 395 1608 sunt
420 1562 471 1609 &
492 1561 697 1608 obscura.
717 1560 865 1607 Fluvii
884 1576 999 1606 vero
1018 1560 1147 1606 multi
1165 1577 1244 1622 per
1266 1560 1362 1606 haec
1380 1560 1484 1607 loca

200 1634 458 1682 discurrunt
477 1668 490 1686 ‚
518 1633 680 1696 quibus
717 1631 924 1694 praestant
960 1632 1155 1678 Oroates
1176 1666 1191 1690 ,
1216 1632 1266 1678 δε
1299 1631 1448 1677 Harax
1465 1666 1484 1689 ‚

199 1711 250 1756 ὅ(
272 1709 459 1763 Meseus‚
481 1725 559 1770 per
576 1707 782 1755 arenosas
800 1705 1036 1770 angustias,
1056 1721 1156 1769 quae
1171 1721 1195 1750 a
1213 1704 1354 1750 rubro
1375 1721 1482 1766 pro-

200 1783 356 1829 hibent
401 1782 613 1845 Caspium
654 1797 775 1827 mare
800 1815 815 1837 ,
860 1795 1115 1842 aequoream
1148 1776 1484 1844 multitudinem

200 1855 483 1902 inundantes.
521 1857 580 1901 At
614 1855 661 1900 in
699 1854 815 1899 laeva
848 1851 1000 1899 Media
1033 1848 1226 1898 confinis
1262 1851 1484 1913 Hyrcano

202 1929 412 1992 panditur
433 1927 570 1974 mari:
593 1943 725 1989 quam
749 1937 850 1972 ante
870 1941 1057 1988 regnum
1075 1923 1192 1987 Cyri
1217 1921 1485 1984 superioris,

202 2003 253 2050 &
282 2003 557 2047 incrementa
588 1999 814 2056 Perfidos,
839 1997 1026 2062 legimus
1053 1995 1165 2042 Afiae
1191 1995 1387 2057 reginam
1409 2007 1487 2041 to-

202 2076 291 2120 tius
317 2073 506 2137 Assyriis
541 2073 746 2129 domitis,
774 2087 972 2135 quorum
1007 2067 1225 2132 plurimos
1264 2083 1402 2130 pagos
1435 2068 1485 2114 in

203 2152 503 2209 Acropatenae
525 2145 798 2193 vocabulum
821 2154 1096 2207 permutatos
1124 2139 1229 2186 belli
1248 2138 1345 2202 jure
1379 2139 1485 2202 pos-

204 2220 328 2267 sedit.
351 2224 375 2245 '⁵
402 2220 645 2283 Pugnatrix
678 2218 802 2265 natio
819 2253 832 2275 ‚
860 2218 911 2264 &
936 2215 1220 2262 formidanda
1251 2213 1351 2277 post
1384 2215 1484 2261 Par-

205 2294 312 2340 thos
327 2328 341 2350 ,
364 2292 524 2355 quibus
552 2291 753 2338 vincitur
779 2288 911 2347 solis,
933 2287 1139 2351 regiones
1160 2287 1412 2333 inhabitans
1432 2286 1488 2334 ad

206 2364 398 2427 speciem
424 2364 648 2426 quadratae
673 2361 824 2426 figurae
842 2361 1063 2408 formatas.
1085 2360 1248 2406 Harum
1271 2373 1487 2407 terrarum

207 2436 372 2486 incolae
390 2453 546 2483 omnes
567 2438 620 2483 ad
647 2437 925 2484 latitudinem
945 2435 1128 2480 nimiam
1152 2435 1485 2491 extenduntur,

207 2510 355 2576 eisque
393 2510 597 2558 maxima:
632 2510 912 2559 celsitudines
957 2508 1192 2557 imminent
1227 2507 1487 2560 montium,
