1626 2917
321 215 542 265 RERUM
580 215 917 265 GESTARUM
952 216 1056 263 LIB.
1086 215 1253 264 XVIII.
1337 231 1421 280 173

150 322 403 380 terrebant,
421 323 534 369 intra
551 321 847 370 semiclausam
866 321 1080 385 posticam
1098 322 1302 385 exposito
1322 339 1429 385 pues·

155 412 238 454 re,
266 395 519 442 nostrorum
556 412 714 459 agmen
744 395 940 458 agilitate
973 394 1150 443 volucri
1177 396 1431 457 repetebam

152 469 393 516 exanimis:
411 486 494 517 nec
513 469 702 516 multum
723 469 830 526 fuit,
848 468 956 532 quin
979 484 1172 531 caperer.
1189 469 1304 516 Nam
1325 486 1430 516 cum

153 544 426 609 Abdigidum
455 545 677 608 quendam
703 545 931 591 tribunum
956 542 1198 607 fugientem
1226 561 1326 591 cum
1352 560 1431 591 ca·-

153 617 264 664 lone
302 618 370 664 ala
407 617 659 681 sequeretur
694 617 890 675 hostilis,
923 617 1139 681 lapsoque
1173 634 1251 679 per
1282 616 1432 680 fugam

154 689 347 737 domino
365 689 540 737 servum
562 688 881 752 deprehensum
898 725 911 747 ,
935 706 1038 736 cum
1056 705 1140 751 ego
1165 688 1323 751 rapido
1341 689 1433 737 ictu

154 761 384 808 transirem
400 798 412 818 ‚
431 760 770 824 interrogassent
782 796 795 819 ,
816 760 1013 823 quisnam
1035 761 1278 823 provectus
1295 760 1344 806 fit
1363 759 1435 822 ju-

154 835 267 892 dex,
285 835 585 898 audissentque
599 871 612 893 ,
628 834 881 882 Ursicinum
905 833 1042 896 paulo
1062 846 1162 880 ante
1181 833 1336 879 urbem
1366 833 1434 880 in-

157 909 373 972 gressum,
400 922 601 955 montem
627 908 781 954 Izalam
809 921 987 970 petere:
1020 906 1170 953 occiso
1199 905 1366 964 indice,
1386 906 1436 955 in

157 997 299 1028 unum
331 982 500 1045 quaesiti
538 981 789 1044 complures
822 996 906 1026 nos
951 978 1202 1041 irrequietis
1239 979 1436 1026 cursibus

158 1052 444 1101 sectabantur.
462 1053 594 1113 Quos
613 1069 713 1099 cum
732 1049 920 1112 jumenti
941 1049 1138 1113 agilitate
1155 1049 1436 1113 praegreffu5‚

156 1126 276 1188 apud
288 1123 498 1172 Amudim
516 1124 842 1171 munimentum
862 1121 1088 1169 infirmum
1105 1156 1119 1179 ,
1141 1121 1339 1183 dispersis
1357 1138 1438 1184 per

156 1196 554 1261 pabulumequis,
576 1197 832 1244 recubantes
861 1195 1039 1242 nostros
1073 1193 1265 1241 securius
1301 1194 1439 1247 inveff

157 1271 340 1330 niffem,
360 1272 568 1335 porre&0
599 1270 820 1318 extentius
847 1269 1062 1325 brachio,
1093 1268 1142 1316 &
1175 1267 1439 1314 summitati-

156 1344 240 1393 bus
258 1345 343 1408 sagi
361 1345 583 1393 contortis
613 1345 794 1402 elatius,
810 1342 950 1390 adess'e
977 1341 1125 1389 hostes
1150 1341 1277 1404 signo
1301 1341 1439 1388 solito

158 1418 511 1465 demonstrabam
530 1437 542 1465 ε
561 1417 804 1480 iisdemque
833 1415 1006 1478 junctus
1033 1416 1204 1477 impetu
1230 1432 1439 1462 commu·-

160 1489 210 1536 ni
240 1488 435 1542 ferebar,
467 1505 586 1552 equo
622 1488 710 1550 jam
753 1487 997 1535 fatiscente.
1035 1488 1251 1534 Terrebat
1290 1501 1440 1537 autem

161 1577 248 1608 nos
266 1561 560 1624 plenilunium
583 1560 726 1607 noctis
743 1597 756 1617 ,
784 1561 833 1608 &
853 1559 1056 1621 planities
1079 1560 1233 1622 supina
1253 1573 1442 1624 campo-4

162 1650 260 1681 rum
272 1669 285 1693 ,
306 1635 445 1692 nulla,
463 1635 494 1681 fi
515 1633 771 1695 occupasset
789 1632 951 1680 arctior
971 1631 1108 1690 casus,
1126 1632 1307 1680 latibula
1325 1648 1440 1697 prae-

162 1706 270 1754 bere
299 1706 547 1764 sufficiens,
565 1706 641 1753 ubi
673 1722 757 1752 nec
786 1705 995 1763 arbores,
1023 1721 1106 1752 nec
1135 1704 1325 1764 fruteta,
1355 1724 1440 1756 nec

161 1778 406 1843 quidquam
428 1792 589 1843 praeter
608 1778 760 1825 herbas
780 1777 965 1825 humiles
982 1777 1219 1826 visebatur.
1245 1779 1440 1843 Excogi-

158 1852 304 1898 tatum
322 1853 383 1898 est
410 1869 519 1916 ergo
533 1888 546 1911 ‚
567 1864 618 1898 ut
637 1853 817 1899 ardente
838 1851 1107 1915 superposita
1134 1854 1336 1916 lampade
1353 1890 1365 1912 ,
1388 1856 1440 1903 &

159 1923 484 1988 circumligata,
500 1942 555 1972 ne
572 1937 735 1984 rueret,
753 1923 1001 1986 jumentum
1018 1920 1180 1983 solum,
1198 1927 1327 1989 quod
1341 1943 1440 1975 eam

165 1996 392 2054 vehebat,
421 1997 617 2044 solutum
647 1998 737 2045 fine
766 1999 934 2044 rectore
966 1997 1206 2046 laevorsum
1234 1999 1299 2045 ire
1333 2016 1440 2061 per-

165 2069 437 2128 mitteretur,
458 2086 559 2116 cum
593 2086 678 2116 nos
708 2071 763 2117 ad
790 2082 1034 2117 montanos
1059 2071 1255 2118 excess‘us
1285 2072 1441 2121 dextra

164 2142 336 2205 positos
361 2143 670 2190 tenderemus:
707 2155 757 2189 ut
791 2143 1034 2206 praelucere
1069 2143 1259 2189 sebalem
1296 2143 1441 2193 facem

168 2214 273 2262 duci
304 2215 447 2263 lenius
478 2217 693 2280 gradienti
726 2217 865 2264 Persae
893 2217 1122 2264 credentes
1141 2253 1155 2275 ‚
1188 2234 1290 2272 eum
1318 2230 1440 2266 tene·-

168 2297 269 2333 rent
302 2287 570 2350 potiffimum
596 2289 801 2337 cursum:
831 2289 957 2353 quod
984 2288 1066 2335 nifi
1091 2288 1236 2336 fuiffet
1269 2292 1441 2352 praevi-

169 2359 297 2418 sum,
329 2361 627 2410 circumventi
658 2364 708 2411 δε
729 2364 848 2426 capti
880 2363 959 2410 sub
991 2362 1210 2410 ditionem
1246 2364 1442 2410 veniffe-

171 2450 272 2481 mus
304 2436 522 2488 hostilem.
554 2441 657 2487 Hoc
685 2439 868 2489 extracti
897 2437 1101 2502 periculo
1122 2474 1135 2496 ,
1157 2456 1256 2487 cum
1283 2440 1336 2485 ad
1359 2455 1441 2485 ne-

172 2506 404 2558 morosum
426 2511 648 2576 quendam
679 2511 835 2563 locum
865 2510 1011 2566 vineis
1048 2512 1321 2577 arbustisque
1355 2527 1444 2576 po:
