1626 2917
194 148 326 193 SUB
370 145 832 194 CONSTANTINO
875 145 1115 191 MAGNO
1153 143 1231 193 fre.
1283 158 1386 192 XLV

107 266 190 296 rum
220 254 482 305 Largitionum
518 255 616 292 inter
640 255 804 305 Agentes
829 261 1074 292 numerentur
1103 253 1185 293 inl
1216 253 1257 294 C.
1287 254 1391 294 Con-

106 315 222 356 stitut.
252 316 434 366 idemque
462 316 510 354 de
535 315 687 355 Comite
716 315 768 353 rei
792 315 944 354 Privatae
973 314 1209 354 censendum
1234 315 1300 362 sit3
1334 325 1391 355 ta-

106 389 199 415 men
229 377 422 426 officium,
454 377 530 416 sive
557 377 714 416 ministri
742 376 966 427 Magisteriae
997 371 1190 427 potestatis
1223 378 1390 427 dignitas

106 435 209 477 hanc
245 438 311 477 fibi
350 437 576 489 singularem
610 437 906 488 appellationem
937 439 1118 477 vindicat.
1151 438 1320 478 Ambros.
1354 439 1392 480 II

107 500 220 540 Offic.
245 500 289 539 C.
314 500 478 541 XXIX:
501 502 694 552 Legebatur
725 502 878 553 rescripti
895 499 1040 552 fhrma‚·
1067 501 1203 538 directio
1226 501 1394 554 Magistri

108 561 308 615 Officiorum
325 564 489 616 statuta;
521 563 647 615 Agens
677 563 715 600 in
744 563 839 601 rebus
863 562 1069 600 imminebat.
1102 562 1295 612 Quaestor,
1325 563 1391 613 qui

108 621 441 666 Constantinianus
471 623 585 662 etiam
622 625 854 675 magistratus
883 623 981 672 fuit,
1014 636 1142 674 preces
1170 626 1205 664 Gt
1230 624 1394 664 sanctio-

106 696 175 723 nes
206 686 419 735 condebat,
455 688 515 733 &,
548 697 590 725 ut
625 686 677 725 ait
705 687 877 727 Zosimus
901 686 967 726 lib.
1003 687 1053 734 V,
1083 686 1276 736 dictabat,
1308 701 1393 738 quae

106 747 277 799 Principi
300 750 527 789 viderentur.
560 751 635 790 Hic
669 763 747 789 non
772 750 906 790 habuit
937 750 1144 800 Scholam,
1170 750 1234 790 sed
1266 751 1393 790 sumlit.

107 812 315 861 Adjutores
339 813 387 852 de
412 812 581 862 scriniis;
614 822 656 853 ut
688 815 742 852 vir
767 814 974 852 studiorum
998 813 1116 864 gloria
1140 813 1392 853 nobilissimus

108 873 276 923 jacobus
301 875 480 925 Cujacius
501 875 534 922 J.
559 875 600 914 C.
626 875 758 914 docuit
782 875 822 912 in
841 873 959 913 libros
980 874 1200 924 posteriores
1218 875 1385 914 Codicis.

109 936 324 977 Comitibus
352 938 547 977 Sacrarum
579 937 842 986 Largitionum
878 949 922 976 ac
960 937 1012 975 rei
1049 937 1201 976 Privatae
1227 940 1290 987 qui
1321 939 1393 977 im-

108 1000 280 1049 minent,
305 1002 341 1040 ἃ
363 1000 402 1038 in
427 1012 559 1038 eorum
582 999 731 1040 Scholis
751 999 941 1047 militant,
966 999 1123 1039 Palatini
1147 999 1301 1050 speciali
1327 1015 1391 1040 vo-

110 1063 251 1102 cabulo
278 1064 482 1111 dicuntur,
519 1064 669 1114 generis
703 1062 964 1113 appellatione
991 1063 1132 1113 speciei
1166 1072 1318 1114 aptata:
1352 1074 1394 1103 ut

109 1132 245 1175 praeter
274 1124 449 1164 Titulum
478 1125 674 1174 proprium
699 1124 739 1162 in
765 1123 860 1163 Cod.
891 1133 1077 1174 utroque,
1105 1125 1243 1175 probat
1268 1126 1396 1176 Impe-

109 1185 244 1224 ratoris
278 1185 530 1234 Constitutio‚
559 1186 599 1226 L.
626 1186 790 1224 Nullum.
825 1185 867 1226 C.
895 1185 942 1225 de
966 1186 1067 1226 offic.
1099 1188 1188 1226 rec}-
1219 1189 1397 1238 provinc.

109 1247 151 1286 in
178 1261 251 1298 qua
274 1246 480 1299 legendum
505 1249 698 1296 imminere,
727 1261 806 1287 non
841 1249 1008 1302 minuere,
1039 1250 1081 1288 'ut
1108 1249 1263 1300 quidam
1292 1251 1395 1290 male

111 1309 361 1360 suspicantur.
396 1310 504 1350 Nihil
527 1310 630 1349 enim
661 1310 712 1348 est
735 1309 841 1349 aliud
869 1311 1096 1359 imminere,
1118 1324 1234 1361 quarn
1268 1314 1392 1363 Appa-

111 1371 238 1411 ritoris
265 1370 391 1410 officio
422 1371 563 1421 fungi:
596 1384 670 1422 quo
696 1370 870 1410 alludens
893 1372 1073 1411 Horatius
1103 1372 1180 1420 ait,
1210 1373 1291 1413 Jam
1322 1376 1393 1425 cy-

112 1432 227 1469 tlzerea
252 1432 375 1469 choros
405 1433 500 1470 ducit
530 1433 649 1470 Venus
674 1434 867 1471 imminente
895 1433 1003 1471 luna:
1029 1433 1127 1482 quali
1158 1445 1240 1483 quae
1266 1436 1393 1484 Appa-

112 1493 238 1532 ritoris
256 1492 339 1531 vice
359 1502 451 1532 tunc
476 1495 711 1546 fungeretur.
744 1495 801 1535 Ex
820 1494 1022 1541 Palatinis,
1047 1495 1111 1544 qui
1140 1495 1283 1534 Comiti
1308 1496 1394 1535 Lar-

114 1554 305 1604 gitionum
340 1556 596 1606 apparebant,
632 1557 921 1609 Largitionales;
955 1557 1021 1606 qui
1047 1569 1136 1594 vero
1165 1556 1308 1596 Comiti
1339 1557 1394 1596 rei

112 1616 293 1665 Privatae,
323 1618 533 1656 Privatiani
561 1619 600 1656 in
625 1617 972 1658 constitutionibus
1004 1617 1258 1668 appellantur.
1296 1620 1396 1657 Am*-

113 1677 264 1717 mianus
294 1677 379 1717 illos
408 1678 524 1718 semel
541 1681 776 1734 Apparitores
800 1679 1030 1730 appellavit:
1066 1681 1245 1718 meminit
1275 1682 1393 1720 etiam

114 1741 331 1792 frequenter
349 1744 614 1791 Rationalium‚
641 1745 704 1795 qui
729 1745 768 1783 in
788 1742 940 1794 singulis
967 1752 1074 1782 erant
1096 1744 1325 1793 provinciis,
1355 1747 1392 1786 &

113 1801 293 1842 suberant
321 1796 461 1843 Coiniti
490 1805 543 1843 rei
568 1805 723 1844 Privatae
743 1805 782 1845 L.
811 1805 865 1845 III
892 1805 933 1844 C.
964 1805 1012 1843 de
1044 1804 1132 1843 boni
1160 1817 1290 1844 vacan.
1315 1805 1388 1845 Ita--

0 1858 5 1868 '¹
61 1878 64 1881 ’
114 1876 190 1914 que
217 1878 239 1903 a
265 1864 454 1905 Rationali
484 1868 533 1906 ad
558 1868 752 1907 Comitem
786 1870 839 1907 rei
869 1868 1022 1907 Privatae
1053 1866 1233 1917 appellari
1270 1867 1391 1916 solet,

114 1925 158 1966 L.
184 1927 320 1967 XXVI
345 1927 387 1968 C.
414 1928 565 1969 Theod.
602 1930 650 1968 de
677 1929 815 1980 appell.
851 1929 1030 1969 Occurrit
1060 1928 1240 1978 frequens
1272 1929 1393 1968 Nota-

113 1989 258 2027 riorum
287 1991 432 2030 mentio
460 1993 562 2042 apud
586 1993 854 2040 Ammianum,
889 2005 1052 2041 quorum
1079 2001 1158 2030 erat
1180 1991 1392 2031 honoratis„

114 2049 208 2089 sima
228 2049 389 2100 militia,
417 2055 453 2092 Sc
491 2053 701 2104 privilegiis
730 2066 808 2091 non
834 2054 956 2103 parvis
987 2055 1191 2092 decorata:
1226 2053 1289 2102 qui
1320 2067 1393 2092 no-

115 2112 164 2150 tis
189 2107 272 2152 a'c‘ta
297 2113 567 2154 Confistoriana
591 2114 859 2165 excipiebant,
887 2118 922 2154 Sc
942 2115 1130 2164 ejusmodi
1162 2115 1392 2164 cognitioni-

0 2165 20 2203 ·³
63 2203 68 2216 ,
118 2172 190 2212 bus
211 2175 427 2216 intererant.
460 2177 560 2216 Nam
583 2176 649 2217 lib.
676 2176 768 2217 XIV
795 2176 832 2215 in
854 2177 1075 2227 cognitione
1097 2176 1282 2214 narranda
1304 2174 1390 2214 sub-

118 2233 197 2272 dit:
228 2234 432 2288 Affistebant
453 2237 632 2275 hincinde
660 2238 824 2286 Notarii,
850 2238 936 2290 quid
959 2238 1127 2290 qnaefitutn
1143 2235 1240 2288 fft,
1264 2238 1391 2287 quidve

115 2295 331 2347 responsum,
357 2299 473 2348 curfim
505 2300 557 2336 ad
581 2298 742 2350 Caesarem
772 2298 988 2350 perferentes.
1030 2298 1074 2337 Et
1100 2297 1164 2336 lib.
1193 2297 1315 2337 XXII
1341 2298 1390 2336 de

118 2351 304 2396 Pentadio
331 2359 518 2399 Notario:
565 2361 629 2399 Cui
660 2361 701 2397 id
725 2359 886 2412 objeft'um
913 2362 976 2412 est,
1010 2361 1102 2412 quod
1128 2376 1151 2397 a
1187 2360 1388 2411 Constantio

120 2416 257 2468 mzffics,
284 2420 375 2459 notis
405 2422 565 2476 excepit,
590 2435 662 2475 qua:
690 2422 944 2474 propinquante
964 2424 1115 2476 pernicie
1141 2423 1248 2475 fitper
1270 2422 1390 2459 multis
