1626 2917
202 136 294 198 276
396 132 753 181 AMMIANI
801 133 1298 183 MARCELL1N1

196 240 590 306 procursatoribus
608 257 792 288 omnem
812 241 933 288 illam
957 243 1255 292 multitudinis
1276 255 1444 308 partem
1467 281 1484 304 ,

195 334 332 379 quam
364 315 571 361 viderant
590 352 604 371 ,
623 315 669 360 in
697 331 885 361 numero
918 316 1068 363 decem
1092 318 1280 365 millium
1306 319 1390 366 effe
1408 318 1484 366 fir-

195 388 420 435 mantibus
441 406 452 433 :
476 390 751 448 Imperator,
783 389 964 453 procaci
992 389 1187 452 quodam
1212 391 1362 438 calore
1385 410 1484 454 per-

195 460 342 506 culsus
357 496 369 513 ‚
392 458 543 505 iisdem
565 476 801 506 occurrere
824 460 1074 507 festinabat.
1096 462 1291 508 Proinde
1309 465 1483 525 agmine

193 534 416 594 quadrato
443 533 654 580 incedens
673 550 817 597 prope
843 533 1142 581 suburbanum
1164 536 1482 600 Hadrianopo-

191 609 293 655 leos
330 607 497 655 venit:
533 608 612 655 ubi
651 609 772 654 vallo
811 608 992 661 sudibus
1027 609 1229 667 foffaoue
1266 609 1480 670 firmato,

191 683 460 730 Gratianum
500 683 784 744 impatienter
833 684 1074 746 opperiens
1103 721 1118 743 ,
1160 685 1480 733 Richomerem

192 755 426 802 Comitem
452 754 803 802 domesticorum
834 754 1023 819 suscepit
1053 758 1110 804 ab
1142 757 1301 804 eodem
1335 761 1481 820 Impe-

189 843 342 876 ratore
370 829 640 891 praemiffum
667 846 768 875 cum
793 828 960 887 literis,
987 829 1130 892 ipsum
1157 847 1342 895 quoque
1362 848 1480 878 ven-

187 914 339 958 turum
362 919 471 961 mox
499 901 815 948 indicantibus.
837 903 1041 961 Quarum
1068 914 1195 949 textu
1222 915 1402 962 oratus,
1428 916 1478 950 ut

189 977 523 1041 praestolaretur
562 975 788 1038 paulisper
832 977 1136 1037 periculorum
1178 977 1477 1040 participem,

188 1067 309 1097 neve
337 1050 537 1112 abruptis
563 1048 891 1096 discriminibus
913 1061 1078 1096 temere
1107 1049 1243 1097 semet
1262 1051 1476 1097 commit-

189 1136 304 1171 teret
332 1122 489 1170 :solum
523 1139 534 1169 :
571 1121 780 1168 adhibitis
816 1121 862 1168 in
903 1121 1141 1169 confilium
1182 1122 1476 1186 potestatibus

188 1196 358 1254 variis,
389 1194 498 1258 quid
527 1194 645 1247 facto
671 1209 789 1256 opus
819 1194 948 1253 effet,
967 1194 1251 1242 deliberabat.
1283 1197 1339 1241 Et
1370 1212 1474 1242 cum

187 1271 450 1325 Sebastiano
485 1269 666 1316 auciore
708 1267 892 1330 quidam
935 1267 1142 1329 protinus
1182 1269 1376 1316 eundum
1416 1270 1472 1316 ad

187 1357 416 1392 certamen
449 1353 689 1406 urgerent:
709 1340 872 1387 Victor
900 1341 1086 1388 nomine
1108 1342 1317 1405 Magister
1343 1343 1472 1405 equi-

185 1431 281 1465 tum
297 1454 309 1475 ‚
333 1419 557 1474 Sarmata,
576 1414 649 1461 sed
669 1415 901 1462 cunctator
922 1417 972 1462 δέ
991 1428 1146 1462 cautus
1167 1451 1181 1473 ,
1204 1415 1353 1462 eadem
1375 1415 1474 1462 sen-

184 1490 398 1537 tientibus
433 1487 610 1545 multis,
634 1485 812 1549 imperii
842 1485 1011 1533 socium
1044 1485 1284 1548 exspeciari
1323 1487 1474 1535 cense-

183 1564 260 1612 bat
281 1582 292 1610 :
319 1550 370 1610 ut
392 1561 676 1610 incrementis
703 1559 925 1607 exercitus
945 1559 1170 1606 Gallicani
1191 1559 1362 1618 ascitis,
1382 1577 1471 1622 op-

183 1637 456 1700 primeretur
485 1634 632 1681 levius
658 1646 811 1680 tumor
838 1632 1094 1680 barbaricus
1118 1631 1362 1680 flammanS.
1389 1633 1471 1680 Via

183 1712 247 1756 cit
267 1713 416 1755 tamen
446 1707 619 1754 funesta
649 1705 871 1769 Principis
897 1705 1131 1752 destinatio
1155 1741 1169 1764 ‚
1196 1708 1245 1754 &
1265 1706 1467 1752 adulabi-

179 1783 235 1830 lis
272 1782 558 1847 quorundam
588 1779 803 1826 sententia
840 1780 1105 1842 regiorum:
1138 1779 1218 1842 qui
1249 1796 1305 1825 ne
1337 1795 1466 1841 paene

178 1853 269 1916 jam
298 1866 436 1916 partae
459 1852 663 1900 vicioriae
681 1887 696 1910 ,
715 1863 763 1897 ut
785 1850 1107 1913 opinabantur,
1130 1850 1316 1898 consors
1340 1849 1465 1897 fieret

180 1928 422 1974 Gratianus
450 1961 464 1983 ,
498 1923 734 1988 properari
772 1923 901 1970 cursu
947 1924 1080 1970 celeri
1118 1923 1372 1970 suadebant.
1408 1925 1465 1969 Et

179 2000 284 2046 dum
317 1996 553 2045 necess'aria
589 1995 856 2057 parabantur
875 1996 930 2042 ad
956 1996 1312 2053 decernendum,
1328 1996 1464 2042 Chri-

178 2071 308 2119 stiani
336 2071 448 2117 ritus
479 2069 716 2132 presbyter
736 2103 749 2125 ,
781 2083 831 2114 ut
868 2067 946 2130 ipfi
981 2069 1230 2130 appellant,
1258 2067 1404 2114 missus
1436 2086 1462 2116 a

177 2145 431 2208 'Fritigerno
479 2144 647 2206 legatus
691 2158 794 2188 cum
834 2141 926 2187 aliis
958 2140 1199 2187 humilibus
1242 2139 1366 2187 venit
1404 2141 1462 2187 ad

175 2217 396 2279 Principis
426 2215 587 2263 castra:
622 2213 930 2277 susceptusque
957 2212 1115 2260 leniter
1134 2247 1148 2269 ,
1175 2210 1460 2276 ejusdemque

177 2290 375 2336 ducioris
408 2289 576 2336 obtulit
603 2286 760 2350 scripta
779 2323 788 2340 ,
818 2286 1008 2350 petentis
1030 2287 1287 2348 propalam,
1309 2299 1357 2331 ut
1379 2285 1457 2332 fibi

175 2363 345 2426 suisque
365 2398 381 2423 ,
413 2378 528 2426 quos
557 2374 760 2409 extorres
795 2360 949 2424 patriis
978 2359 1139 2407 laribus
1168 2357 1310 2422 rapidi
1337 2357 1455 2406 fera-
