1626 2917
306 209 522 255 RERUM
558 208 894 255 GESTARUM
924 208 1028 256 ΜΒ.
1061 184 1260 255 ΧνΗΙ.’
1316 223 1399 271 175

125 315 499 377 eistsucceU'ore:
516 316 648 362 affirm
684 314 725 361 δ’
754 322 1054 372 conclamatum
1074 317 1152 381 est,
1180 318 1227 361 ni
1253 315 1407 363 caverit

131 391 301 435 Graecia.
333 388 426 449 Qui
459 401 606 436 textus
643 388 938 452 significabat,
970 388 1193 435 Persarum
1227 405 1407 451 regem,

129 459 315 507 transitis
343 460 597 507 fluminibus
631 461 809 507 Anzaba
844 464 891 508 ὅ(
922 461 1135 524 Tigride,
1165 461 1408 508 Antonino

128 533 341 580 hortante
374 532 623 580 dominium
655 533 857 580 Orientis
897 533 1101 580 affeffilare
1139 532 1293 581 totius.
1328 533 1410 580 His

131 606 192 652 ob
218 607 557 668 perplexitatem
593 606 771 652 nimiam
810 606 1039 670 aegerrime
1072 606 1222 664 lectis,
1258 607 1410 654 confi-

129 677 239 724 lium
270 678 502 742 suscipitur
541 680 749 742 prudens.
782 680 883 725 Erat
914 695 970 724 eo
1007 691 1211 740 tempore
1240 678 1411 744 satrapa

129 754 411 813 Corduenae,
442 771 541 818 quae
560 754 897 815 obtemperabat
928 752 1132 815 potestati
1154 753 1409 815 Persarum,

131 827 397 875 Jovinianus
438 828 623 875 nomine
668 827 945 890 appellatus,
975 826 1022 872 in
1057 826 1157 876 solo
1195 828 1411 874 Romano

130 901 386 949 adolescens
405 938 417 958 ‚
451 901 682 948 nobiscum
715 900 893 947 occulte
915 899 1136 946 sentiens:
1165 916 1214 945 ea
1248 899 1414 962 gratia,

134 974 259 1036 quod
296 975 518 1021 obsidatus
552 974 668 1020 sorte
699 973 746 1019 in
787 972 928 1037 Syriis
960 973 1164 1019 detentus
1186 1008 1200 1030 ‚
1235 975 1284 1020 ὅ(
1314 974 1413 1019 dul-

132 1048 288 1094 cedine
323 1048 569 1094 liberalium
607 1046 852 1093 studiorum
892 1045 1061 1092 illectus
1085 1081 1097 1101 ‚
1131 1062 1324 1092 remeare
1357 1046 1413 1092 ad

131 1120 282 1167 nostra
305 1121 474 1169 ardenti
506 1121 722 1168 desiderio
756 1120 979 1184 gestiebat.
1016 1119 1085 1166 Ad
1108 1119 1227 1166 hunc
1261 1120 1412 1168 miffus

131 1209 218 1256 ego
248 1212 350 1241 cum
381 1195 646 1258 centurio-ne
666 1194 862 1258 quodam
883 1192 1091 1239 fidiffimo
1105 1229 1116 1250 ,
1137 1192 1411 1255 exploratius

131 1265 348 1313 noscendi
378 1267 541 1330 gratia,
565 1285 667 1331 quae
698 1267 988 1329 gerebantur,
1015 1282 1093 1327 per
1123 1266 1254 1313 avios
1275 1282 1414 1313 mon-

131 1349 197 1382 tes
223 1338 531 1403 angustiasque
554 1338 803 1403 praecipites
830 1337 951 1386 veni.
976 1337 1196 1401 Visusque
1217 1339 1266 1386 &
1288 1339 1414 1402 agni-

132 1421 203 1456 tus
224 1444 236 1461 ‚
269 1410 546 1474 comiterque
576 1411 796 1472 susceptus
810 1445 822 1467 ,
842 1409 1024 1460 causam
1040 1408 1282 1471 praesentiae
1301 1427 1414 1458 meae

133 1483 215 1528 uni
241 1483 306 1529 illi
342 1485 589 1542 confessus,
620 1484 830 1544 adjuncto
851 1483 1074 1530 taciturno
1106 1484 1258 1547 aliquo
1276 1485 1412 1533 loco-

133 1571 230 1600 rum
259 1557 404 1617 perito
424 1593 436 1614 ‚
458 1558 614 1603 mittor
632 1557 683 1602 ad
702 1555 927 1618 praecelsas
947 1573 1076 1618 rupes
1095 1556 1257 1603 exinde
1275 1557 1414 1621 longe

133 1627 373 1675 distantes:
396 1631 514 1676 unde
544 1630 624 1675 nisi
654 1628 896 1676 oculorum
931 1627 1140 1675 deficeret
1173 1629 1323 1688 acies,
1357 1630 1416 1678 ad

133 1701 540 1765 quinquagesimum
568 1703 707 1766 usque
737 1702 926 1765 lapidem
949 1701 1148 1765 quodvis
1176 1703 1305 1749 etlam
1328 1703 1415 1749 mi-

135 1775 404 1836 nutjffimum
423 1777 675 1840 apparebat.
701 1777 765 1823 Ibi
785 1775 943 1823 morati
962 1776 1182 1840 integrum
1202 1776 1415 1836 biduum,

136 1864 239 1894 cum
276 1848 341 1895 sol
386 1850 541 1896 tertius
578 1850 831 1907 affulsisset,
867 1849 1156 1896 cernebamus
1193 1864 1414 1897 terrarum

134 1937 291 1969 omnes
318 1924 509 1971 ambitus
536 1922 778 1984 subjefilos,
799 1938 913 1986 quos
933 1921 1194 1969 horizontas
1212 1922 1414 1984 appella-

135 2012 261 2053 mus,
291 1996 537 2060 agminibus
565 1997 774 2059 oppletos
800 1996 1044 2042 innumeris
1062 2031 1075 2053 ‚
1109 1998 1159 2043 &
1189 1995 1414 2059 antegres-

132 2067 227 2113 sum
242 2084 388 2132 regem
406 2069 540 2115 vestis
556 2068 821 2116 claritudine
835 2067 1104 2114 rutilantem.
1124 2069 1271 2127 Quem
1288 2066 1416 2128 juxta

136 2141 280 2188 laevus
301 2141 534 2189 incedebat
553 2141 823 2189 Grumbates
842 2139 1155 2186 Chionitarum
1180 2157 1256 2185 rex
1271 2176 1285 2198 ‚
1304 2153 1416 2186 aeta-

136 2224 181 2258 te
210 2213 389 2273 quidem
419 2215 591 2273 media,
625 2213 883 2278 rugosisque
910 2213 1142 2269 membris,
1168 2212 1239 2258 sed
1267 2225 1417 2260 mente

137 2287 323 2348 quadam
355 2287 624 2351 grandifica‚
644 2286 881 2350 multisque
910 2286 1197 2333 vi&oriaritm
1233 2286 1417 2349 insigni·-

139 2358 223 2404 bus
251 2358 439 2406 nobilis:
459 2361 639 2408 dextera
670 2377 749 2405 rex
778 2360 1081 2414 Albanorum,
1105 2358 1198 2420 pari
1218 2358 1326 2404 loco
1347 2372 1417 2404 at-

139 2446 227 2491 que
260 2429 436 2477 honore
462 2431 686 2478 sublimis:
707 2431 829 2493 post,
851 2431 983 2477 duces
1014 2431 1130 2476 varii
1155 2430 1418 2476 au&oritate

140 2503 190 2550 &
223 2504 511 2566 potestatibus
535 2507 781 2556 eminentes
805 2525 819 2555 τ
844 2523 957 2572 quos
981 2507 1190 2555 ordinum
1214 2505 1417 2554 omnium
