1626 2917
210 111 275 167 64
409 101 754 151 AMMIAN1
806 97 1300 145 MARCELLINI

209 211 402 260 nimium
433 225 677 274 properans
697 246 709 266 ,
733 208 941 256 exornari
976 208 1222 272 sepulcrum
1247 208 1394 256 statuit
1414 209 1494 257 Ju·'

208 286 349 342 liani,
380 284 426 330 in
458 284 691 346 pomoerio
722 282 852 329 situm
883 282 1082 340 itineris,
1108 284 1233 346 quod
1266 284 1321 330 ad
1351 281 1492 328 Tauri

209 357 380 406 montis
409 353 628 419 angustias
650 353 775 401 ducit
797 371 808 400 :
838 351 962 412 cujus
997 353 1196 416 suprema
1222 357 1270 402 &
1294 354 1492 409 cineres,

209 431 243 478 fi
274 429 351 494 qui
381 443 489 475 tunc
524 426 635 489 juste
669 426 952 483 consuleret,
979 444 1071 473 non
1109 429 1300 492 Cydnus
1336 426 1493 474 videre

209 505 425 560 deberet,
461 499 670 564 quamvis
709 500 974 562 gratiffimus
1008 500 1148 546 amnis
1182 503 1231 548 &
1268 499 1494 563 liquidus:

209 578 285 625 sed
315 577 370 623 ad
402 573 746 639 perpetuandam
774 573 964 637 gloriam
993 575 1108 621 refle
1135 574 1352 621 factorum
1378 591 1496 636 pra:-

210 650 476 698 terlambere
500 646 677 694 Tiberis
701 645 969 693 intersecans
998 647 1151 693 urbem
1173 659 1407 702 aeternam,
1427 645 1496 690 di·

212 739 469 787 vorumque
487 733 690 768 veterum
706 734 998 767 monumenta
1015 720 1337 785 praestringens,
1354 719 1499 767 Dein-

212 798 268 844 de
295 795 437 843 Tarso
475 793 703 856 profectus
725 829 740 850 ‚
769 794 959 840 extentis
988 794 1219 840 itineribus
1253 793 1378 842 venit
1410 809 1498 854 op-

212 871 370 935 pidum
393 868 694 932 Cappadociae
725 870 918 932 Tyana:
950 869 1026 915 ubi
1060 870 1101 915 ei
1128 868 1294 915 reversi
1324 869 1499 915 Proco-

213 945 315 1007 pius
348 942 548 989 notarius
576 942 626 989 &
654 942 934 988 Memoridus
969 941 1174 988 tribunus
1216 952 1463 988 occurrunt
1484 975 1498 998 ,

214 1015 532 1079 gestorumque
553 1015 760 1077 aperiunt
789 1027 960 1060 textum
980 1050 992 1066 ‚
1026 1016 1132 1062 hinc
1154 1051 1167 1072 ,
1189 1029 1236 1061 ut
1260 1015 1376 1061 ordo
1411 1031 1498 1077 po·

216 1090 389 1146 scebat,
409 1087 553 1134 exorfi
575 1123 587 1144 ,
623 1087 748 1150 quod
767 1088 1041 1134 Lucillianus
1079 1089 1390 1134 Mediolanum
1428 1088 1500 1135 in·

214 1162 379 1226 greffus
420 1177 523 1207 cum
555 1159 806 1205 Seniaucho
840 1162 888 1207 &
918 1161 1240 1207 Valentiniano
1280 1160 1500 1218 tribunis,

210 1250 328 1296 quos
350 1233 538 1279 duxerat
559 1229 705 1277 secum
723 1265 736 1285 ,
755 1230 941 1293 cognito
958 1267 971 1288 ,
995 1232 1121 1295 quod
1144 1231 1412 1278 Malarichus
1434 1248 1501 1277 re-

214 1304 388 1353 cusavit
419 1302 638 1365 suscipere
671 1302 968 1365 magisterium
989 1339 1003 1361 ,
1034 1303 1172 1349 effuso
1201 1304 1330 1351 cursu
1361 1303 1500 1365 petie-

217 1391 286 1426 rat
315 1378 499 1424 Remos.
528 1378 583 1422 Et
608 1388 819 1438 tanquam
839 1375 886 1421 in
908 1374 1000 1422 alto
1032 1376 1176 1440 gentis
1200 1376 1401 1432 silentio,
1423 1392 1503 1422 ex-

217 1459 288 1500 tra
307 1452 493 1507 calcem,
515 1462 564 1497 ut
582 1449 762 1508 dicitur,
780 1451 1070 1512 procurrebat
1088 1468 1099 1497 t
1121 1452 1168 1498 &
1189 1449 1502 1513 intempestive

218 1542 378 1591 parum
406 1523 536 1572 etiam
558 1536 649 1570 tum
672 1521 855 1568 firmatis
875 1523 1085 1569 omnibus
1105 1560 1116 1579 ‚
1137 1540 1191 1570 ex
1215 1524 1409 1572 actuario
1433 1541 1503 1570 ra-

219 1596 423 1645 tiociniis
450 1594 696 1643 scrutandis
716 1594 946 1640 incubuit:
971 1596 1047 1658 qui
1067 1594 1274 1642 fraudum
1298 1595 1503 1643 conscius

221 1672 273 1718 &
306 1685 528 1716 noxarum
547 1703 561 1726 ,
592 1667 647 1714 ad
675 1666 883 1713 militaria
910 1667 1028 1731 figna
1063 1667 1270 1732 confugit
1298 1686 1309 1714 ε
1346 1667 1503 1714 finxit-

220 1758 312 1805 que
344 1741 519 1788 Iuliano
553 1738 779 1801 superstite
809 1738 854 1784 in
884 1756 951 1786 res
982 1756 1123 1786 novas
1154 1739 1372 1803 quendam
1406 1757 1502 1786 me-

224 1818 346 1864 dium
374 1814 602 1862 surrexisse
622 1833 633 1861 t
659 1812 783 1876 cujus
801 1813 986 1860 fallaciis
1001 1814 1137 1859 turbo
1158 1812 1360 1861 militaris
1379 1829 1503 1860 acer-

223 1892 338 1938 rime
371 1890 579 1938 concitus
602 1889 897 1936 Lucillianum
924 1892 972 1936 ὅ(
997 1889 1291 1935 Seniauchum
1319 1890 1502 1937 occidit.

224 1964 590 2010 Valentinianum
607 1964 724 2009 enim
740 1964 875 2026 paulo
893 1962 1044 2026 postea
1064 1963 1313 2025 Principem
1329 1998 1341 2018 ‚
1365 1963 1504 2026 trepi-

226 2039 355 2095 dum,
386 2039 433 2085 &
469 2054 561 2101 quo
593 2036 857 2100 confugeret
884 2036 1176 2100 ambigentem
1198 2073 1210 2092 ,
1247 2037 1504 2084 Primitivus

227 2111 389 2171 hospes
429 2112 569 2158 tutius
605 2112 870 2160 amandarat.
902 2113 981 2159 His
1019 2114 1075 2159 ita
1113 2113 1306 2160 tristibus
1354 2114 1502 2159 laetum

227 2185 349 2231 aliud
371 2184 637 2243 addebatur,
661 2185 811 2233 miffos
844 2203 866 2232 a
892 2185 1061 2233 Jovino
1090 2186 1250 2233 milites
1289 2186 1506 2233 adventa-

227 2276 277 2308 re
295 2294 308 2317 ,
326 2275 440 2321 quos
458 2259 614 2322 Capita
635 2260 885 2306 scholarum
906 2260 1023 2326 ordo
1053 2260 1272 2307 castrensis
1290 2261 1502 2323 appellat,

229 2332 504 2398 nuntiantes,
524 2351 655 2396 aequo
671 2333 821 2380 animo
839 2332 1020 2382 Joviani
1038 2333 1273 2396 imperium
1297 2334 1500 2396 ampleffi

229 2407 477 2455 exercitum
508 2408 807 2457 Gallicanum.
829 2407 1008 2470 Quibus
1037 2409 1279 2472 compertis
1298 2445 1312 2470 ‚
1337 2409 1506 2466 Valenq
