1626 2917
214 224 297 269 108
426 222 760 269 AMMIANI
809 223 1279 272 MARCELLINI

203 329 392 392 ingresso
413 365 426 386 ‚
463 345 544 375 nec
570 327 758 375 resistere
783 329 871 375 ausi
889 366 902 386 ‚
931 347 1013 377 nec-
1041 348 1252 394 apparere
1272 368 1285 389 ,
1315 349 1470 394 pacem

201 401 553 462 impetraverunt
580 398 836 461 suppliciter
873 400 1168 448 obsecrantes.
1201 404 1283 449 Sed
1328 405 1472 449 nullus

201 485 411 520 mutatam
434 472 650 518 rationem
670 473 886 534 temporis
904 473 1163 520 advertebat
1183 511 1196 532 ,
1223 475 1345 537 quod
1366 488 1474 521 tunc

201 545 427 606 tripertito
453 543 595 591 exitio
625 543 972 605 premebantur:
1001 546 1271 607 Imperatore
1291 560 1475 610 urgente

200 634 280 681 per
309 617 470 664 Raetias
489 652 504 673 ,,
529 615 704 663 Caesare
735 615 951 678 proximo
983 617 1193 681 nusquam
1228 619 1340 665 elabi
1377 636 1476 681 ρετ·

200 685 428 746 mittente,
457 687 682 744 finitimis,
712 704 827 751 quos
861 687 1005 734 hostes
1037 687 1180 736 fecere
1213 691 1474 746 discordiae,

200 760 341 805 modo
373 776 467 808 non
497 758 710 822 occipitia
744 760 1115 815 conculcantibus
1142 761 1246 809 hinc
1282 762 1476 825 indeque

201 832 469 880 cinitorum.
500 832 655 880 Postea
689 849 805 879 vero
836 850 942 896 pace
978 833 1109 889 data,
1130 833 1372 881 discesserat
1392 837 1477 880 lm-

200 917 380 968 perator
395 921 406 949 ε
421 907 492 961 &,
512 905 654 952 sedata
671 904 921 969 jurgiorum
941 906 1147 965 materia,
1164 907 1360 956 vincinae
1377 924 1478 971 gen-

202 993 267 1026 tes
297 977 383 1040 jam
423 979 795 1026 concordabant:
831 981 880 1027 &
918 979 1190 1042 turpiffimus
1221 981 1347 1028 ducis
1379 982 1479 1026 Ro-

203 1052 324 1098 mani
351 1051 557 1114 digreffus
579 1050 793 1097 ferociam
821 1063 979 1097 natura
999 1065 1264 1114 conceptam
1286 1052 1411 1099 auxit
1430 1052 1478 1099 in

204 1125 361 1187 majuS.
392 1126 496 1171 Alio
524 1124 675 1171 itidem
699 1125 840 1170 modo
873 1141 940 1171 res
967 1125 1027 1170 est
1053 1138 1290 1188 aggravata
1310 1127 1479 1171 Roma—

205 1216 262 1246 na
289 1215 344 1244 ex
378 1195 566 1261 negotio
597 1197 686 1244 tali.
720 1196 846 1259 Regii
874 1196 968 1246 duo
997 1195 1151 1242 fratres
1177 1196 1363 1243 vinculo
1398 1212 1478 1258 pa-

203 1274 268 1321 cis
294 1272 514 1329 adstriffi,
543 1289 674 1335 quam
706 1288 827 1319 anno
869 1271 1096 1333 praeterito
1132 1270 1478 1332 impetraverant

205 1366 230 1395 a
265 1346 532 1393 Constantio
557 1380 571 1402 ,
606 1362 688 1392 nec
731 1345 1034 1402 tumultuare,
1073 1361 1156 1390 nec
1191 1343 1478 1390 commoveri

205 1418 305 1464 sunt
328 1417 432 1464 aufi.
463 1416 547 1463 Sed
568 1417 705 1479 paulo
736 1415 888 1478 postea
918 1431 1014 1461 uno
1045 1431 1097 1460 ex
1119 1414 1186 1460 his
1212 1414 1478 1460 Gundoma-

204 1491 266 1536 do
288 1524 302 1548 ,
340 1489 417 1553 qui
449 1488 605 1552 potior
638 1501 731 1536 erat
770 1488 962 1550 fideique
988 1487 1200 1535 firmioris
1222 1523 1236 1545 ,
1265 1503 1342 1550 per
1371 1487 1482 1532 infi-.

205 1563 299 1610 dias
333 1562 574 1607 interemto
597 1596 610 1618 ‚
652 1560 801 1607 omnis
834 1559 927 1620 ejus
963 1561 1156 1622 populus
1186 1576 1286 1607 cum
1317 1559 1482 1606 nostris,

205 1636 405 1684 hostibus
420 1635 695 1698 conspiravit
714 1653 724 1681 ε
741 1636 789 1682 &
809 1633 1041 1680 confestim
1057 1633 1316 1680 Vadomarii
1336 1634 1478 1696 plebs,

205 1721 255 1757 ut
283 1709 516 1766 afferebat,
545 1707 793 1770 agminibus
820 1706 932 1754 bella
951 1706 1162 1752 cientium
1186 1707 1482 1754 barbarorum

205 1780 292 1827 sese
314 1779 565 1840 conjunxit.
588 1780 770 1826 Cunclis
790 1779 924 1842 igitur
941 1778 1115 1824 summis
1136 1777 1386 1841 infimisque
1404 1796 1480 1840 ap-

205 1852 498 1914 probantibus
520 1864 627 1898 tunc
659 1864 920 1914 opportune
947 1849 1326 1913 congrediendum
1348 1884 1360 1906 ,
1395 1866 1479 1896 nec

206 1926 261 1971 de
287 1925 437 1989 rigore
464 1925 716 1972 animorum
748 1925 990 1989 quidquam
1023 1923 1370 1981 remittentibus,
1397 1940 1479 1969 ex-

207 1998 417 2045 clamavit
450 1997 596 2044 subito
629 1996 841 2061 signifer:
871 2001 1018 2058 Perge,
1036 1995 1263 2057 feliciffime
1293 1999 1478 2041 omnium

211 2074 372 2133 Caesar,
404 2092 483 2134 quo
504 2090 538 2118 te
557 2073 737 2131 fortuna
753 2073 984 2133 prosperior
1007 2073 1117 2116 ducit
1136 2089 1152 2116 .·
1178 2073 1341 2115 tandem
1353 2089 1428 2130 per
1444 2087 1479 2116 tc

206 2149 391 2191 virtutem
426 2144 468 2191 G·
497 2146 668 2209 confilia
696 2146 872 2190 militane
889 2145 1107 2205 fintinzus.
1146 2146 1175 2188 I
1193 2146 1370 2203 praevius
1388 2177 1401 2199 ‚
1433 2159 1478 2188 ut

198 2218 365 2282 faustus
390 2219 681 2282 antesignanus
709 2216 751 2264 δ’
771 2217 903 2276 fortis
923 2235 938 2262 :
970 2218 1209 2278 experieris,
1235 2219 1334 2276 quid
1362 2219 1478 2261 miles

198 2292 282 2351 sub
311 2290 515 2350 conspec‘lu
537 2289 714 2353 bellicosi
738 2291 912 2335 dufloris
926 2325 941 2346 ‚
975 2290 1150 2352 testifiJue
1181 2289 1392 2333 individui
1408 2306 1478 2349 ge-

210 2366 422 2408 rendorum
445 2399 458 2421 ‚
489 2367 611 2409 modo
638 2363 730 2425 qfflt
756 2365 943 2423 superum
972 2382 1119 2408 numen
1137 2397 1150 2418 ‚
1181 2365 1234 2407 iis
1260 2364 1372 2406 rebus
1391 2362 1478 2424 effi-

211 2438 286 2481 ciet
322 2439 539 2482 excitatus.
578 2436 660 2481 His
692 2434 850 2481 auditis
877 2471 892 2491 ,
924 2452 1023 2482 cum
1059 2434 1192 2482 nullae
1225 2434 1478 2479 laxarentur

211 2507 407 2556 induciae
430 2543 444 2567 ‚
480 2520 718 2572 promotus
737 2509 958 2556 exercitus
986 2523 1127 2570 prope
1152 2506 1315 2554 collem
1342 2505 1479 2554 adve-
