1626 2917
237 134 266 182 8
434 137 1327 189 AMMIANIMARCELIINI

237 241 403 304 opibus
430 243 730 332 pascebantur.
754 245 977 292 Excitavit
1005 246 1075 293 hic
1096 248 1231 293 ardor
1262 247 1422 294 milites
1441 262 1520 310 per

236 313 483 375 municipia
510 315 725 378 plurima,
749 332 850 378 quae
873 316 1023 365 iisdem
1047 318 1410 376 conterminant,
1431 309 1559 364 dis-³

234 386 408 447 positos
433 389 483 435 &
507 388 707 436 castella:
729 391 778 437 «Sc
806 389 992 454 quisque
1018 391 1242 454 serpentes
1272 391 1404 438 latius
1431 407 1519 454 pro

234 459 407 506 viribus
434 461 650 524 repellere
675 463 896 522 moliens,
923 482 1044 512 nunc
1076 465 1223 529 globis
1254 464 1520 524 confertos,

235 532 474 595 aliquoties
493 537 542 582 &
563 535 806 598 dispersos,
835 537 1120 584 multitudine
1141 538 1427 601 superabatur
1447 538 1521 584 in-

236 606 358 668 genti
379 624 390 653 :
422 624 524 669 quae
555 620 656 654 nata
683 610 734 657 &
757 610 944 657 educata
973 609 1090 656 inter
1113 610 1256 658 editos
1278 609 1523 657 recurvos-

237 697 327 741 que
348 681 540 729 ambitus
567 683 818 741 montium,
849 699 929 730 eos
958 695 1008 730 ut
1038 683 1137 729 loca
1158 685 1285 745 plana
1311 682 1524 746 persultat

237 754 289 799 &
319 755 504 812 mollia,
536 756 768 804 miffilibus
801 756 972 804 obvios
1001 755 1174 803 eminus
1203 756 1436 814 lacessens,
1473 758 1525 804 δε
1594 746 1597 755 ⁸

238 827 414 876 ululatu
435 831 550 878 truci
569 844 833 894 perterrens.
854 829 1108 892 Coaffique
1129 830 1366 893 aliquoties
1386 829 1526 876 nostri

237 900 412 963 pedites
432 904 486 950 ad
514 921 593 951 eos
616 904 946 968 persequendos
972 903 1179 950 scandere
1211 903 1358 950 clivos
1389 902 1528 950 subli-

182 996 189 1002 *
238 990 363 1033 mes,
383 977 550 1024 etiamsi
572 977 838 1041 lapsantibus
866 976 1057 1039 plantis,
1077 975 1283 1023 fruticeta
1309 975 1528 1038 prensan-

239 1047 303 1093 do
321 1049 397 1107 *vel
416 1051 576 1098 dumos
593 1088 605 1107 ‚
639 1053 695 1099 ad
715 1050 906 1098 vertices
926 1050 1136 1099 venerint
1157 1048 1355 1096 summos
1376 1068 1386 1096 :
1408 1049 1527 1096 inter

240 1123 358 1169 arsia
379 1137 526 1171 tamen
549 1128 597 1174 &
617 1126 741 1173 invia
762 1124 906 1173 nullas
930 1124 1046 1172 acies
1063 1122 1286 1185 explicare
1307 1123 1526 1183 permisti,

239 1212 326 1243 nec
348 1196 525 1261 firmare
558 1199 653 1246 nisu
677 1200 834 1246 valido
861 1197 1048 1262 gressus,
1077 1195 1202 1242 hoste
1236 1193 1527 1242 discursatore

238 1270 421 1333 rupium
453 1271 632 1320 abscissa
660 1272 884 1319 volvente
913 1270 1128 1333 superne,
1160 1266 1414 1331 periculose
1449 1284 1529 1330 per

239 1360 386 1407 prona
417 1345 674 1402 discedunt;
694 1358 768 1393 aut
797 1363 853 1393 ex
880 1344 1132 1392 necessitate
1163 1341 1320 1388 ultima
1350 1340 1532 1388 fortiter

241 1416 540 1477 dimicantes,
566 1419 705 1466 ruinis
740 1419 993 1481 ponderum
1027 1415 1290 1463 immanium
1326 1415 1532 1462 conster-

240 1502 425 1537 nuntur.
453 1492 767 1550 Quamobrem
791 1490 1103 1553 circumspeRa
1123 1487 1291 1537 cautela
1313 1478 1533 1536 observa-
1604 1531 1607 1543 2

241 1575 337 1609 tum
378 1564 440 1611 est
475 1564 715 1628 deinceps;
744 1568 792 1613 δι
827 1583 930 1613 cum
966 1563 1083 1611 edita
1121 1562 1345 1610 montium
1379 1575 1531 1625 petere

241 1637 465 1698 coeperint
487 1639 774 1703 grassatores,
797 1639 890 1687 loci
910 1637 1146 1703 iniquitate
1165 1636 1327 1683 milites
1350 1638 1529 1686 cedunt.

240 1709 334 1755 Ubi
353 1723 500 1757 autem
521 1712 567 1757 in
590 1712 773 1774 planitie
792 1712 1024 1775 potuerint
1043 1710 1250 1774 reperiri,
1273 1711 1397 1773 quod
1416 1728 1530 1758 con-
1604 1751 1607 1755 .

240 1781 375 1846 tingit
401 1784 592 1844 assidue,
618 1802 699 1833 nec
731 1786 951 1833 exsertare
979 1785 1201 1841 lacertos,
1227 1799 1308 1830 nec
1336 1783 1525 1846 crispare
1599 1793 1608 1810 ’-

240 1852 436 1913 permisti
458 1854 567 1911 tela,
587 1872 687 1919 quae
711 1857 885 1902 vehunt
905 1856 1010 1902 bina
1029 1855 1104 1901 vel
1132 1866 1281 1912 terna,
1303 1855 1526 1916 pecudum

241 1923 333 1970 ritu
369 1925 580 1972 inertium
613 1927 903 1975 trucidantur.
945 1930 1194 1974 Metuentes
1226 1925 1360 1989 igitur
1391 1926 1525 1973 iidem

239 1996 444 2045 latrones
468 2000 748 2063 Lycaoniam
774 2019 932 2065 magna
953 2013 1077 2064 parte
1096 1999 1405 2061 campestrem,
1425 2017 1527 2047 cum

242 2068 292 2119 se·
306 2069 495 2133 impares
533 2073 694 2121 nostris
722 2073 820 2121 fore
842 2073 1155 2138 congressione
1185 2072 1356 2119 stataria
1385 2074 1528 2120 docu-

242 2145 406 2192 mentis
428 2144 739 2209 frequentibus
759 2147 922 2195 scirent
937 2183 950 2205 ‚
971 2145 1220 2194 tramitibus
1250 2145 1389 2193 deviis
1410 2146 1528 2208 peti-

246 2232 354 2265 vere
370 2221 683 2285 Pamphyliam
697 2258 708 2279 ‚
728 2221 804 2268 diu
824 2221 1004 2285 quidem
1025 2220 1231 2267 intaclam
1245 2255 1259 2277 ,
1277 2219 1348 2266 sed
1366 2219 1531 2267 timore

243 2292 592 2356 populationum
615 2296 664 2341 δ(
697 2295 885 2342 caedium
901 2330 914 2354 ,
933 2294 1076 2342 milite
1099 2310 1177 2357 per
1196 2293 1346 2340 omnia
1367 2293 1530 2342 diffuso

245 2366 526 2430 propinqua,
547 2369 717 2432 magnis
738 2368 937 2433 undique
958 2368 1170 2432 praesidiis
1189 2368 1530 2418 communitam.

245 2439 427 2504 Raptim
455 2439 592 2507 igitur
617 2454 938 2507 properantes,
963 2455 1012 2490 ut
1037 2453 1187 2490 motus
1209 2440 1274 2490 sui
1297 2458 1528 2490 rumorem

1605 218 1626 250 ὃ
