1626 2917
191 93 248 140 28
399 96 735 142 AMMIANI
781 98 1262 146 MARCELLINI

188 200 400 247 industria
421 238 434 257 ,
456 218 573 264 quos
607 201 847 264 dispalatos
878 221 1019 265 nuper
1042 206 1160 252 densi
1190 205 1384 253 tramites
1419 208 1472 254 &

186 278 366 325 latebrae
396 291 545 324 texere
575 279 844 326 notiffimae:
881 280 987 327 hinc
1023 283 1249 344 opulenta.
1280 285 1363 330 Sed
1397 284 1472 330 ille

186 358 332 403 avidae
357 357 528 420 semper
550 357 604 403 ad
633 358 850 404 ulteriora
878 359 1135 422 cupiditatis
1152 398 1166 420 ‚
1186 363 1313 424 parvi
1339 362 1472 409 habi-

185 437 242 482 tis
263 437 514 483 vetantium
531 437 680 493 diuis,
698 437 992 500 &increpitis
1013 440 1303 503 optimatibus
1317 479 1330 501 ‚
1347 441 1474 507 quod

185 515 248 560 ob
277 514 482 561 inertiam
520 515 725 578 [otiique
756 515 1023 563 desiderium
1056 519 1199 565 amitti
1241 519 1472 567 suaderent

184 610 329 656 prope
356 592 467 656 jam]
498 606 621 657 parta
650 610 786 658 regna
815 594 1030 643 Persidis:
1052 595 1236 644 flumine
1267 598 1380 645 laeva
1399 615 1473 645 re-

183 671 292 718 licto
313 708 326 730 ‚
362 671 563 719 infaustis
593 673 854 720 duCtoribus
888 675 1100 737 praeviis,
1132 676 1474 724 mediterraneas

182 750 283 796 vias
310 749 506 812 arripere
542 750 680 797 citato
720 751 957 814 proposuit
989 753 1140 817 gradu.
1175 755 1230 800 Et
1260 766 1486 817 tanquam.

182 827 355 874 funesta
393 828 490 875 face
526 827 728 875 Bellonae
757 828 959 891 subjeffls
986 830 1163 894 ignibus
1197 831 1324 878 exuri
1359 848 1475 878 cun-

183 907 271 952 &as
288 904 467 967 jusserat
490 923 631 954 naves
645 943 658 965 ,
679 920 842 969 praeter
857 908 1059 955 minores
1076 908 1315 955 duodecim
1329 943 1343 966 ‚
1363 924 1476 971 quas

182 984 443 1049 profuturas
474 985 721 1048 pangendis
748 986 963 1047 pontibus
991 985 1208 1048 disposuit
1236 986 1340 1033 vehi
1374 1003 1475 1032 car·
1509 984 1518 989 ⁵

183 1064 331 1127 pentis
354 1081 365 1109 ε
397 1063 532 1125 idque
558 1065 741 1124 putabat
768 1064 936 1110 utiliter
966 1064 1215 1121 ordinasse,
1237 1081 1292 1110 ne
1324 1065 1474 1111 relicta

183 1141 323 1189 claffis
352 1140 447 1186 usui
472 1141 677 1189 hostibus
708 1141 827 1188 foret
846 1177 861 1201 ,
887 1155 964 1188 aut
995 1156 1114 1189 certe
1134 1178 1147 1199 ,
1169 1158 1218 1188 ut
1249 1143 1304 1188 ab
1332 1159 1474 1205 expe-

183 1218 371 1267 ditionis
402 1218 656 1281 primordio
688 1218 851 1266 factum
874 1220 934 1266 est
952 1255 964 1276 ‚
986 1232 1257 1266 armatorum
1288 1219 1378 1266 fere
1404 1220 1474 1265 vi-

183 1298 294 1361 ginti
319 1297 459 1344 millia
491 1297 538 1342 in
560 1297 788 1344 trahendis
819 1309 1153 1360 occuparentur
1170 1296 1321 1342 iisdem
1343 1297 1474 1343 navi-

183 1378 266 1423 bus
300 1378 351 1423 &
382 1375 602 1440 regendis.
634 1375 758 1422 Dein
794 1392 895 1423 cum
936 1390 1139 1422 metuens
1176 1374 1255 1420 fibi
1289 1374 1475 1437 quisque

182 1454 393 1502 muffaret
412 1489 425 1512 ‚
461 1453 821 1518 monstraretque
848 1453 1079 1517 perspicua
1113 1452 1279 1500 veritas
1299 1488 1312 1509 ,
1349 1454 1475 1516 quod

182 1534 381 1597 repulsus
409 1533 597 1580 forsitan
620 1534 823 1580 ariditate
851 1533 926 1580 vel
955 1532 1189 1580 altitudine
1219 1532 1474 1592 montium,

184 1613 240 1658 ad
265 1628 400 1673 aquas
429 1611 570 1657 redire
602 1627 697 1657 non
719 1610 887 1673 poterit
907 1610 1031 1656 miles
1050 1645 1063 1667 ,
1089 1610 1288 1673 tortique
1319 1609 1472 1672 perfu-

184 1705 254 1751 gae
279 1700 429 1750 aperte
448 1687 693 1734 faterentur
713 1687 755 1733 se
780 1686 1002 1744 fefelliffe,
1028 1685 1249 1733 concursu
1269 1686 1472 1732 maximo

183 1766 404 1830 exstingui
433 1765 553 1827 juffae
574 1765 676 1813 sunt
705 1765 910 1813 flammae.
941 1766 997 1812 Et
1020 1765 1234 1828 quoniam
1256 1763 1370 1827 ignis
1394 1781 1472 1809 au-
1507 1761 1510 1765 ’

183 1844 277 1890 &us
308 1843 562 1890 immaniter
603 1842 832 1906 plerasque
864 1841 1134 1898 consumsit,
1164 1855 1240 1887 ΧΠ
1273 1854 1471 1887 tantum-

183 1921 328 1968 modo
365 1937 504 1967 naves
540 1933 788 1984 potuerunt
829 1920 1006 1967 intaelae
1034 1919 1233 1975 servari,
1257 1935 1388 1981 quae,
1421 1931 1470 1966 ut

182 1999 351 2062 poffint
366 1999 597 2059 custodiri,
617 1996 817 2047 discretae
829 2000 941 2047 sunt.
973 2000 1074 2046 Hoc
1087 1997 1187 2045 casu
1201 1997 1344 2055 classe,
1365 2014 1470 2044 cum

184 2091 283 2121 non
304 2088 565 2137 oporteret,
592 2077 788 2136 abolita,
812 2077 1014 2125 Julianus
1042 2074 1307 2123 consociato
1329 2075 1468 2122 fretus

185 2155 388 2201 exercitu
404 2188 418 2210 ‚
436 2171 536 2201 cum
562 2168 840 2202 armatorum
867 2155 977 2201 nulli
998 2171 1076 2217 per
1099 2153 1270 2201 diversa
1290 2153 1469 2200 distrin-

186 2244 397 2294 gerentur
420 2267 433 2290 ‚
468 2249 658 2279 numero
703 2233 860 2296 potior
897 2233 952 2278 ad
981 2231 1195 2278 interiora
1228 2232 1468 2291 tendebat,

187 2307 395 2355 alimenta
422 2309 584 2356 affatim
611 2311 836 2374 opulentis
857 2309 1184 2373 suggerentibus
1205 2309 1332 2356 locis.
1355 2311 1468 2368 Quo

191 2388 411 2451 cognito,
438 2386 618 2450 hostes,
645 2401 692 2436 ut
719 2388 865 2436 inedia
898 2403 982 2436 nos
1007 2388 1286 2447 cruciarent,
1308 2388 1471 2436 herbas
