1626 2917
191 252 285 294 254
403 231 742 279 AMMIANI
780 231 1269 279 MARCELL3N1

190 339 418 396 Julianus,
440 337 485 384 id
516 353 744 394 metuens,
769 336 984 397 nusquam
1009 355 1031 384 a
1062 339 1197 385 tutela
1234 333 1479 385 discederet

192 413 456 462 Galliarum.
481 410 665 470 Quibus
687 408 766 474 (ut
785 410 969 472 dignum
992 410 1052 456 est
1078 411 1283 470 credere)
1303 411 1482 455 obtem-

190 501 353 551 perans
377 484 700 538 Vadomarius,
723 484 818 530 haec
841 486 888 529 &
911 483 1064 529 similia
1089 485 1400 546 perpetrabat:
1423 479 1482 530 ad

190 558 576 625 perstringendum
600 556 939 620 fallendumque
961 557 1082 603 miris
1103 557 1246 602 modis
1268 557 1324 603 ab
1341 557 1483 604 aetatis

192 634 406 698 primitiis
438 633 630 691 callens,
662 647 710 678 ut
750 633 900 694 postea
942 647 1126 693 Quoque
1160 631 1367 678 ducatum
1403 646 1484 692 per

191 706 446 754 Phoenicen
477 722 634 770 regens
665 704 873 752 ostendit.
905 705 990 751 Sed
1023 721 1069 750 re
1098 703 1186 766 ipsa
1214 703 1484 759 convifius,

194 779 419 827 abstinuit.
444 780 595 841 Capto
624 777 743 825 enim
766 796 787 823 a
819 777 1087 831 stationariis
1114 777 1326 823 militibus
1351 790 1486 823 nota·

193 852 297 910 rio2,
314 868 449 916 quem
473 850 651 898 miserat
679 850 733 896 ad
751 849 1095 902 Constantmm‚
1120 849 1432 911 scrutatoque,
1454 846 1488 893 sn

195 925 308 987 quid
323 936 547 988 portaret,
572 922 759 986 epistola
785 922 877 985 ejus
898 937 1069 985 reperta
1091 922 1175 976 est,
1201 923 1245 968 iu
1269 939 1353 985 qua
1372 938 1489 982 prae-

197 1012 267 1045 ter
289 998 373 1045 alia
391 998 530 1045 multa
548 997 594 1043 id
616 1014 799 1060 quoque
823 997 1075 1060 lcripserat:
1098 998 1340 1059 Cesartuus
1361 995 1490 1055 disci-

196 1078 364 1135 plinam
383 1092 471 1119 non
494 1076 627 1120 habet.
649 1072 870 1119 Julianum
899 1089 1043 1118 aurem
1065 1073 1229 1118 asliclue
1251 1087 1327 1132 per
1347 1069 1493 1115 literas

202 1146 441 1193 dominum
463 1148 513 1194 &
537 1145 787 1208 Augustum
811 1146 1062 1207 appellabat
1080 1147 1127 1191 ὅ(
1151 1145 1316 1192 Deum.

268 1221 347 1266 IV.
369 1221 508 1277 Haec,
538 1233 586 1264 ut
610 1230 736 1264 erant
762 1217 1007 1280 periculosa
1032 1222 1076 1264 ὅ(
1103 1217 1261 1275 dubia,
1292 1215 1494 1263 Julianus

202 1291 251 1339 in
280 1292 456 1339 exitiale
487 1291 655 1338 malum
687 1305 899 1353 eruptura
932 1289 1246 1343 considerans,
1269 1289 1311 1334 in
1350 1305 1493 1335 unum

204 1366 333 1412 omni
358 1363 638 1428 cogitatione
658 1363 830 1409 intenta
846 1399 859 1419 ‚
875 1379 974 1411 eum
1000 1364 1231 1422 incautum
1261 1379 1411 1423 rapere
1430 1360 1495 1408 fe·

205 1438 420 1499 limabat,
442 1448 494 1484 ut
514 1434 794 1483 securitatem
814 1435 932 1481 suam
962 1436 1400 1497 provinciarumoue
1423 1436 1497 1480 lo-

207 1525 330 1561 caret
365 1512 413 1559 in
447 1523 582 1558 tuto:
615 1512 665 1558 &
697 1510 799 1557 iniit
832 1509 1069 1557 consilium
1105 1510 1199 1555 tale.
1231 1507 1497 1572 Philagrium

207 1585 434 1634 notarium
451 1620 465 1642 ,
484 1583 690 1631 Orientis
707 1582 860 1646 postea
884 1583 1096 1629 comitem
1117 1622 1127 1637 ,
1148 1584 1201 1628 ad
1227 1599 1297 1629 eas
1323 1582 1499 1628 miserat

210 1670 357 1722 partes
372 1693 385 1713 ‚
405 1655 531 1717 cujus
553 1657 803 1720 prudentiae
826 1655 993 1702 fidebat
1013 1656 1121 1702 olim
1145 1655 1222 1702 fibi
1246 1656 1467 1717 comperti
1486 1672 1502 1702 τ

210 1731 343 1792 eique
363 1728 481 1775 inter
497 1728 638 1775 multa
654 1763 668 1786 ‚
691 1744 792 1791 quae.
815 1745 899 1790 pro
921 1742 1054 1789 captu
1076 1727 1327 1773 instantium
1351 1744 1501 1773 rerum

214 1818 310 1852 erat
334 1804 536 1861 aelurus,
560 1803 772 1867 signatam
804 1819 988 1866 quoque
1018 1803 1263 1849 chartulam
1296 1802 1504 1860 tradidit,

215 1878 562 1940 mandavitque,
582 1894 638 1924 ne
660 1878 876 1940 aperiret,
896 1877 968 1922 vel
988 1877 1215 1931 recitaret,
1246 1876 1322 1922 risi
1345 1877 1502 1922 Vado-

217 1953 364 1999 mario
403 1950 505 1997 viso
549 1950 612 1998 cis
644 1950 868 1997 Rhenum.
908 1949 1108 1996 Perrexit
1142 1948 1383 2012 Philagrius
1405 1985 1418 2004 ‚
1455 1959 1508 1995 ut

218 2039 496 2090 praeceptum
529 2025 624 2072 est:
654 2041 803 2088 eoque
835 2023 1079 2087 praesente,
1114 2025 1162 2072 &
1196 2024 1386 2083 negotiis
1423 2024 1505 2069 ad-

219 2098 372 2145 Ιὶτὶξὶο
394 2098 577 2144 diversis
592 2134 607 2157 ‚
627 2096 908 2161 transgressus
928 2096 1221 2143 Vadomarius
1244 2095 1407 2141 flumen
1425 2133 1438 2152 ,
1457 2108 1509 2142 ut

221 2170 338 2217 nihil
362 2170 407 2216 in
438 2169 664 2232 profunda
683 2181 885 2216 metuens
905 2186 1041 2231 pace,
1062 2168 1262 2231 nihilque
1285 2168 1406 2214 secus
1430 2184 1508 2231 ge·-

223 2243 396 2290 storum
419 2242 625 2291 simulans
655 2241 794 2300 scire,
824 2241 924 2288 viso
955 2242 1195 2304 praeposito
1228 2241 1421 2286 m'litum
1445 2239 1510 2286 ibi

222 2315 507 2378 degentium,
526 2333 667 2379 pauca
687 2316 866 2363 locutus
884 2332 939 2362 ex
964 2332 1089 2361 more
1104 2351 1117 2370 ,
1137 2315 1258 2360 ultro
1280 2316 1436 2367 semet,
1458 2324 1512 2359 ut

225 2388 491 2451 suspicionis
535 2389 645 2436 nihil
677 2388 949 2453 relinqueret
981 2389 1178 2435 abiturus
1201 2425 1211 2441 ‚
1249 2389 1304 2433 ad
1338 2386 1509 2434 convi-

228 2462 357 2509 vium
380 2461 474 2524 ejus
493 2463 651 2509 venire
671 2463 874 2526 promifit
889 2499 902 2521 ,
923 2463 978 2509 ad
998 2463 1121 2526 quod
1149 2476 1238 2507 erat
1257 2461 1386 2507 etiam
1409 2460 1512 2507 Phi-

225 2536 393 2602 lagrius
424 2537 654 2588 invitatus.
686 2539 784 2600 Qui
819 2538 964 2586 statim
995 2537 1236 2602 ingressus,
1268 2552 1368 2601 rege
1397 2551 1513 2584 con-
