1626 2917
218 122 438 170 RERUM
475 119 814 167 GESTARUM
852 121 956 166 LIB.
992 119 1210 168 XXVIII.
1287 137 1373 184 ³39

96 225 420 290 confestimque
439 227 709 289 perdenduS,
732 237 782 273 ut
807 226 1061 289 apparebat,
1082 226 1177 273 data
1196 225 1277 286 fibi
1301 243 1381 274 co·

94 300 168 362 pia
190 298 343 349 rectius
363 299 649 363 Imperatoris
670 299 918 363 praesidium
937 292 1211 364 appellavit,
1232 301 1382 348 nomi-

95 371 249 435 nisque
277 372 371 434 ejus
402 373 611 437 perfugio
639 374 778 441 tectus
796 409 811 432 ,
837 372 1094 425 servabatur
1124 373 1383 425 incolumis.

96 446 240 506 Super
275 445 367 492 hoc
403 445 613 508 Princeps
648 442 905 502 consultus,
938 445 1110 492 senatui
1144 444 1384 508 negotium

95 512 235 566 dedit.
273 516 368 579 Qui
402 534 505 564 cum
540 534 629 566 rem
668 518 826 566 librata
860 517 1026 582 justitia
1067 517 1385 580 comperisset,

97 606 289 655 eumque
326 590 381 637 ad
410 594 525 638 Boas
559 592 802 639 Dalmatiae
838 592 991 639 locum
1029 591 1390 650 exterminasset,

98 680 214 727 aegre
235 665 520 726 Imperatoris
544 665 816 712 iracundiam
841 665 943 711 tulit
963 664 1120 727 perciti
1142 664 1386 712 vehemen-

97 748 164 782 ter
178 772 191 794 ‚
209 737 336 799 quod
355 737 585 783 hominem
614 737 833 783 addistum
847 772 860 794 ‚
879 748 928 784 ut
948 736 1038 800 ipse
1059 736 1386 800 proposuerat,

98 809 266 866 morti,
294 808 576 856 clementiori
602 809 814 857 sententia
837 810 1053 857 didicerat
1074 809 1268 872 plexum.
1306 810 1385 855 Ob

101 881 200 930 haec
221 883 271 930 ὅ(
298 881 556 943 hujusmodi
581 883 719 937 multa
733 915 747 938 ,
767 901 867 947 quae
889 884 1187 931 cernebantur
1210 881 1258 928 in
1275 898 1388 944 pau·-

101 957 194 1015 cis‚
227 958 438 1010 omnib'us
473 958 618 1005 timeri
648 959 747 1006 sunt
774 971 943 1021 coepta.
980 959 1035 1005 Et
1071 974 1126 1005 ne
1163 969 1234 1004 tot
1262 958 1390 1004 malis

101 1029 374 1082 diffimulatis
403 1030 702 1093 paulatimque
722 1030 1027 1093 serpentibus,
1046 1030 1198 1077 acervi
1224 1029 1392 1077 cresce-

103 1113 202 1149 rent
223 1118 520 1150 aerumnarum
535 1135 548 1159 ‚
569 1102 815 1166 nobilitatis
842 1102 1026 1148 decreto
1050 1100 1180 1164 legati
1198 1102 1391 1149 mittun-

102 1186 201 1219 tur:
231 1175 522 1223 Praetextatus
555 1192 612 1224 ex
638 1176 739 1223 urbi
769 1173 1009 1238 praefecto,
1040 1175 1091 1222 &
1126 1190 1179 1220 ex
1212 1174 1392 1223 vicario

102 1245 349 1306 Venustus,
383 1248 433 1294 &
460 1263 516 1293 ex
543 1246 771 1302 consulari
799 1246 1079 1302 Minerviu8‚
1113 1245 1312 1304 oraturi,
1334 1263 1391 1293 ne

102 1318 272 1366 delictis
301 1317 515 1382 supplicia
536 1320 618 1366 {int
638 1319 878 1383 grandiora
892 1354 906 1377 ,
929 1334 1047 1364 neve
1071 1317 1249 1365 senator
1268 1318 1391 1382 quis-

103 1408 240 1455 quam
267 1391 479 1439 inufitato
501 1393 550 1440 &
575 1392 738 1439 illicito
766 1407 895 1439 more
922 1391 1161 1439 tormentis
1189 1407 1392 1454 expone-

103 1476 240 1509 retur.
271 1464 366 1525 Qui
389 1481 492 1511 cum
522 1463 761 1510 intromiffi
791 1463 837 1510 in
859 1462 1171 1510 confistorium
1198 1465 1295 1511 haec
1315 1481 1390 1511 re-

104 1533 297 1593 ferrent,
318 1549 554 1600 negantem
577 1535 961 1594 Valentinianum,
984 1535 1026 1582 se
1049 1535 1094 1581 id
1114 1535 1318 1594 statuisse,
1341 1538 1392 1587 ὃς

105 1605 348 1653 calumnias
392 1606 565 1669 perpeti
601 1606 930 1664 clamitantem,
967 1608 1200 1657 moderate
1242 1610 1393 1658 redar-

106 1678 203 1742 guit
235 1677 431 1743 quaestor
462 1679 745 1742 Eupraxius:
778 1679 950 1743 hacque
987 1681 1189 1729 libertate
1234 1699 1391 1730 emen-

107 1751 255 1799 datum
283 1752 344 1799 est
364 1753 541 1801 crudele
571 1766 843 1816 praeceptum
860 1790 874 1813 ‚
895 1753 1217 1818 supergressum
1238 1758 1394 1805 omnia

107 1824 296 1872 diritatis
324 1826 541 1888 exempla.
581 1825 715 1873 Circa
746 1826 831 1873 hos
867 1826 960 1874 dies
989 1828 1217 1877 Lollianus
1237 1830 1395 1892 primae

108 1897 330 1961 lanuginis
355 1898 634 1956 adolescens,
666 1899 896 1962 Lampadii
918 1899 1033 1947 filius
1066 1919 1121 1949 ex
1148 1902 1389 1965 praefesto,

108 1971 384 2032 exploratius
406 1970 577 2018 causam
600 1973 854 2020 Maximino
874 1972 1112 2036 speEtante,
1133 1977 1390 2036 convictu&

110 2042 314 2090 codicem
341 2045 581 2092 noxiarum
603 2045 765 2092 artium
792 2048 995 2094 nondum
1017 2064 1098 2112 per
1120 2061 1293 2097 aetatem
1313 2049 1394 2098 fir·-

112 2128 236 2165 mato
270 2117 460 2165 consilio
493 2118 758 2182 descripfiss'e
775 2155 789 2175 ‚
813 2120 1027 2184 exsulque
1052 2122 1319 2183 mittendus,
1345 2137 1396 2172 ut

111 2188 388 2252 sperabatur,
416 2190 549 2253 patris
587 2192 779 2254 impulsu
815 2194 1095 2255 provocavit
1128 2196 1183 2243 ad
1221 2196 1394 2244 Princi-

112 2277 241 2324 pem:
262 2261 461 2325 &juffus
488 2264 543 2311 ad
575 2263 668 2327 ejus
691 2264 954 2313 comitatum
990 2267 1119 2324 duci,
1151 2268 1205 2315 de
1235 2267 1393 2327 fumo,

110 2347 160 2380 ut
191 2333 338 2396 ajunt,
367 2335 411 2381 in
448 2335 699 2394 flammam,
727 2338 911 2385 traditus
941 2338 1183 2405 Phalangio
1215 2340 1395 2389 Baeticae

111 2407 362 2470 consulari,
385 2409 544 2460 cecidit
562 2409 717 2461 funesti
739 2411 962 2461 carnificis
981 2431 1132 2464 manu.
1161 2416 1300 2479 Super
1324 2413 1393 2461 his
