1626 2917
203 145 476 206 AMMtAN't
499 156 873 203 MARCELUNI
904 157 1004 202 ΗΒ.
1035 156 1211 202 xxix.
1290 173 1370 217 171

114 252 287 319 dxteram
313 264 428 311 misit
465 265 654 328 plebem.
683 266 852 313 Contra
882 265 959 310 has
988 263 1137 327 copias
1164 263 1385 326 Trajanus

115 356 268 396 comes
288 340 337 387 &
369 339 663 389 Vadomarius
690 356 744 386 ex
763 356 865 403 rege
897 338 1246 385 Alamannorum
1282 354 1388 384 cum

113 412 380 475 agminibus,-
408 418 659 474 perrexere?
689 411 929 474 pervalidis
955 447 968 468 ,
1011 411 1099 458 hoc
1146 410 1389 458 observare

114 484 334 548 Principis
365 484 480 548 jussu
515 484 704 548 apposni
724 519 738 541 ,
765 497 815 531 ut
831 496 1031 532 arcerent
1049 484 1199 546 potius
1219 520 1230 540 ‚
1252 499 1388 547 quam

114 554 373 608 lacesserent
392 593 405 615 ,
431 556 590 604 Persas.
628 555 845 617 Quicum
868 556 1085 605 venissent
1103 555 1409 619 Vagabanta,

113 627 369 691 legionibus
389 628 578 676 habilem
610 628 763 694 locum·
779 664 793 686 ,
813 629 991 691 rapidos
1012 640 1254 675 turmarum
1276 642 1390 688 proa-

115 701 270 750 cursus
281 702 513 750 «hostilium
542 702 589 749 in
618 702 666 751 se.
681 701 918 761 'ruentium
938 702 1099 748 acriter
1117 712 1392 761 exceperunt

115 774 283 823 inviti:
316 792 543 839 operaque
568 775 782 823 consulta»
804 775 1161 837 retrocedentes,
1182 790 1236 819 ne
1266 771 1392 817 ferro

118 845 347 893 violarent
382 845 670 895 adversorum
707 862 973 910 quemquam
1007 845 1170 907 primi,
1201 846 1249 891 δε
1273 843 1396 904 ῇυάἰό

118 930 328 968 carentur
363 917 517 973 discissi
549 917 732 964 foederis
764 918 857 975 rei,
882 918 1038 964 ultima
1072 919 1277 965 trudente
1317 933 1393 962 nc-

119 991 312 1041 ceffitate
333 991 551 1055 congreffi
575 991 698 1037 sunt:
719 989 1018 1053 confoffisque
1039 990 1209 1044 multis,
1234 989 1394 1037 disces-

119 1061 212 1108 sere
230 1063 436 1111 vifiores.
459 1066 577 1110 Inter
593 1078 742 1108 moras
761 1074 908 1108 tamen
938 1061 1272 1123 utrinque->secus
1292 1073 1396 1107 ten-¹

121 1135 222 1182 tatis
262 1136 497 1199 aliquot-ies
538 1134 712 1184 levibus
753 1135 960 1198 proeliis,
998 1135 1217 1198 varioque
1256 1133 1394 1180 finitis

119 1221 286 1255 eventu
300 1208 461 1271 „pastis
479 1207 660 1255 indutiis
680 1225 736 1254 ex
756 1207 1002 1264 consensu,
1025 1207 1258 1270 aestateque
1278 1224 1396 1253 con-

48 1329 50 1331 ,
120 1284 292 1340 sumta,
327 1283 517 1344 partium
553 1281 776 1329 discessere
806 1282 1011 1328 ductores
1049 1281 1276 1327 etiamtum
1308 1279 1397 1326 dis-

120 1356 293 1403 cordes.
311 1358 366 1402 Et
393 1372 469 1401 rex
494 1355 673 1417 quidem
695 1355 877 1400 Parthus
899 1354 1088 1399 hiemem
1117 1354 1393 1414 Ctesiphon-

120 1439 166 1474 te
191 1428 365 1474 acturus
383 1462 396 1483 ,
424 1427 552 1473 rediit
582 1427 637 1472 ad
663 1426 781 1472 sedes
805 1443 817 1472 ι
850 1428 897 1473 &
930 1425 1212 1471 Antiochiam
1247 1426 1393 1486 Impe-

119 1513 245 1552 rator
263 1501 493 1547 Romanus
520 1500 744 1562 ingressus.
766 1498 861 1559 Qui
885 1499 989 1545 dum
1012 1497 1074 1544 ibi
1106 1512 1307 1545 moratur
1327 1499 1392 1545 se-

122 1589 256 1620 curus
273 1572 448 1619 interim
472 1572 663 1619 hostium
698 1585 1015 1628 externorum,
1033 1571 1249 1618 intestinis
1270 1590 1397 1635 paene

120 1646 311 1710 perierat
331 1646 595 1703 fraudibus,
632 1658 681 1693 ut
711 1646 879 1709 aperiet
916 1646 1044 1691 series
1079 1646 1219 1691 delata
1254 1647 1398 1708 gesto-

121 1735 234 1780 rum.
263 1718 513 1781 Procopius
543 1718 722 1782 quidam
740 1753 753 1775 ‚
771 1719 944 1781 inquies
967 1718 1107 1764 homo
1126 1753 1140 1776 ,
1166 1721 1397 1766 turbarum

122 1791 355 1854 cupiditati
389 1792 556 1854 semper
575 1791 769 1839 addietus
786 1827 798 1848 ‚
822 1790 1085 1845 Anatolium
1115 1792 1325 1838 detulerat
1347 1795 1398 1841 &

122 1865 378 1928 Spudasium
401 1864 645 1927 palatin08‚
666 1865 808 1928 exigi,
829 1881 926 1927 quae
947 1864 1000 1910 de
1021 1864 1177 1911 aerario
1202 1864 1396 1911 interce-

125 1950 312 2000 perant,
332 1937 496 1999 jussos,
522 1938 713 1985 insidiari
743 1938 898 1985 comiti
931 1937 1279 1993 Fortunatiano,
1298 1954 1398 1983 mo-

125 2011 236 2058 lesto
263 2011 327 2057 illi
352 2010 601 2075 flagitatori.
628 2012 721 2071 Qui
750 2011 884 2058 animi
912 2010 1140 2072 asperitate
1163 2009 1397 2057 confestim

124 2086 182 2133 ad
210 2085 407 2133 insanum
434 2086 626 2149 percitus
643 2086 828 2132 modum
846 2122 861 2142 ‚
882 2101 964 2148 pro
988 2084 1214 2147 potestatis
1241 2085 1398 2130 aucto-

127 2158 255 2204 ritate
272 2193 287 2215 ,
305 2174 437 2220 quam
458 2159 636 2222 regebat
654 2192 666 2210 ‚
686 2157 924 2204 Palladium
944 2157 1160 2220 quendam
1181 2156 1401 2204 obscuris-

124 2229 230 2277 fime
247 2243 398 2278 natum
415 2266 428 2284 ‚
445 2245 494 2278 ut
512 2229 762 2279 veneficum
783 2248 807 2278 a
827 2230 1083 2278 memoratis
1109 2230 1397 2286 condufflim,

126 2303 176 2349 &
197 2301 493 2350 Heliodorum
523 2304 716 2351 fatorum
740 2320 818 2365 per
838 2302 1059 2366 genituras
1079 2303 1364 2365 interpretem
1380 2336 1395 2359 ‚

125 2374 369 2438 adigendos
392 2376 608 2437 prodere,
627 2394 726 2440 quae
757 2375 943 2433 scirent,
966 2376 1246 2439 praetorianae
1279 2374 1397 2434 judi-

128 2444 202 2494 cio
230 2445 410 2493 tradidit
434 2446 718 2510 praefecturae.
751 2448 959 2515 Cumque
988 2447 1042 2494 ad
1063 2446 1163 2493 faeti
1193 2446 1268 2493 vel
1293 2457 1393 2491 ten-
