<?xml version="1.0" encoding="UTF-8"?>
<!DOCTYPE html PUBLIC "-//W3C//DTD XHTML 1.0 Transitional//EN"
    "http://www.w3.org/TR/xhtml1/DTD/xhtml1-transitional.dtd">
<html xmlns="http://www.w3.org/1999/xhtml" xml:lang="en" lang="en">
 <head>
  <title>
</title>
<meta http-equiv="Content-Type" content="text/html;charset=utf-8" />
  <meta name='ocr-system' content='tesseract 3.04.00' />
  <meta name='ocr-capabilities' content='ocr_page ocr_carea ocr_par ocr_line ocrx_word'/>
</head>
<body>
  <div class='ocr_page' id='page_1' title='image "./rerumgestarumqui00ammiuoft_0271.png"; bbox 0 0 1626 2917; ppageno 0'>
   <div class='ocr_carea' id='block_1_1' title="bbox 328 211 1409 276">
    <p class='ocr_par' dir='ltr' id='par_1_1' title="bbox 328 211 1409 276">
     <span class='ocr_line' id='line_1_1' title="bbox 328 211 1409 276; baseline 0.002 -18"><span class='ocrx_word' id='word_1_1' title='bbox 328 211 548 259; x_wconf 85' lang='lat' dir='ltr'>RERUM</span> <span class='ocrx_word' id='word_1_2' title='bbox 577 213 914 260; x_wconf 85' lang='lat' dir='ltr'>GESTARUM</span> <span class='ocrx_word' id='word_1_3' title='bbox 947 212 1211 275; x_wconf 17' lang='lat' dir='ltr'>LIB.JX1X.</span> <span class='ocrx_word' id='word_1_4' title='bbox 1316 227 1409 276; x_wconf 89' lang='lat'><strong>207</strong></span> 
     </span>
    </p>
   </div>
   <div class='ocr_carea' id='block_1_2' title="bbox 92 317 1428 2571">
    <p class='ocr_par' dir='ltr' id='par_1_2' title="bbox 92 317 1428 2571">
     <span class='ocr_line' id='line_1_2' title="bbox 134 317 1414 383; baseline 0.001 -17"><span class='ocrx_word' id='word_1_5' title='bbox 134 318 267 367; x_wconf 90' lang='lat' dir='ltr'><strong>ullius</strong></span> <span class='ocrx_word' id='word_1_6' title='bbox 294 317 533 382; x_wconf 87' lang='lat' dir='ltr'><strong>dispendiis</strong></span> <span class='ocrx_word' id='word_1_7' title='bbox 553 319 804 367; x_wconf 85' lang='lat' dir='ltr'><strong>affluebant.</strong></span> <span class='ocrx_word' id='word_1_8' title='bbox 831 321 929 367; x_wconf 92' lang='lat' dir='ltr'><strong>Nec</strong></span> <span class='ocrx_word' id='word_1_9' title='bbox 959 319 1078 372; x_wconf 85' lang='lat' dir='ltr'><strong>enim</strong></span> <span class='ocrx_word' id='word_1_10' title='bbox 1105 319 1414 383; x_wconf 87' lang='lat' dir='ltr'><strong>dispofitioni-</strong></span> 
     </span>
     <span class='ocr_line' id='line_1_3' title="bbox 134 390 1416 455; baseline 0.002 -16"><span class='ocrx_word' id='word_1_11' title='bbox 134 391 216 439; x_wconf 91' lang='lat' dir='ltr'><strong>bus</strong></span> <span class='ocrx_word' id='word_1_12' title='bbox 247 408 446 454; x_wconf 89' lang='lat' dir='ltr'><strong>unquam</strong></span> <span class='ocrx_word' id='word_1_13' title='bbox 473 391 651 439; x_wconf 89' lang='lat' dir='ltr'><strong>alterius</strong></span> <span class='ocrx_word' id='word_1_14' title='bbox 685 390 958 454; x_wconf 58' lang='lat' dir='ltr'><strong>praefefilurae</strong></span> <span class='ocrx_word' id='word_1_15' title='bbox 993 390 1079 455; x_wconf 84' lang='lat' dir='ltr'><strong>(ut</strong></span> <span class='ocrx_word' id='word_1_16' title='bbox 1107 391 1224 438; x_wconf 85' lang='lat' dir='ltr'><strong>inter</strong></span> <span class='ocrx_word' id='word_1_17' title='bbox 1255 408 1416 441; x_wconf 89' lang='lat' dir='ltr'><strong>omnes</strong></span> 
     </span>
     <span class='ocr_line' id='line_1_4' title="bbox 134 462 1415 527; baseline 0.002 -17"><span class='ocrx_word' id='word_1_18' title='bbox 134 462 342 527; x_wconf 81' lang='lat' dir='ltr'><strong>constat)</strong></span> <span class='ocrx_word' id='word_1_19' title='bbox 361 463 416 511; x_wconf 87' lang='lat' dir='ltr'><strong>ad</strong></span> <span class='ocrx_word' id='word_1_20' title='bbox 433 463 622 527; x_wconf 86' lang='lat' dir='ltr'><strong>praesens</strong></span> <span class='ocrx_word' id='word_1_21' title='bbox 642 464 818 509; x_wconf 71' lang='lat' dir='ltr'><strong>Ar&amp;oae</strong></span> <span class='ocrx_word' id='word_1_22' title='bbox 837 463 1088 526; x_wconf 82' lang='lat' dir='ltr'><strong>provinciae</strong></span> <span class='ocrx_word' id='word_1_23' title='bbox 1107 463 1242 512; x_wconf 88' lang='lat' dir='ltr'><strong>bonis</strong></span> <span class='ocrx_word' id='word_1_24' title='bbox 1262 465 1415 512; x_wconf 88' lang='lat' dir='ltr'><strong>omni-</strong></span> 
     </span>
     <span class='ocr_line' id='line_1_5' title="bbox 133 535 1412 594; baseline 0.002 -12"><span class='ocrx_word' id='word_1_25' title='bbox 133 535 217 583; x_wconf 88' lang='lat' dir='ltr'><strong>bus</strong></span> <span class='ocrx_word' id='word_1_26' title='bbox 247 535 531 594; x_wconf 89' lang='lat' dir='ltr'><strong>floruerunt,</strong></span> <span class='ocrx_word' id='word_1_27' title='bbox 569 536 846 584; x_wconf 73' lang='lat' dir='ltr'><strong>correffione</strong></span> <span class='ocrx_word' id='word_1_28' title='bbox 874 536 1162 583; x_wconf 87' lang='lat' dir='ltr'><strong>titubantium</strong></span> <span class='ocrx_word' id='word_1_29' title='bbox 1185 537 1412 585; x_wconf 89' lang='lat' dir='ltr'><strong>benevola</strong></span> 
     </span>
     <span class='ocr_line' id='line_1_6' title="bbox 135 607 1417 673; baseline 0 -17"><span class='ocrx_word' id='word_1_30' title='bbox 135 609 187 656; x_wconf 91' lang='lat'>&amp;</span> <span class='ocrx_word' id='word_1_31' title='bbox 207 607 398 666; x_wconf 84' lang='lat' dir='ltr'><strong>sollerti,</strong></span> <span class='ocrx_word' id='word_1_32' title='bbox 418 608 707 656; x_wconf 71' lang='lat' dir='ltr'><strong>vehiculariae</strong></span> <span class='ocrx_word' id='word_1_33' title='bbox 727 608 790 654; x_wconf 90' lang='lat' dir='ltr'><strong>rei</strong></span> <span class='ocrx_word' id='word_1_34' title='bbox 806 607 986 671; x_wconf 70' lang='lat' dir='ltr'><strong>jasturis</strong></span> <span class='ocrx_word' id='word_1_35' title='bbox 1007 608 1259 671; x_wconf 83' lang='lat' dir='ltr'><strong>ingentibus</strong></span> <span class='ocrx_word' id='word_1_36' title='bbox 1273 645 1288 667; x_wconf 89' lang='lat'><strong>,</strong></span> <span class='ocrx_word' id='word_1_37' title='bbox 1312 627 1417 673; x_wconf 84' lang='lat' dir='ltr'><strong>quae</strong></span> 
     </span>
     <span class='ocr_line' id='line_1_7' title="bbox 135 680 1416 744; baseline 0.001 -15"><span class='ocrx_word' id='word_1_38' title='bbox 135 680 326 729; x_wconf 88' lang='lat' dir='ltr'><strong>clausere</strong></span> <span class='ocrx_word' id='word_1_39' title='bbox 347 682 508 728; x_wconf 87' lang='lat' dir='ltr'><strong>domos</strong></span> <span class='ocrx_word' id='word_1_40' title='bbox 529 681 783 729; x_wconf 86' lang='lat' dir='ltr'><strong>innumeras</strong></span> <span class='ocrx_word' id='word_1_41' title='bbox 799 717 813 739; x_wconf 89' lang='lat'><strong>,</strong></span> <span class='ocrx_word' id='word_1_42' title='bbox 845 684 893 728; x_wconf 89' lang='lat'>&amp;</span> <span class='ocrx_word' id='word_1_43' title='bbox 916 680 1111 728; x_wconf 75' lang='lat' dir='ltr'><strong>censuali</strong></span> <span class='ocrx_word' id='word_1_44' title='bbox 1141 681 1416 744; x_wconf 85' lang='lat' dir='ltr'><strong>profeffione</strong></span> 
     </span>
     <span class='ocr_line' id='line_1_8' title="bbox 133 752 1417 818; baseline 0.005 -19"><span class='ocrx_word' id='word_1_45' title='bbox 133 752 330 817; x_wconf 84' lang='lat' dir='ltr'><strong>speciosa</strong></span> <span class='ocrx_word' id='word_1_46' title='bbox 359 754 521 802; x_wconf 85' lang='lat' dir='ltr'><strong>fiducia</strong></span> <span class='ocrx_word' id='word_1_47' title='bbox 551 755 759 803; x_wconf 76' lang='lat' dir='ltr'><strong>relevatae</strong></span> <span class='ocrx_word' id='word_1_48' title='bbox 783 772 795 801; x_wconf 90' lang='lat'>:</span> <span class='ocrx_word' id='word_1_49' title='bbox 830 753 1145 818; x_wconf 83' lang='lat' dir='ltr'><strong>indemnesque</strong></span> <span class='ocrx_word' id='word_1_50' title='bbox 1174 755 1333 802; x_wconf 86' lang='lat' dir='ltr'><strong>deinde</strong></span> <span class='ocrx_word' id='word_1_51' title='bbox 1365 759 1417 805; x_wconf 89' lang='lat'>&amp;</span> 
     </span>
     <span class='ocr_line' id='line_1_9' title="bbox 135 827 1417 892; baseline 0.002 -18"><span class='ocrx_word' id='word_1_52' title='bbox 135 827 318 875; x_wconf 85' lang='lat' dir='ltr'><strong>innoxii</strong></span> <span class='ocrx_word' id='word_1_53' title='bbox 349 845 500 876; x_wconf 83' lang='lat' dir='ltr'><strong>earum</strong></span> <span class='ocrx_word' id='word_1_54' title='bbox 526 828 688 876; x_wconf 81' lang='lat' dir='ltr'><strong>incolae</strong></span> <span class='ocrx_word' id='word_1_55' title='bbox 714 827 935 890; x_wconf 85' lang='lat' dir='ltr'><strong>partium,</strong></span> <span class='ocrx_word' id='word_1_56' title='bbox 959 827 1239 890; x_wconf 76' lang='lat' dir='ltr'><strong>querelarum</strong></span> <span class='ocrx_word' id='word_1_57' title='bbox 1260 829 1417 892; x_wconf 86' lang='lat' dir='ltr'><strong>sopitis</strong></span> 
     </span>
     <span class='ocr_line' id='line_1_10' title="bbox 137 899 1417 963; baseline 0 -16"><span class='ocrx_word' id='word_1_58' title='bbox 137 901 332 948; x_wconf 86' lang='lat' dir='ltr'><strong>materiis</strong></span> <span class='ocrx_word' id='word_1_59' title='bbox 349 901 584 959; x_wconf 87' lang='lat' dir='ltr'><strong>viverent,</strong></span> <span class='ocrx_word' id='word_1_60' title='bbox 606 901 651 947; x_wconf 92' lang='lat' dir='ltr'><strong>ni</strong></span> <span class='ocrx_word' id='word_1_61' title='bbox 680 899 831 962; x_wconf 86' lang='lat' dir='ltr'><strong>postea</strong></span> <span class='ocrx_word' id='word_1_62' title='bbox 848 899 1171 963; x_wconf 69' lang='lat' dir='ltr'><strong>exquisitorum</strong></span> <span class='ocrx_word' id='word_1_63' title='bbox 1194 900 1417 947; x_wconf 87' lang='lat' dir='ltr'><strong>detestan-</strong></span> 
     </span>
     <span class='ocr_line' id='line_1_11' title="bbox 92 971 1417 1035; baseline 0 -15"><span class='ocrx_word' id='word_1_64' title='bbox 92 1028 94 1031; x_wconf 37' lang='grc'><strong>,</strong></span> <span class='ocrx_word' id='word_1_65' title='bbox 137 973 194 1020; x_wconf 90' lang='lat' dir='ltr'><strong>da</strong></span> <span class='ocrx_word' id='word_1_66' title='bbox 222 973 407 1020; x_wconf 90' lang='lat' dir='ltr'><strong>nomina</strong></span> <span class='ocrx_word' id='word_1_67' title='bbox 433 973 669 1019; x_wconf 88' lang='lat' dir='ltr'><strong>titulorum</strong></span> <span class='ocrx_word' id='word_1_68' title='bbox 689 1008 703 1030; x_wconf 90' lang='lat'><strong>,</strong></span> <span class='ocrx_word' id='word_1_69' title='bbox 736 988 815 1034; x_wconf 91' lang='lat' dir='ltr'><strong>per</strong></span> <span class='ocrx_word' id='word_1_70' title='bbox 846 971 1081 1018; x_wconf 80' lang='lat' dir='ltr'><strong>offerentes</strong></span> <span class='ocrx_word' id='word_1_71' title='bbox 1111 971 1417 1035; x_wconf 85' lang='lat' dir='ltr'><strong>suscipientes-</strong></span> 
     </span>
     <span class='ocr_line' id='line_1_12' title="bbox 137 1044 1418 1111; baseline 0.001 -17"><span class='ocrx_word' id='word_1_72' title='bbox 137 1064 227 1110; x_wconf 86' lang='lat' dir='ltr'><strong>que</strong></span> <span class='ocrx_word' id='word_1_73' title='bbox 257 1047 492 1096; x_wconf 87' lang='lat' dir='ltr'><strong>criminose</strong></span> <span class='ocrx_word' id='word_1_74' title='bbox 511 1047 556 1093; x_wconf 92' lang='lat' dir='ltr'><strong>in</strong></span> <span class='ocrx_word' id='word_1_75' title='bbox 577 1045 714 1108; x_wconf 83' lang='lat' dir='ltr'><strong>majus</strong></span> <span class='ocrx_word' id='word_1_76' title='bbox 738 1058 1019 1108; x_wconf 80' lang='lat' dir='ltr'><strong>exaggerata,</strong></span> <span class='ocrx_word' id='word_1_77' title='bbox 1044 1044 1112 1092; x_wconf 87' lang='lat' dir='ltr'><strong>his</strong></span> <span class='ocrx_word' id='word_1_78' title='bbox 1131 1062 1418 1111; x_wconf 87' lang='lat' dir='ltr'><strong>propugnare</strong></span> 
     </span>
     <span class='ocr_line' id='line_1_13' title="bbox 137 1119 1417 1184; baseline 0 -16"><span class='ocrx_word' id='word_1_79' title='bbox 137 1122 218 1168; x_wconf 84' lang='lat' dir='ltr'><strong>fibi</strong></span> <span class='ocrx_word' id='word_1_80' title='bbox 252 1121 492 1168; x_wconf 89' lang='lat' dir='ltr'><strong>nitentibus</strong></span> <span class='ocrx_word' id='word_1_81' title='bbox 520 1120 758 1184; x_wconf 86' lang='lat' dir='ltr'><strong>potestates</strong></span> <span class='ocrx_word' id='word_1_82' title='bbox 779 1155 793 1179; x_wconf 89' lang='lat'>‚</span> <span class='ocrx_word' id='word_1_83' title='bbox 815 1119 903 1166; x_wconf 88' lang='lat' dir='ltr'><strong>illis</strong></span> <span class='ocrx_word' id='word_1_84' title='bbox 935 1121 1169 1166; x_wconf 87' lang='lat' dir='ltr'><strong>attenuatis</strong></span> <span class='ocrx_word' id='word_1_85' title='bbox 1207 1122 1417 1175; x_wconf 87' lang='lat' dir='ltr'><strong>omnium</strong></span> 
     </span>
     <span class='ocr_line' id='line_1_14' title="bbox 138 1192 1417 1258; baseline -0.001 -16"><span class='ocrx_word' id='word_1_86' title='bbox 138 1195 302 1258; x_wconf 87' lang='lat' dir='ltr'><strong>opibus</strong></span> <span class='ocrx_word' id='word_1_87' title='bbox 323 1194 364 1242; x_wconf 93' lang='lat' dir='ltr'><strong>se</strong></span> <span class='ocrx_word' id='word_1_88' title='bbox 389 1194 487 1242; x_wconf 90' lang='lat' dir='ltr'><strong>fore</strong></span> <span class='ocrx_word' id='word_1_89' title='bbox 522 1194 794 1258; x_wconf 80' lang='lat' dir='ltr'><strong>sperantibus</strong></span> <span class='ocrx_word' id='word_1_90' title='bbox 829 1205 950 1240; x_wconf 87' lang='lat' dir='ltr'><strong>tutos</strong></span> <span class='ocrx_word' id='word_1_91' title='bbox 969 1229 982 1252; x_wconf 91' lang='lat'><strong>,</strong></span> <span class='ocrx_word' id='word_1_92' title='bbox 1012 1192 1203 1256; x_wconf 80' lang='lat' dir='ltr'><strong>adusque</strong></span> <span class='ocrx_word' id='word_1_93' title='bbox 1224 1195 1417 1256; x_wconf 85' lang='lat' dir='ltr'><strong>proscri-</strong></span> 
     </span>
     <span class='ocr_line' id='line_1_15' title="bbox 137 1266 1420 1332; baseline 0 -17"><span class='ocrx_word' id='word_1_94' title='bbox 137 1268 320 1331; x_wconf 88' lang='lat' dir='ltr'><strong>ptiones</strong></span> <span class='ocrx_word' id='word_1_95' title='bbox 342 1268 693 1332; x_wconf 84' lang='lat' dir='ltr'><strong>miserorumque</strong></span> <span class='ocrx_word' id='word_1_96' title='bbox 713 1266 944 1329; x_wconf 88' lang='lat' dir='ltr'><strong>suspendia</strong></span> <span class='ocrx_word' id='word_1_97' title='bbox 970 1279 1287 1330; x_wconf 84' lang='lat' dir='ltr'><strong>pervenerunt.</strong></span> <span class='ocrx_word' id='word_1_98' title='bbox 1304 1268 1420 1315; x_wconf 91' lang='lat' dir='ltr'><strong>Rem</strong></span> 
     </span>
     <span class='ocr_line' id='line_1_16' title="bbox 138 1339 1419 1406; baseline -0.002 -17"><span class='ocrx_word' id='word_1_99' title='bbox 138 1341 276 1406; x_wconf 81' lang='lat' dir='ltr'><strong>igitur</strong></span> <span class='ocrx_word' id='word_1_100' title='bbox 309 1342 619 1389; x_wconf 80' lang='lat' dir='ltr'><strong>emendaturus</strong></span> <span class='ocrx_word' id='word_1_101' title='bbox 657 1353 884 1404; x_wconf 79' lang='lat' dir='ltr'><strong>urgentem</strong></span> <span class='ocrx_word' id='word_1_102' title='bbox 906 1376 920 1398; x_wconf 92' lang='lat'><strong>,</strong></span> <span class='ocrx_word' id='word_1_103' title='bbox 950 1339 1176 1403; x_wconf 68' lang='lat' dir='ltr'><strong>profeEtuS</strong></span> <span class='ocrx_word' id='word_1_104' title='bbox 1209 1357 1310 1387; x_wconf 91' lang='lat' dir='ltr'><strong>cum</strong></span> <span class='ocrx_word' id='word_1_105' title='bbox 1351 1340 1419 1386; x_wconf 88' lang='lat' dir='ltr'><strong>in-</strong></span> 
     </span>
     <span class='ocr_line' id='line_1_17' title="bbox 138 1412 1420 1476; baseline -0.002 -15"><span class='ocrx_word' id='word_1_106' title='bbox 138 1415 391 1462; x_wconf 82' lang='lat' dir='ltr'><strong>strumentis</strong></span> <span class='ocrx_word' id='word_1_107' title='bbox 408 1415 651 1462; x_wconf 79' lang='lat' dir='ltr'><strong>ambitiosis</strong></span> <span class='ocrx_word' id='word_1_108' title='bbox 671 1416 918 1476; x_wconf 84' lang='lat' dir='ltr'><strong>Imperator</strong></span> <span class='ocrx_word' id='word_1_109' title='bbox 933 1448 947 1472; x_wconf 84' lang='lat'><strong>,</strong></span> <span class='ocrx_word' id='word_1_110' title='bbox 969 1424 1017 1458; x_wconf 90' lang='lat' dir='ltr'><strong>ut</strong></span> <span class='ocrx_word' id='word_1_111' title='bbox 1037 1412 1199 1458; x_wconf 57' lang='lat' dir='ltr'><strong>dislum</strong></span> <span class='ocrx_word' id='word_1_112' title='bbox 1221 1412 1309 1471; x_wconf 85' lang='lat' dir='ltr'><strong>est,</strong></span> <span class='ocrx_word' id='word_1_113' title='bbox 1331 1415 1420 1460; x_wconf 87' lang='lat' dir='ltr'><strong>Va-</strong></span> 
     </span>
     <span class='ocr_line' id='line_1_18' title="bbox 139 1484 1421 1550; baseline -0.002 -16"><span class='ocrx_word' id='word_1_114' title='bbox 139 1487 296 1534; x_wconf 88' lang='lat' dir='ltr'><strong>leriam</strong></span> <span class='ocrx_word' id='word_1_115' title='bbox 331 1488 457 1535; x_wconf 89' lang='lat' dir='ltr'><strong>venit</strong></span> <span class='ocrx_word' id='word_1_116' title='bbox 488 1499 658 1550; x_wconf 86' lang='lat' dir='ltr'><strong>partem</strong></span> <span class='ocrx_word' id='word_1_117' title='bbox 696 1485 923 1548; x_wconf 88' lang='lat' dir='ltr'><strong>quondam</strong></span> <span class='ocrx_word' id='word_1_118' title='bbox 961 1484 1233 1541; x_wconf 78' lang='lat' dir='ltr'><strong>Pannoniae,</strong></span> <span class='ocrx_word' id='word_1_119' title='bbox 1259 1485 1330 1531; x_wconf 89' lang='lat' dir='ltr'><strong>sed</strong></span> <span class='ocrx_word' id='word_1_120' title='bbox 1364 1485 1421 1532; x_wconf 85' lang='lat' dir='ltr'><strong>ad</strong></span> 
     </span>
     <span class='ocr_line' id='line_1_19' title="bbox 140 1555 1420 1620; baseline -0.004 -12"><span class='ocrx_word' id='word_1_121' title='bbox 140 1561 366 1608; x_wconf 88' lang='lat' dir='ltr'><strong>honorem</strong></span> <span class='ocrx_word' id='word_1_122' title='bbox 397 1559 586 1607; x_wconf 85' lang='lat' dir='ltr'><strong>Valeriae</strong></span> <span class='ocrx_word' id='word_1_123' title='bbox 617 1556 895 1608; x_wconf 83' lang='lat' dir='ltr'><strong>Diocletiani</strong></span> <span class='ocrx_word' id='word_1_124' title='bbox 918 1555 1020 1602; x_wconf 83' lang='lat' dir='ltr'><strong>filiae</strong></span> <span class='ocrx_word' id='word_1_125' title='bbox 1037 1557 1086 1604; x_wconf 86' lang='lat'>&amp;</span> <span class='ocrx_word' id='word_1_126' title='bbox 1107 1556 1347 1620; x_wconf 88' lang='lat' dir='ltr'><strong>institutam</strong></span> <span class='ocrx_word' id='word_1_127' title='bbox 1368 1561 1420 1607; x_wconf 71' lang='grc' dir='ltr'><strong>δε</strong></span> 
     </span>
     <span class='ocr_line' id='line_1_20' title="bbox 141 1628 1422 1697; baseline -0.002 -16"><span class='ocrx_word' id='word_1_128' title='bbox 141 1633 208 1681; x_wconf 79' lang='lat' dir='ltr'><strong>ita</strong></span> <span class='ocrx_word' id='word_1_129' title='bbox 239 1633 599 1697; x_wconf 81' lang='lat' dir='ltr'><strong>cognominatam</strong></span> <span class='ocrx_word' id='word_1_130' title='bbox 621 1650 632 1680; x_wconf 75' lang='lat' dir='ltr'><em>z</em></span> <span class='ocrx_word' id='word_1_131' title='bbox 661 1631 738 1678; x_wconf 89' lang='lat' dir='ltr'><strong>sub</strong></span> <span class='ocrx_word' id='word_1_132' title='bbox 765 1628 1038 1693; x_wconf 84' lang='lat' dir='ltr'><strong>pellibusque</strong></span> <span class='ocrx_word' id='word_1_133' title='bbox 1068 1630 1267 1676; x_wconf 88' lang='lat' dir='ltr'><strong>exercitu</strong></span> <span class='ocrx_word' id='word_1_134' title='bbox 1289 1631 1422 1678; x_wconf 87' lang='lat' dir='ltr'><strong>diffu-</strong></span> 
     </span>
     <span class='ocr_line' id='line_1_21' title="bbox 144 1702 1421 1767; baseline 0.001 -15"><span class='ocrx_word' id='word_1_135' title='bbox 144 1705 194 1752; x_wconf 78' lang='lat' dir='ltr'><strong>so</strong></span> <span class='ocrx_word' id='word_1_136' title='bbox 225 1721 303 1767; x_wconf 93' lang='lat' dir='ltr'><strong>per</strong></span> <span class='ocrx_word' id='word_1_137' title='bbox 336 1705 427 1751; x_wconf 84' lang='lat' dir='ltr'><strong>Istri</strong></span> <span class='ocrx_word' id='word_1_138' title='bbox 451 1704 649 1751; x_wconf 81' lang='lat' dir='ltr'><strong>fluminis</strong></span> <span class='ocrx_word' id='word_1_139' title='bbox 684 1703 928 1766; x_wconf 83' lang='lat' dir='ltr'><strong>margines,</strong></span> <span class='ocrx_word' id='word_1_140' title='bbox 959 1702 1170 1750; x_wconf 84' lang='lat' dir='ltr'><strong>barbaros</strong></span> <span class='ocrx_word' id='word_1_141' title='bbox 1205 1703 1421 1753; x_wconf 90' lang='lat' dir='ltr'><strong>observa-</strong></span> 
     </span>
     <span class='ocr_line' id='line_1_22' title="bbox 143 1774 1422 1833; baseline -0.002 -7"><span class='ocrx_word' id='word_1_142' title='bbox 143 1779 221 1826; x_wconf 88' lang='lat' dir='ltr'><strong>bat</strong></span> <span class='ocrx_word' id='word_1_143' title='bbox 236 1813 249 1833; x_wconf 85' lang='lat'><strong>,</strong></span> <span class='ocrx_word' id='word_1_144' title='bbox 270 1790 370 1825; x_wconf 90' lang='lat' dir='ltr'><strong>ante</strong></span> <span class='ocrx_word' id='word_1_145' title='bbox 391 1778 632 1825; x_wconf 88' lang='lat' dir='ltr'><strong>adventum</strong></span> <span class='ocrx_word' id='word_1_146' title='bbox 654 1777 778 1823; x_wconf 88' lang='lat' dir='ltr'><strong>suum</strong></span> <span class='ocrx_word' id='word_1_147' title='bbox 799 1774 1006 1823; x_wconf 80' lang='lat' dir='ltr'><strong>amicitiae</strong></span> <span class='ocrx_word' id='word_1_148' title='bbox 1026 1775 1286 1823; x_wconf 86' lang='lat' dir='ltr'><strong>velamento</strong></span> <span class='ocrx_word' id='word_1_149' title='bbox 1306 1778 1422 1824; x_wconf 86' lang='lat' dir='ltr'><strong>Pan-</strong></span> 
     </span>
     <span class='ocr_line' id='line_1_23' title="bbox 144 1847 1419 1898; baseline 0 0"><span class='ocrx_word' id='word_1_150' title='bbox 144 1851 306 1898; x_wconf 86' lang='lat' dir='ltr'><strong>nonias</strong></span> <span class='ocrx_word' id='word_1_151' title='bbox 337 1850 491 1898; x_wconf 90' lang='lat' dir='ltr'><strong>furtim</strong></span> <span class='ocrx_word' id='word_1_152' title='bbox 513 1851 739 1897; x_wconf 85' lang='lat' dir='ltr'><strong>vastandas</strong></span> <span class='ocrx_word' id='word_1_153' title='bbox 765 1848 985 1896; x_wconf 71' lang='lat' dir='ltr'><strong>&#39;invadere</strong></span> <span class='ocrx_word' id='word_1_154' title='bbox 1006 1847 1163 1896; x_wconf 85' lang='lat' dir='ltr'><strong>hiemis</strong></span> <span class='ocrx_word' id='word_1_155' title='bbox 1186 1849 1419 1898; x_wconf 85' lang='lat' dir='ltr'><strong>duriffimo</strong></span> 
     </span>
     <span class='ocr_line' id='line_1_24' title="bbox 143 1921 1420 1988; baseline -0.002 -16"><span class='ocrx_word' id='word_1_156' title='bbox 143 1925 428 1988; x_wconf 85' lang='lat' dir='ltr'><strong>cogitantes,</strong></span> <span class='ocrx_word' id='word_1_157' title='bbox 461 1941 563 1973; x_wconf 90' lang='lat' dir='ltr'><strong>cum</strong></span> <span class='ocrx_word' id='word_1_158' title='bbox 599 1923 790 1971; x_wconf 84' lang='lat' dir='ltr'><strong>necdum</strong></span> <span class='ocrx_word' id='word_1_159' title='bbox 822 1921 976 1968; x_wconf 67' lang='lat' dir='ltr'><strong>solutae</strong></span> <span class='ocrx_word' id='word_1_160' title='bbox 1009 1921 1160 1968; x_wconf 85' lang='lat' dir='ltr'><strong>vernis</strong></span> <span class='ocrx_word' id='word_1_161' title='bbox 1194 1921 1420 1969; x_wconf 87' lang='lat' dir='ltr'><strong>caloribus</strong></span> 
     </span>
     <span class='ocr_line' id='line_1_25' title="bbox 144 1993 1421 2060; baseline -0.002 -16"><span class='ocrx_word' id='word_1_162' title='bbox 144 1998 276 2045; x_wconf 88' lang='lat' dir='ltr'><strong>nives</strong></span> <span class='ocrx_word' id='word_1_163' title='bbox 305 2015 479 2045; x_wconf 85' lang='lat' dir='ltr'><strong>amnem</strong></span> <span class='ocrx_word' id='word_1_164' title='bbox 508 1997 705 2060; x_wconf 90' lang='lat' dir='ltr'><strong>undique</strong></span> <span class='ocrx_word' id='word_1_165' title='bbox 735 1994 939 2058; x_wconf 85' lang='lat' dir='ltr'><strong>pervium</strong></span> <span class='ocrx_word' id='word_1_166' title='bbox 970 1993 1165 2053; x_wconf 88' lang='lat' dir='ltr'><strong>faciunt,</strong></span> <span class='ocrx_word' id='word_1_167' title='bbox 1193 1994 1421 2057; x_wconf 86' lang='lat' dir='ltr'><strong>nostrique</strong></span> 
     </span>
     <span class='ocr_line' id='line_1_26' title="bbox 145 2066 1420 2133; baseline 0 -18"><span class='ocrx_word' id='word_1_168' title='bbox 145 2070 316 2133; x_wconf 84' lang='lat' dir='ltr'><strong>pruinis</strong></span> <span class='ocrx_word' id='word_1_169' title='bbox 345 2071 592 2119; x_wconf 84' lang='lat' dir='ltr'><strong>subdivales</strong></span> <span class='ocrx_word' id='word_1_170' title='bbox 621 2086 768 2116; x_wconf 86' lang='lat' dir='ltr'><strong>moras</strong></span> <span class='ocrx_word' id='word_1_171' title='bbox 798 2066 976 2114; x_wconf 83' lang='lat' dir='ltr'><strong>difficile</strong></span> <span class='ocrx_word' id='word_1_172' title='bbox 999 2067 1261 2115; x_wconf 87' lang='lat' dir='ltr'><strong>tolerabant.</strong></span> <span class='ocrx_word' id='word_1_173' title='bbox 1290 2068 1420 2116; x_wconf 91' lang='lat' dir='ltr'><strong>Con-</strong></span> 
     </span>
     <span class='ocr_line' id='line_1_27' title="bbox 146 2141 1423 2207; baseline 0 -19"><span class='ocrx_word' id='word_1_174' title='bbox 146 2141 292 2190; x_wconf 84' lang='lat' dir='ltr'><strong>festim</strong></span> <span class='ocrx_word' id='word_1_175' title='bbox 324 2143 472 2207; x_wconf 86' lang='lat' dir='ltr'><strong>itaque</strong></span> <span class='ocrx_word' id='word_1_176' title='bbox 492 2143 622 2190; x_wconf 81' lang='lat' dir='ltr'><strong>miffis</strong></span> <span class='ocrx_word' id='word_1_177' title='bbox 644 2143 697 2189; x_wconf 89' lang='lat' dir='ltr'><strong>ad</strong></span> <span class='ocrx_word' id='word_1_178' title='bbox 723 2142 990 2204; x_wconf 81' lang='lat' dir='ltr'><strong>Limigantes</strong></span> <span class='ocrx_word' id='word_1_179' title='bbox 1019 2141 1195 2188; x_wconf 86' lang='lat' dir='ltr'><strong>duobus</strong></span> <span class='ocrx_word' id='word_1_180' title='bbox 1231 2141 1423 2188; x_wconf 86' lang='lat' dir='ltr'><strong>tribunis</strong></span> 
     </span>
     <span class='ocr_line' id='line_1_28' title="bbox 149 2213 1426 2279; baseline 0 -19"><span class='ocrx_word' id='word_1_181' title='bbox 149 2230 255 2261; x_wconf 88' lang='lat' dir='ltr'><strong>cum</strong></span> <span class='ocrx_word' id='word_1_182' title='bbox 292 2216 604 2279; x_wconf 87' lang='lat' dir='ltr'><strong>interpretibus</strong></span> <span class='ocrx_word' id='word_1_183' title='bbox 640 2214 821 2278; x_wconf 79' lang='lat' dir='ltr'><strong>singulis</strong></span> <span class='ocrx_word' id='word_1_184' title='bbox 841 2251 853 2272; x_wconf 87' lang='lat'>‚</span> <span class='ocrx_word' id='word_1_185' title='bbox 883 2213 1146 2275; x_wconf 77' lang='lat' dir='ltr'><strong>explorabat</strong></span> <span class='ocrx_word' id='word_1_186' title='bbox 1180 2214 1426 2261; x_wconf 82' lang='lat' dir='ltr'><strong>modestius</strong></span> 
     </span>
     <span class='ocr_line' id='line_1_29' title="bbox 151 2287 1428 2353; baseline 0 -18"><span class='ocrx_word' id='word_1_187' title='bbox 151 2291 489 2351; x_wconf 88' lang='lat' dir='ltr'><strong>percontando,</strong></span> <span class='ocrx_word' id='word_1_188' title='bbox 506 2307 646 2353; x_wconf 85' lang='lat' dir='ltr'><strong>-quam</strong></span> <span class='ocrx_word' id='word_1_189' title='bbox 672 2292 733 2336; x_wconf 89' lang='lat' dir='ltr'><strong>ob</strong></span> <span class='ocrx_word' id='word_1_190' title='bbox 761 2305 851 2335; x_wconf 86' lang='lat' dir='ltr'><strong>rem</strong></span> <span class='ocrx_word' id='word_1_191' title='bbox 870 2323 884 2346; x_wconf 92' lang='lat'><strong>,</strong></span> <span class='ocrx_word' id='word_1_192' title='bbox 909 2287 1070 2334; x_wconf 69' lang='lat' dir='ltr'><strong>reliffis</strong></span> <span class='ocrx_word' id='word_1_193' title='bbox 1101 2287 1265 2335; x_wconf 90' lang='lat' dir='ltr'><strong>laribus</strong></span> <span class='ocrx_word' id='word_1_194' title='bbox 1282 2323 1296 2346; x_wconf 87' lang='lat'><strong>,</strong></span> <span class='ocrx_word' id='word_1_195' title='bbox 1327 2287 1428 2350; x_wconf 88' lang='lat' dir='ltr'><strong>post</strong></span> 
     </span>
     <span class='ocr_line' id='line_1_30' title="bbox 150 2359 1425 2424; baseline 0 -20"><span class='ocrx_word' id='word_1_196' title='bbox 150 2375 304 2421; x_wconf 88' lang='lat' dir='ltr'><strong>pacem</strong></span> <span class='ocrx_word' id='word_1_197' title='bbox 332 2360 566 2408; x_wconf 87' lang='lat' dir='ltr'><strong>&amp;foedera</strong></span> <span class='ocrx_word' id='word_1_198' title='bbox 593 2360 842 2424; x_wconf 86' lang='lat' dir='ltr'><strong>petentibus</strong></span> <span class='ocrx_word' id='word_1_199' title='bbox 863 2359 1110 2415; x_wconf 83' lang='lat' dir='ltr'><strong>attributis,</strong></span> <span class='ocrx_word' id='word_1_200' title='bbox 1130 2359 1189 2405; x_wconf 88' lang='lat' dir='ltr'><strong>ita</strong></span> <span class='ocrx_word' id='word_1_201' title='bbox 1217 2359 1425 2421; x_wconf 89' lang='lat' dir='ltr'><strong>palaren-</strong></span> 
     </span>
     <span class='ocr_line' id='line_1_31' title="bbox 149 2430 1423 2497; baseline 0.002 -22"><span class='ocrx_word' id='word_1_202' title='bbox 149 2437 229 2476; x_wconf 77' lang='lat' dir='ltr'><strong>tur&#39;</strong></span> <span class='ocrx_word' id='word_1_203' title='bbox 259 2433 407 2492; x_wconf 88' lang='lat' dir='ltr'><strong>varii,</strong></span> <span class='ocrx_word' id='word_1_204' title='bbox 448 2434 693 2497; x_wconf 83' lang='lat' dir='ltr'><strong>limitesque</strong></span> <span class='ocrx_word' id='word_1_205' title='bbox 731 2445 888 2479; x_wconf 87' lang='lat' dir='ltr'><strong>contra</strong></span> <span class='ocrx_word' id='word_1_206' title='bbox 919 2432 1148 2478; x_wconf 64' lang='lat' dir='ltr'><strong>interdiEla</strong></span> <span class='ocrx_word' id='word_1_207' title='bbox 1185 2430 1423 2494; x_wconf 87' lang='lat' dir='ltr'><strong>pulsarent.</strong></span> 
     </span>
     <span class='ocr_line' id='line_1_32' title="bbox 147 2502 1424 2571; baseline -0.003 -19"><span class='ocrx_word' id='word_1_208' title='bbox 147 2503 245 2569; x_wconf 70' lang='lat' dir='ltr'><strong>Qui</strong></span> <span class='ocrx_word' id='word_1_209' title='bbox 276 2522 390 2556; x_wconf 84' lang='lat' dir='ltr'><strong>vana</strong></span> <span class='ocrx_word' id='word_1_210' title='bbox 410 2506 614 2571; x_wconf 80' lang='lat' dir='ltr'><strong>quaedam</strong></span> <span class='ocrx_word' id='word_1_211' title='bbox 644 2504 869 2556; x_wconf 86' lang='lat' dir='ltr'><strong>causantes</strong></span> <span class='ocrx_word' id='word_1_212' title='bbox 895 2507 944 2555; x_wconf 86' lang='lat'>&amp;</span> <span class='ocrx_word' id='word_1_213' title='bbox 961 2504 1113 2567; x_wconf 88' lang='lat' dir='ltr'><strong>irrita,</strong></span> <span class='ocrx_word' id='word_1_214' title='bbox 1136 2519 1310 2569; x_wconf 88' lang='lat' dir='ltr'><strong>pavore</strong></span> <span class='ocrx_word' id='word_1_215' title='bbox 1329 2502 1424 2549; x_wconf 87' lang='lat' dir='ltr'><strong>adi-</strong></span> 
     </span>
    </p>
   </div>
  </div>
 </body>
</html>
