1626 2917
255 183 475 232 RERUM
509 183 853 230 GESTARUM
882 184 988 231 Lm.
1018 183 1167 230 xxn.
1268 199 1362 246 297

81 291 185 337 Eoo
213 289 350 338 latere
371 289 592 354 Cyzicum
609 327 623 350 ‚
642 293 692 339 δι
717 290 955 355 Dindyma
982 288 1188 353 religiosa
1212 288 1367 344 matris

81 380 254 426 magnae
283 364 468 412 delubra
486 401 501 422 ,
520 367 570 413 &
597 366 831 428 Apamiam
848 401 863 423 ,
882 365 1129 428 Ciumque‚
1151 364 1202 411 &
1233 362 1367 409 Asta-

82 454 211 496 cum,
241 438 396 486 secuto
426 452 632 503 tempore
659 439 972 487 Nicomediam
1001 455 1026 485 a
1058 454 1159 501 rege
1185 452 1367 500 cogno-

81 510 294 558 minatam
315 530 327 561 :
347 529 436 575 qua
461 513 509 559 in
539 513 745 561 occasum
773 511 1005 576 procedit,
1031 507 1367 558 Cherronesum

76 574 223 646 pulsat
242 587 292 633 ὅ(
309 587 688 651 AEgos-potamous
704 623 718 645 ‚
736 586 782 633 in
803 603 897 650 quo
922 586 1030 632 loco
1051 584 1218 649 lapides
1241 582 1371 631 casu·‘

79 672 157 702 ros
177 673 234 703 ex
253 657 378 705 coelo
397 659 605 721 praedixit
624 662 937 724 Anaxagoras,
950 661 998 706 &
1016 657 1367 724 Lysimachiam,

79 730 129 777 &
147 730 393 788 civitatem,
417 749 549 795 quam
571 734 785 782 Hercules
803 734 1033 781 conditam
1058 731 1259 781 Perinthi
1285 747 1368 778 co-

77 804 197 851 mitis
227 805 292 852 sui
319 808 549 854 memoriae
588 808 828 857 dedicavit.
855 810 910 855 Et
935 822 986 855 ut
1024 807 1176 855 effeEte
1209 806 1368 869 plene-

78 893 167 940 que
189 880 228 922 Φ
248 877 386 926 literae
412 879 557 944 figura
577 881 803 938 servetur,
821 882 866 928 in
886 880 1141 929 meditullio
1163 878 1261 942 ipso
1283 895 1365 925 ro-

79 950 312 998 tunditatis
340 953 621 1001 Proconesus
642 953 783 1001 insula
809 954 870 1001 est
889 955 1117 1017 oblonga,
1138 954 1188 1000 δε
1213 950 1368 999 Besbi-3

80 1039 173 1069 cus.
197 1023 300 1070 Post
329 1024 454 1085 cujus
473 1025 768 1073 summitatem
797 1027 844 1074 in
869 1025 1089 1090 angustias
1109 1024 1259 1073 rursus
1285 1040 1367 1071 ex-

78 1107 310 1142 tenuatum
322 1131 335 1151 ‚
354 1099 580 1161 Europam
596 1100 644 1147 &
659 1099 921 1165 Bithyniam
935 1101 1240 1146 intercurrens
1254 1133 1267 1155 ,
1288 1113 1366 1159 per

76 1168 397 1228 Chalcedona,
422 1170 773 1236 Chrysopolim,
793 1174 842 1224 &
862 1172 1074 1219 stationes
1098 1170 1252 1218 transit
1276 1171 1366 1216 ob-

76 1242 238 1292 scuras,
270 1246 386 1292 Nam
415 1247 648 1310 supercilia
668 1247 763 1309 ejus
790 1247 958 1296 finistra
977 1248 1175 1311 Athyras
1203 1258 1366 1309 portus

78 1316 296 1380 despeffat
313 1322 362 1368 δι
379 1320 635 1384 Selymbria
651 1358 664 1379 ‚
684 1323 734 1369 &
756 1319 1182 1383 Constantinopolis
1196 1355 1208 1377 ,
1228 1331 1364 1366 vetus

76 1392 345 1455 Byzantium
362 1430 376 1452 ,
420 1395 676 1442 Atticorum
727 1395 911 1442 colonia
933 1429 947 1452 ,
989 1396 1039 1441 &
1083 1405 1365 1456 promonto-

77 1464 194 1511 rium
221 1466 360 1513 Ceras
382 1468 700 1530 praelucentem
734 1467 926 1515 navibus
953 1466 1124 1512 vehens
1155 1464 1366 1512 constru-

78 1537 192 1584 &am
225 1539 380 1588 celfius
413 1541 602 1588 turrim:
632 1552 911 1605 quapropter
941 1540 1087 1586 Elatas
1115 1538 1364 1601 appellatur

79 1623 243 1659 ventus
282 1612 386 1661 inde
426 1614 575 1662 suetus
614 1614 728 1661 oriri
763 1613 1043 1677 praegelidus.
1081 1612 1187 1658 Hoc
1218 1611 1366 1658 modo

76 1682 264 1733 fraelum
290 1687 716 1752 &participatione
746 1686 879 1734 maris
908 1685 1135 1747 utriusque
1154 1682 1365 1741 finitum,

74 1755 253 1821 jamque
282 1759 535 1819 mitescens,
562 1761 611 1808 in
643 1776 901 1824 aequoream
929 1757 1140 1822 panditur
1168 1755 1327 1802 faciem
1346 1790 1364 1814 ‚

75 1832 293 1894 quanium
315 1833 462 1896 potest
486 1835 645 1882 cadere
670 1834 749 1880 sub
769 1832 988 1896 aspectum
1004 1868 1016 1890 ‚
1039 1832 1126 1877 late
1155 1829 1363 1876 diffusum

3 1939 7 1954 1
75 1904 128 1951 &
155 1904 305 1968 longe.
336 1906 500 1953 Omnis
528 1919 675 1952 autem
705 1905 798 1967 ejus
831 1905 958 1950 velut
978 1902 1181 1949 insularis
1201 1900 1364 1948 circui-

77 1988 148 2023 tus
174 1976 332 2024 litorea
351 1978 585 2042 navigatio
607 1979 768 2042 viginti
790 1977 933 2024 tribus
951 1974 1146 2022 dimensa
1162 1973 1362 2021 millibus

74 2049 317 2098 stadiorum
331 2086 344 2106 ,
363 2067 413 2099 ut
437 2052 752 2100 Eratosthenes
778 2050 998 2107 affirmat,
1016 2051 1074 2109 &⁴
1092 2049 1328 2096 Hecataeus
1345 2082 1362 2106 ‚

77 2123 129 2169 &
147 2124 440 2183 Ptolemaeus,
466 2126 630 2190 aliique
656 2124 915 2188 hujusmodi
934 2122 1250 2187 cognitionum
1272 2120 1361 2168 mi-
1416 2155 1421 2161 -

77 2194 291 2242 nutiffimi
335 2197 632 2257 scrutatores,
669 2197 716 2244 in
757 2196 947 2260 speciem
983 2192 1188 2258 Scythici
1231 2210 1360 2241 arcus

77 2284 226 2314 nervo
264 2272 564 2331 coagmentati
604 2269 886 2335 geographiae
930 2267 1071 2316 totius
1115 2267 1360 2315 ass'enfione

78 2338 316 2388 formatur.-
341 2345 396 2390 Et
424 2361 513 2407 qua
540 2344 605 2392 sol
636 2345 824 2391 Oceano
852 2341 1046 2406 exsurgit
1074 2344 1176 2390 Eoo
1193 2379 1205 2401 ,
1227 2342 1359 2404 palu-

76 2413 207 2461 dibus
238 2415 457 2463 clauditur
481 2418 753 2464 Maeotidos:
782 2435 869 2481 qua
903 2417 1097 2464 declinat
1123 2417 1170 2463 in
1197 2416 1357 2477 vespe-

76 2502 174 2532 rum
197 2522 211 2546 ‚
231 2488 446 2538 Romanis
473 2491 724 2554 provinciis
752 2492 1043 2539 terminatur:
1073 2492 1190 2538 unde
1216 2489 1357 2552 suspi-
