1626 2917
208 187 259 218 12
394 170 740 216 AMMIANl
793 167 1290 221 MARCELLINI

201 296 306 328 nere
339 279 579 327 Osdroenae
610 277 856 324 subsederat
887 278 1075 325 extimas
1107 290 1276 340 partes,
1308 293 1485 326 novum

200 370 449 418 parumque
476 352 721 416 aliquando
741 362 957 397 tentatum
983 364 1290 399 commentum
1307 350 1484 414 aggres-

201 426 273 475 sus
293 427 449 490 :quod
472 426 503 472 fi
522 423 816 487 impetrasset,
835 423 1035 471 fulminis
1060 425 1200 470 modo
1222 424 1376 471 cunita
1402 440 1485 471 va·

201 499 344 545 starat.
365 501 467 544 Erat
491 511 661 554 autem,
685 496 810 560 quod
825 496 1042 559 agitabat,
1057 494 1326 557 hujusmodi.
1348 497 1488 543 Batne

202 573 499 637 municipium
530 572 576 618 in
601 571 893 619 Anthemusia
916 571 1152 618 conditum
1184 571 1488 618 Macedonum

202 665 337 694 manu
362 647 639 710 priscorum,
668 645 722 691 ab
757 644 982 708 Euphrate
1005 642 1194 690 flumine
1224 644 1355 690 brevi
1388 642 1487 705 spa-

202 721 270 765 tio
307 719 579 781 disparatur,
610 715 825 764 refertum
862 714 1188 763 mercatoribus
1227 715 1489 778 opulentis:

203 793 282 840 ubi
313 809 461 839 annua
495 791 814 848 sollemnitate,
837 805 981 853 prope
1010 789 1284 851 Septembris
1310 789 1490 837 initium

203 866 393 924 menfis,
427 866 481 912 ad
518 865 738 911 nundinas
781 879 941 926 magna
987 861 1257 924 promiscuae
1294 861 1491 907 fortunae

205 939 428 988 convenit
457 938 725 995 multitudO,
756 937 810 984 ad
849 937 1222 995 commercanda,
1255 952 1356 998 quae
1394 934 1493 981 Indi

208 1014 395 1060 mittunt
422 1014 471 1061 &
492 1013 641 1070 Seres,
668 1011 839 1074 aliaque
863 1009 1053 1072 plurima
1077 1010 1182 1056 vehi
1211 1021 1327 1055 terra
1355 1009 1494 1055 mari-

207 1103 295 1149 que
325 1086 558 1133 consueta.
592 1087 721 1131 Hanc
754 1084 986 1147 regionem
1020 1082 1271 1145 praestitutis
1301 1082 1493 1129 celebri-

208 1160 289 1207 tati
327 1160 480 1207 diebus
516 1159 728 1207 invadere
758 1174 915 1221 parans
952 1158 1042 1204 dux
1080 1169 1181 1203 ante
1217 1156 1382 1213 dictus,
1413 1173 1494 1218 per

205 1233 469 1281 solitudines
506 1233 762 1296 Aboraeque
797 1231 941 1279 amnis
967 1231 1172 1278 herbidas
1205 1231 1352 1293 ripas,
1385 1229 1493 1276 suo-

206 1323 306 1352 rum
331 1305 501 1352 indicio
522 1305 749 1367 proditus,
768 1304 863 1366 qui,
879 1304 1047 1351 admiffi
1064 1303 1223 1367 flagitii
1244 1316 1366 1350 metu
1385 1320 1494 1351 exa-

205 1378 357 1443 gitati,
379 1378 434 1424 ad
464 1378 663 1440 praesidia
695 1377 925 1424 descivere
945 1377 1174 1435 Romana,
1199 1377 1362 1439 absque
1396 1378 1494 1425 ullo

207 1452 400 1516 egressus
429 1451 617 1509 effectu,
644 1450 804 1497 deinde
827 1450 1074 1498 tabescebat
1099 1449 1361 1496 immobilis.

274 1527 350 1572 IV.
391 1524 597 1571 Saraceni
633 1535 781 1570 tamen
820 1539 903 1569 nec
937 1522 1071 1569 amici
1102 1522 1235 1569 nobis
1269 1540 1500 1586 unquam,

210 1614 294 1645 nec
331 1597 480 1644 hostes
516 1596 736 1658 optandi,
778 1595 901 1642 ultro
939 1595 1145 1659 citroque
1181 1595 1498 1657 discursantes,

212 1671 431 1733 quidquid
449 1670 648 1717 inveniri
666 1682 843 1731 poterat
857 1704 870 1727 ‚
885 1681 1119 1715 momento
1135 1670 1351 1731 temporis
1367 1672 1498 1733 parvi

209 1744 461 1803 vastabant,
483 1744 730 1791 milvorum
753 1744 979 1807 rapacium
997 1742 1153 1790 fimiles
1170 1761 1180 1789 :
1197 1743 1301 1806 qui,
1324 1743 1356 1789 fi
1381 1761 1498 1806 prae-

211 1818 312 1863 dam
340 1816 611 1880 dispexerint
639 1816 794 1864 celsius
811 1853 823 1873 ‚
847 1817 1006 1864 volatu
1034 1815 1215 1878 rapiunt
1239 1816 1370 1863 celeri
1390 1853 1403 1873 ,
1424 1830 1500 1865 aut

211 1889 295 1936 nisi
334 1888 700 1952 impetraverint,
732 1906 827 1935 non
857 1889 1170 1935 immorantur.
1204 1889 1344 1950 Super
1380 1906 1500 1952 quo—

213 1979 314 2010 rum
349 1962 553 2009 moribus
581 1962 687 2009 licet
721 1961 767 2008 in
798 1962 964 2010 afflbus
995 1961 1210 2026 principis
1239 1962 1414 2020 Marci,
1451 1965 1503 2010 &

213 2033 367 2097 postea
392 2033 630 2097 aliquoties
655 2033 936 2080 meminerim
963 2034 1184 2090 retulisse,
1203 2046 1351 2081 tamen
1380 2052 1502 2082 nunc

215 2122 400 2170 quoque
431 2123 570 2169 pauca
601 2106 655 2152 de
683 2104 835 2152 iisdem
871 2107 1105 2170 expediam
1136 2107 1337 2170 carptim.
1368 2108 1504 2171 Apud

216 2179 299 2226 has
327 2192 507 2243 gentes,
534 2196 722 2242 quarum
749 2181 991 2229 exordiens
1019 2181 1201 2228 initium
1227 2183 1283 2230 ab
1312 2183 1505 2247 Assyriis

214 2252 272 2299 ad
295 2252 389 2298 Nili
418 2252 651 2298 catara&as
684 2253 930 2317 porrigitur
947 2255 995 2301 &
1017 2252 1214 2301 confinia
1245 2255 1505 2320 Blemmyaq

215 2343 346 2384 rum,
382 2341 541 2372 omnes
571 2325 666 2388 pari
693 2325 810 2373 sorte
840 2326 941 2374 sunt
970 2327 1231 2384 bellatores,
1255 2328 1505 2388 seminudi,

221 2398 439 2446 coloratis
468 2399 626 2464 sagulis
661 2401 928 2462 pubetenus
948 2401 1089 2448 amiffi
1103 2437 1117 2459 ,
1138 2419 1356 2465 equorum
1377 2403 1506 2466 adju-

215 2479 372 2522 mento
402 2471 657 2536 pernicium
685 2473 1010 2540 graciliumque
1031 2473 1306 2523 camelorum
1330 2492 1410 2540 per
1434 2476 1507 2523 di-
