1626 2917
282 127 501 183 RERUM
535 126 882 174 GESTARUM
912 127 1022 177 ΜΒ.
1059 126 1237 173 XXXI.
1324 145 1413 174 27³

1360 176 1368 188 t
1393 168 1414 191 1

52 279 62 287 ,
126 253 228 282 men
259 234 344 293 est,
375 251 453 297 per
483 234 744 282 Lauriacum
779 233 835 282 ad
864 233 1178 297 opitulandum
1201 235 1419 296 oppressae

127 306 244 370 parti
279 307 497 369 porrectis
531 306 767 353 itineribus
811 305 1134 354 iremtendebat.
1170 305 1420 369 Iisdemque

128 380 285 427 diebus
313 380 544 444 Frigerido
575 379 713 426 multa
747 389 879 442 atque
901 379 1038 426 utilia
1069 395 1153 441 pro
1187 377 1421 427 securitate

129 453 363 501 communi
395 455 689 502 sollertiffime
721 453 969 516 cogitanti.
1004 452 1269 515 munireque
1308 469 1421 515 pro—

129 527 305 590 peranti
336 529 585 575 Succorum
618 528 838 593 angustias
857 564 873 587 ,
906 545 961 575 ne
988 528 1302 576 discursatores
1331 529 1420 574 ho-

130 601 212 648 stes
231 600 426 648 &leves
446 636 460 658 ,
481 613 692 664 tanquam
712 601 1003 648 exaestuantes
1023 601 1071 648 vi
1093 614 1316 648 torrentes
1341 617 1420 662 per

128 670 516 734 septemtrionales
548 672 811 735 provincias
841 671 974 719 fufius
995 686 1298 736 vagarentur3
1320 672 1421 718 suc-

129 745 274 791 cessor
298 746 483 791 Maurus
513 745 699 791 nomine
732 744 922 791 mittitur
950 746 1143 801 Comes,
1165 744 1337 792 venalis
1361 744 1423 790 fe·

132 816 273 864 rociae
305 816 449 879 specie
469 848 486 873 ‚
515 818 564 865 &
599 817 655 863 ad
697 817 858 863 ευηξὶει
899 815 1081 862 mobilis
1108 817 1158 864 &
1188 815 1422 862 incertus:

131 890 248 936 idem
274 925 287 945 ,
318 907 454 953 quem
486 889 821 952 praeteritorum
838 899 964 934 textu
997 888 1254 945 retulimus,
1275 887 1422 934 ambi-

131 963 254 1025 genti
287 962 413 1026 super
442 979 616 1010 corona
647 961 783 1024 capiti
808 961 1082 1023 imponenda
1111 961 1287 1008 Juliano
1318 963 1424 1008 Cae-

133 1035 245 1094 sari,
269 1037 373 1082 dum
398 1037 517 1082 inter
544 1035 637 1096 ejus
657 1036 902 1097 armigeros
923 1035 1159 1092 militaret,
1185 1052 1235 1082 ac
1259 1034 1424 1097 regiam

131 1107 377 1154 custodiret
394 1143 407 1163 ,
425 1119 635 1170 torquem
662 1106 870 1153 obtulisse
894 1106 1020 1152 collo
1040 1105 1307 1155 abstrafiranfi.
1331 1108 1425 1154 Re-

130 1179 370 1244 motusque
397 1179 444 1226 in
471 1179 564 1244 ipsa
590 1178 811 1242 vertigine
845 1179 1127 1241 pereuntium
1162 1196 1309 1227 rerum
1333 1180 1425 1225 dux

127 1265 282 1301 cautus
303 1256 352 1302 δε
380 1253 566 1317 diligens
588 1270 598 1298 :
621 1269 723 1299 cum
743 1287 756 1310 ‚
782 1251 951 1297 etiamfi
974 1253 1141 1299 dudum
1171 1252 1423 1299 disceffiss'et

133 1327 180 1374 in
215 1327 465 1385 otium‚'ad
495 1325 779 1387 procinctum
814 1325 970 1372 reduci
1003 1326 1292 1390 negotiorum
1331 1342 1422 1372 ma-

133 1400 370 1465 gnitudine
399 1398 614 1461 poscente
639 1398 837 1445 deberet.

199 1475 281 1521 XI.
313 1472 392 1520 His
421 1472 539 1519 forte
569 1472 724 1519 diebus
753 1472 918 1519 Valens
943 1473 1120 1520 tandem
1137 1473 1307 1521 excitus
1332 1475 1423 1520 An·

134 1548 338 1605 tiochia,
373 1547 658 1610 longitudine
695 1546 871 1593 viarum
905 1548 1082 1594 emensa
1122 1548 1251 1594 venit
1289 1548 1433 1598 Con—„-

135 1620 480 1683 stantinopolim
502 1640 513 1667 :
535 1621 612 1667 ubi
643 1634 840 1667 moratus
866 1621 1150 1682 pauciffimos
1167 1623 1287 1679 dies,
1311 1621 1425 1668 sedi-

133 1694 355 1756 tioneque
372 1692 660 1755 popularium
685 1693 777 1739 levi
800 1692 994 1755 pulsatus
1012 1730 1026 1752 ‚
1048 1695 1303 1740 Sebastiano
1322 1711 1427 1757 pau·

135 1766 184 1812 10
201 1778 303 1813 ante
322 1766 379 1812 ab
398 1766 522 1812 Italia
540 1802 554 1824 ‚
572 1779 620 1813 ut
635 1766 840 1829 petierat,
860 1767 988 1814 misso
1003 1795 1021 1824 ι,
1042 1768 1428 1832 vigilantiae-notae

135 1837 337 1896 du'ciori,
365 1839 576 1901 pedestris
611 1839 832 1886 exercitus
867 1857 976 1887 cura
1005 1841 1263 1899 commissa,
1289 1859 1426 1905 quem

136 1911 318 1976 regebat
350 1923 479 1957 antea
507 1909 761 1973 Traianus:
789 1911 882 1974 ipse
909 1913 965 1959 ad
999 1915 1300 1962 Melanthiada
1333 1916 1429 1961 vil-

65 2051 71 2056 ·
136 1985 226 2031 lam
253 1984 548 2032 Caesarianam
577 1985 832 2048 professus,
864 1986 1051 2033 militem
1092 1987 1317 2051 stipendio
1349 1990 1426 2036 fo-

138 2057 308 2114 vebat,
333 2059 382 2104 &
412 2057 632 2104 alimentis
651 2093 664 2114 ‚
701 2059 752 2105 &
783 2058 945 2104 blanda
979 2060 1215 2108 crebritate
1254 2063 1427 2109 sermo·-

140 2149 262 2177 num.
293 2131 425 2177 Unde
457 2149 560 2178 cum
593 2131 752 2178 itinere
780 2132 928 2178 edisto
954 2150 1032 2195 per
1053 2133 1251 2181 tesseram
1278 2135 1427 2181 Nicen

141 2203 362 2259 venisset,
390 2222 491 2267 quae
532 2205 661 2251 statio
693 2205 754 2252 ita
794 2206 1174 2287 cognominatur,
1205 2208 1425 2254 relatione

114 2276 126 2324 s
140 2275 472 2338 speculatorum
502 2279 687 2335 didicit,
706 2277 894 2324 refertos
911 2279 1063 2341 opima
1081 2280 1292 2327 barbaros
1314 2298 1426 2342 prae-

142 2349 197 2395 da
221 2366 246 2395 a
274 2349 537 2412 Rhodopeis
563 2315 772 2396 trafiibus
794 2367 937 2414 prope
957 2353 1333 2416 Hadrianopolim
1355 2370 1427 2400 re—

206 2426 428 2471 Ammian.
453 2427 689 2474 Marcellin.
720 2431 816 2473 Vol.
837 2429 901 2473 ll.
1210 2429 1239 2473 S
