1626 2917
291 172 512 219 RERUM
549 171 900 243 GESTARUM
922 172 1025 219 LIB.
1062 170 1205 219 XVII.
1311 188 1392 233 151

109 275 294 339 Jamque
314 287 530 339 vergente
549 274 595 322 in
615 275 851 338 vesperum
872 276 944 322 die
957 311 971 333 ,
987 293 1087 323 cum
1109 291 1258 322 moras
1276 292 1399 322 rum-

110 366 217 412 pere
235 348 313 395 lux
335 360 543 395 moneret
564 349 789 395 excedens
804 385 819 406 ,
840 348 994 396 erectis
1013 348 1189 396 vexillis
1207 384 1220 405 ‚
1240 348 1286 394 in
1316 365 1398 395 eos

107 421 245 485 igneo
275 420 402 468 miles
433 420 603 483 impetu
640 420 895 467 ferebatur:
928 419 1004 484 qui
1027 419 1253 478 conferti,
1277 420 1399 467 acie-

105 510 197 557 que
230 493 432 541 densiore
464 494 695 541 contrafflt
719 528 733 552 ‚
754 492 960 541 adversus
981 492 1124 555 ipsum
1145 492 1397 556 principem

109 565 296 612 stantem
317 602 331 624 ,
361 578 410 612 ut
444 566 608 613 dictum
635 566 695 612 est
716 603 730 624 ,
757 567 888 613 altius
907 602 921 624 ‚
954 583 1136 613 omnem
1179 565 1397 628 impetum

109 639 396 686 contulerant
416 674 430 696 ,
449 656 549 685 eum
570 639 715 687 o‘culis
734 639 994 685 incessentes
1017 640 1066 685 &
1088 638 1280 685 vocibus
1299 650 1397 683 tru-

107 711 317 758 culentis.
342 710 483 774 Cujus
503 711 672 757 furoris
687 710 922 755 amentiam
944 711 1166 756 exercitus
1190 711 1253 754 ira
1279 709 1395 753 ferre

110 797 210 827 non
241 782 396 845 potuit
424 815 438 836 ‚
473 781 644 845 eosque
681 780 974 842 Imperatori,
1015 793 1065 826 ut
1099 781 1265 827 dicium
1300 778 1398 834 est,

108 853 270 899 acriter
288 852 570 899 imminentes
589 888 603 911 ‚
635 853 856 898 desinente
890 851 935 897 in
959 852 1189 915 angustum
1210 852 1360 898 fronte
1377 885 1395 909 ,

107 940 244 987 quem
273 922 476 971 habitum
511 935 643 987 caput
671 924 798 987 porci
820 923 1073 986 simplicitas
1092 923 1295 971 militaris
1313 941 1395 985 ap-

106 996 274 1059 pellat,
301 996 471 1060 impetu
504 996 678 1059 disjecit
707 995 907 1042 ardenti:
945 997 995 1043 &
1033 997 1187 1042 dextra
1224 995 1395 1058 pedites

107 1079 310 1114 catervas
329 1067 528 1130 peditum
556 1067 915 1121 obtruncabant3
938 1066 1106 1129 equites
1126 1067 1239 1112 laeva
1261 1067 1394 1130 equi-

107 1153 204 1188 tum
245 1141 287 1188 se
332 1140 488 1188 turmis
520 1142 707 1204 agilibus
740 1141 1015 1187 infuderunt.
1057 1141 1242 1188 Cohors
1275 1158 1393 1204 prae-

106 1212 225 1261 toria
245 1249 262 1271 ,
286 1230 345 1261 ex
377 1212 567 1261 adverso
586 1213 831 1277 Augustum
861 1213 1037 1261 cautius
1072 1214 1232 1276 stipans
1248 1250 1263 1271 ‚
1283 1213 1392 1260 resi-

105 1285 316 1334 stentium
335 1287 518 1350 pe&ora
533 1323 547 1346 ,
574 1304 773 1351 moxque
790 1302 912 1351 terga
932 1288 1195 1351 fugientium
1218 1288 1392 1335 incide-

104 1361 213 1409 bat:
242 1363 291 1409 &
323 1362 528 1409 cadentes
561 1361 849 1424 insuperabili
877 1362 1159 1408 contumacia
1183 1361 1393 1419 barbari,

105 1450 204 1480 non
248 1446 338 1480 tam
370 1446 563 1481 mortem
611 1434 796 1492 dolere,
823 1451 955 1497 quam
986 1433 1244 1481 nostrorum
1278 1433 1394 1479 laeti-

108 1507 217 1554 tiam
233 1543 247 1565 ,
274 1508 506 1555 horrendo
536 1507 725 1555 stridore
762 1508 1070 1555 monstrabant
1094 1527 1103 1555 :
1127 1511 1175 1556 &
1197 1509 1393 1571 jacentes

107 1581 276 1645 absque
307 1581 498 1629 mortuis
525 1581 708 1644 plurimi
738 1581 914 1629 succisis
952 1582 1230 1645 poplitibus,
1260 1581 1392 1629 ideo-

106 1668 197 1715 que
234 1652 414 1699 ademto
453 1651 652 1715 fugiendi
684 1653 909 1710 subfidio3
940 1654 1014 1701 alii
1033 1655 1201 1702 dextris
1234 1672 1391 1717 ampu-

106 1724 206 1772 tatis
221 1760 235 1784 ,
255 1725 467 1773 nonnulli
497 1725 618 1772 ferro
642 1726 825 1789 quidem
841 1726 1016 1784 intaffi,
1034 1726 1106 1774 sed
1126 1727 1392 1790 superruen-

109 1797 227 1845 tium
275 1798 417 1846 collisi
459 1798 735 1861 ponderibus
756 1835 770 1858 ,
809 1798 1029 1847 cruciatus
1073 1799 1166 1846 alto
1212 1799 1391 1847 silentio

107 1870 405 1934 perferebant.
429 1873 525 1920 Nec
542 1888 700 1919 eorum
721 1871 950 1936 quisquam
972 1871 1087 1919 inter
1106 1872 1276 1921 diversa
1290 1872 1391 1935 sup-

105 1943 239 2007 plicia
264 1945 446 1992 veniam
464 1945 592 2008 petiit
610 1981 624 2005 ‚
652 1957 729 1992 aut
751 1945 916 1992 ferrum
934 1944 1127 2008 projecit
1143 1982 1158 2005 ,
1178 1957 1254 1993 aut
1272 1962 1389 1992 exo-

105 2017 229 2064 ravit
254 2018 444 2065 celerem
464 2031 657 2066 mortem
677 2037 688 2066 ε
709 2019 783 2066 sed
799 2035 919 2067 arma
938 2019 1098 2084 jugiter
1119 2020 1360 2067 retinentes
1374 2055 1390 2078 ‚

107 2091 215 2139 licet
246 2093 394 2141 affliffi
424 2130 439 2153 ‚
483 2094 631 2142 minus
671 2093 873 2142 criminis
904 2094 1170 2142 aestimabant
1191 2130 1205 2153 ‚
1234 2094 1392 2141 alienis

109 2163 282 2213 viribus
301 2166 472 2228 potius,
486 2184 619 2230 quam
640 2165 925 2214 conscientiae
941 2166 1028 2214 suae
1042 2166 1214 2228 judicio
1236 2167 1388 2215 vinci:

111 2234 439 2300 mussantesque
460 2237 757 2284 audiebantur
777 2236 997 2284 interdum
1012 2273 1025 2296 ‚
1044 2236 1242 2284 fortunae
1258 2273 1272 2295 ,
1295 2253 1390 2284 non

110 2307 278 2366 meriti,
297 2308 439 2367 fuisse,
451 2310 575 2373 quod
591 2310 758 2358 evenit.
783 2313 847 2357 Ita
860 2310 907 2358 in
919 2310 1148 2358 semihorae
1165 2310 1390 2357 curriculo

107 2377 364 2426 discrimine
395 2382 667 2444 proeliorum
701 2382 906 2442 emens0‚
924 2395 994 2429 tot
1014 2383 1299 2446 procubuere
1320 2382 1389 2428 su-

108 2450 207 2499 bito
233 2452 439 2513 barbari,
465 2467 514 2503 ut
532 2472 728 2520 pugnam
749 2455 874 2504 fuiffe
906 2455 1000 2504 sola
1021 2456 1213 2503 victoria
1238 2456 1387 2504 decla-

1017 2531 1065 2578 K
1102 2548 1133 2589 4
