1626 2917
262 254 278 263 ..
325 193 547 242 RERUM
581 194 921 244 GESTARUM
957 197 1061 244 MR.
1090 197 1214 244 xxx.
1317 199 1402 258 263

129 309 277 348 tamen
301 300 504 364 egreius,
523 311 601 357 ut,
625 312 838 365 tanquam
863 301 989 349 hoste
1013 301 1220 367 protinus
1248 319 1408 350 occur·

127 372 251 432 suro,
269 373 396 421 ocius
411 374 719 437 graderentur,
739 375 1036 439 stationesque
1054 375 1295 422 notiurnas
1311 392 1410 438 age·

125 447 292 494 rent&
304 446 505 510 vigilias,
521 465 576 496 ne
593 448 848 512 improviso
863 449 1186 498 invaderentur
1205 448 1409 496 excursu.

189 522 270 569 IX.
289 521 470 581 Quibus
484 522 562 580 ita,
578 535 629 569 ut
647 523 903 579 videbatur,
922 535 1023 586 apte
1043 522 1283 585 dispositis,
1304 538 1408 568 mo-

122 607 188 654 r‘e,
203 611 297 659 quo
314 597 474 644 trafilus
488 608 752 660 perruperat
766 596 879 659 saepe
897 595 1169 654 barbaricos,
1184 595 1410 643 contextis

122 667 385 717 successibus
404 667 545 716 fidens
560 705 575 728 ,
592 670 840 733 porreffius
859 669 922 717 ire
953 670 1178 734 pergebat.
1200 670 1408 732 Cumque

121 742 180 792 ad
198 742 352 792 locum
377 742 597 801 veniffet‚
626 744 746 791 unde
772 743 977 807 navigari
1004 743 1127 806 posse
1147 743 1300 791 didicit
1321 742 1410 790 flu·-

121 832 224 863 men
246 851 260 874 ‚
278 817 435 865 lembis
462 816 646 868 ascensis
661 852 674 877 ‚
696 832 812 881 quos
831 828 1092 880 opportune
1112 816 1206 864 fors
1227 815 1410 862 dederat

120 888 373 950 plurimos,
400 906 481 951 per
502 889 685 938 alveum
713 888 962 952 (quantum
993 887 1089 935 fieri
1115 887 1306 950 potuit)
1339 886 1408 933 fe-

120 962 302 1009 rebatur
333 963 514 1011 occulte
533 981 546 1010 :
572 963 676 1013 ideo
709 963 850 1014 latens
867 998 879 1020 ,
915 962 1041 1025 quod
1078 962 1323 1008 toleranter
1360 962 1409 1008 δέ

120 1034 303 1083 fortiter
325 1037 487 1084 nullius
508 1036 597 1086 cibi
625 1036 831 1101 indigens
859 1034 1141 1093 mundioris,
1161 1033 1234 1081 sed
1257 1033 1408 1095 paucis

120 1120 365 1158 contentus
387 1111 435 1159 &
453 1108 648 1169 vilibus,
671 1109 837 1174 oppida
855 1109 1105 1157 forinsecus
1125 1106 1338 1155 tranfibat
1359 1108 1408 1154 δε

92 1182 95 1184 ’
121 1180 261 1229 castra
278 1199 289 1228 ε
309 1181 508 1230 imitatus
526 1182 750 1247 egregium
772 1182 883 1235 illud
901 1181 1020 1246 Cyri
1038 1180 1204 1242 veteris
1223 1179 1408 1237 dfflum,

123 1256 220 1318 qui,
242 1273 346 1304 cum
365 1255 536 1303 delatus
551 1257 606 1305 ad
621 1256 842 1320 hospitem
857 1293 870 1312 ‚
887 1255 1242 1320 interrogaretur
1256 1254 1311 1300 ab
1329 1269 1406 1311 eo,

125 1328 230 1390 quid
250 1329 305 1376 ad
329 1327 600 1376 convivium
625 1329 770 1392 parari
791 1329 1001 1387 deberet,
1034 1344 1194 1391 panem
1211 1326 1404 1388 respon-

124 1401 244 1447 derat
268 1399 443 1448 solum:
463 1400 636 1461 sperare
664 1400 784 1447 enim
815 1399 984 1460 ajebat,
1012 1395 1333 1461 prope'rivum
1362 1397 1406 1442 se

126 1485 425 1521 coenaturum.
442 1475 573 1520 fama
591 1490 726 1532 vero,
743 1491 842 1535 quae
862 1473 1003 1529 mille,
1016 1488 1065 1518 ut
1085 1470 1228 1529 ajunt,
1242 1468 1407 1532 linguis

124 1562 270 1594 rerum
290 1545 447 1593 misere
469 1561 708 1610 exaggerat
739 1546 873 1594 fidem
893 1581 906 1603 ‚
933 1562 1012 1608 per
1037 1543 1222 1608 Illyrios
1247 1558 1406 1589 omnes

123 1619 342 1669 celebrior
370 1619 666 1679 fundebatur,
694 1619 944 1677 Julianum,
972 1618 1101 1664 strata
1128 1633 1208 1679 per
1235 1615 1406 1662 Gallias

123 1693 411 1744 multitudine
431 1712 587 1759 regum
607 1697 656 1742 δε
672 1694 874 1759 gentium
892 1727 906 1753 ‚
939 1692 1181 1740 numeroso
1201 1689 1404 1738 exercitu

121 1769 173 1816 &
198 1767 460 1823 succeffibus
479 1769 705 1816 tumidum
731 1769 865 1815 variis
896 1768 1150 1816 adventare.
1180 1768 1292 1826 Quo
1325 1781 1404 1810 ru=

112 1833 250 1889 ‘more
278 1841 504 1905 perculsus
520 1841 751 1905 praefectus
777 1842 996 1905 praetorio
1019 1843 1196 1889 Taurus
1213 1878 1225 1899 ,
1245 1853 1294 1887 ut
1314 1841 1402 1886 hoa

119 1914 227 1963 stem
246 1916 389 1965 vitans
407 1928 611 1964 exterum
631 1928 804 1964 mature
819 1916 1031 1964 discessit:
1048 1914 1286 1977 veclusque
1300 1932 1405 1961 niu-

118 1987 293 2035 tatione
328 1988 460 2036 celeri
490 1989 642 2035 cursus
666 1988 866 2051 publici,
892 1988 1084 2036 transitis
1103 1988 1298 2051 Alpibus
1323 1989 1404 2035 Ju-

119 2057 221 2117 liis,
242 2060 402 2107 eodem
438 2060 528 2108 ielu
559 2061 834 2109 Florentium
857 2061 1010 2108 itidem
1042 2061 1298 2125 praefefhim
1333 2060 1404 2107 se-

121 2147 222 2178 cum
248 2132 447 2182 abduxit.
478 2134 675 2183 Levibus
700 2147 847 2181 tamen
877 2133 1055 2182 indiciis
1080 2134 1208 2197 super
1240 2131 1402 2182 Iuliani

120 2216 248 2252 motu
273 2206 542 2254 Lucillianus
569 2207 764 2270 percitus
785 2221 966 2264 comes,
998 2207 1079 2271 qui
1099 2224 1178 2270 per
1206 2206 1300 2255 illas
1332 2222 1405 2252 re·-

120 2278 277 2342 giones
297 2297 389 2328 rem
409 2281 593 2328 curabat
608 2298 657 2328 ea
673 2280 931 2344 tempestate
949 2281 1207 2329 castrensem
1221 2316 1235 2339 ‚
1252 2278 1407 2344 agens-

118 2369 207 2416 que
228 2355 345 2416 apud
359 2355 566 2402 Sirmium
583 2390 598 2414 ‚
616 2355 780 2403 milites
798 2371 1092 2420 congregans,
1113 2372 1229 2421 quos
1249 2372 1304 2402 ex
1319 2354 1405 2400 sta-

118 2426 319 2474 tionibus
333 2429 528 2491 propriis
550 2428 685 2477 acciri
705 2429 942 2478 celeritatis
962 2430 1078 2478 ratio
1101 2428 1405 2493 permittebat,

118 2511 316 2550 venturo
343 2502 537 2551 resistere
559 2502 798 2568 cogitabat.
825 2504 910 2552 Sed
929 2503 1003 2551 ille
1016 2539 1029 2563 5,
1048 2516 1099 2550 ut
1122 2502 1215 2562 fax,
1239 2501 1313 2548 vel
1339 2500 1406 2546 in-

1040 2577 1079 2621 R
1117 2593 1144 2634 4
