1626 2917
290 58 507 107 RERUM
542 59 886 108 GESTARUM
922 61 1026 107 LIB.
1064 59 1243 108 XXVI.
1346 59 1407 123 87

112 164 376 226 composita,
401 165 604 226 restabat,
623 180 672 215 ut
687 167 916 214 abundans
938 178 1175 230 cogeretur
1201 166 1398 215 militum

116 253 301 285 manus:
334 240 384 286 δε
410 238 695 302 impetratum
727 240 788 287 est
824 240 953 288 fac-ile
972 276 986 299 ,
1012 240 1056 287 id
1084 241 1211 304 quod
1238 240 1285 287 in
1316 257 1406 303 pu-

117 308 243 356 blicis
268 310 564 358 turbamentis
593 312 829 376 aliquoties
854 312 954 360 ausa
986 311 1212 376 ingentia,
1232 313 1307 360 vel
1329 311 1402 373 ju-

112 383 182 431 stis
200 383 357 430 exorsa
378 383 637 446 primordiis
654 385 905 448 impedivit.
924 385 1224 431 Transeuntes
1244 385 1299 431 ad
1317 401 1399 431 ex-

109 456 386 518 peditionem
412 473 493 518 per
521 457 740 504 Thracias
770 456 1010 504 concitatae
1038 456 1242 518 equitum
1275 457 1399 518 pedi-

110 535 296 590 tumque
327 540 488 573 turmae
509 563 526 584 ,
554 527 806 591 blandeque
847 539 1042 590 acceptae
1077 528 1128 574 ὅ(
1157 527 1402 574 liberaliter

109 615 215 646 cum
239 599 404 658 effent,
423 599 669 664 omnesque
695 601 741 653 in
760 618 900 647 unum
928 600 1044 658 fitae,
1063 599 1241 662 jamque
1267 616 1400 646 exer-

110 671 226 720 citus
252 671 418 735 species
438 685 670 736 appareret
690 690 702 719 ε
722 673 944 737 promiffis
967 672 1203 719 uberrimis
1223 672 1400 719 inhian-

109 757 174 793 tes
186 782 200 805 ,
219 746 300 793 sub
318 746 699 795 exsecrationibus
716 746 824 793 diris
842 747 888 793 in
909 746 1047 794 verba
1062 745 1269 807 juravere
1288 747 1401 792 Pro-

106 819 262 882 copii:
293 819 408 866 hanc
435 819 633 882 polliciti
665 819 957 883 pertinaciam
983 855 997 876 ,
1021 820 1147 882 quod
1175 836 1275 865 eum
1309 818 1400 865 suis

104 890 234 937 armis
253 890 560 948 defensabunt.
587 893 776 938 Inventa
807 891 870 937 est
901 890 1022 937 enim
1043 890 1224 938 occasio
1255 891 1308 937 ad
1332 891 1399 936 al-

105 962 326 1010 liciendos
349 979 428 1010 eos
444 979 657 1027 perquam
677 975 939 1025 opportuna
960 998 975 1021 ,
996 964 1122 1027 quod
1138 963 1396 1010 Constantii

105 1033 240 1080 filiam
270 1034 505 1097 parvulam
523 1068 538 1092 ,
561 1032 689 1097 cujus
716 1033 977 1081 recordatio
1002 1033 1235 1081 colebatur
1255 1069 1269 1092 ‚
1295 1035 1395 1082 finu

103 1107 194 1170 ipse
222 1107 573 1166 circumferens,
603 1107 971 1155 necessitudinem
1001 1107 1307 1170 praetendebat
1343 1110 1395 1155 &

103 1181 278 1230 Iuliani.
311 1181 600 1245 Adeptusque
634 1180 695 1227 est
717 1179 836 1226 aliud
866 1180 1063 1242 tempori
1102 1197 1393 1244 congruum,

104 1255 230 1319 quod
245 1254 450 1302 Faustina
472 1266 612 1301 matre
631 1252 789 1315 puellae
807 1251 906 1300 casu
928 1252 1170 1315 praesente,
1185 1255 1392 1316 quaedam

102 1339 332 1391 acceperat
358 1327 536 1374 habitus
561 1326 728 1389 insigna
758 1325 1032 1389 principalis.
1064 1326 1278 1389 Adiungit
1322 1327 1392 1375 his

102 1403 224 1449 aliud
253 1402 407 1450 veloci
433 1402 662 1466 diligentia
691 1400 1001 1448 maturandum
1024 1418 1034 1447 :
1058 1401 1106 1446 &
1131 1400 1260 1447 eleffl
1288 1401 1392 1464 qui-

102 1479 201 1524 dam
241 1477 481 1526 stoliditate
520 1477 773 1542 praecipites
805 1476 857 1522 ad
888 1475 1199 1538 capessendum
1233 1476 1390 1539 lllyri-

102 1568 203 1598 cum
221 1551 333 1598 miffi
356 1550 481 1609 sunt,
502 1550 630 1598 nullo
654 1561 816 1613 praeter
836 1548 1130 1611 petulantiam
1153 1547 1388 1608 adjumen-

99 1636 148 1670 to
175 1622 353 1682 confisi,
370 1640 528 1677 aureos
546 1623 713 1673 scilicet
731 1638 944 1670 nummos
969 1622 1186 1686 effigiatos
1211 1621 1258 1667 in
1281 1622 1387 1669 vul»-

98 1709 192 1756 tum
216 1698 332 1745 novi
355 1697 600 1761 Principis,
623 1698 799 1761 aliaque
827 1697 881 1744 ad
903 1695 1132 1743 illecebras
1156 1708 1356 1759 aptantes
1371 1714 1386 1743 ε

99 1787 215 1835 quos
240 1785 477 1833 correptos
507 1772 712 1836 Equitius
745 1788 822 1834 per
845 1787 916 1818 eas
949 1770 1156 1834 regiones
1187 1769 1381 1816 militum

97 1844 244 1890 reetor
273 1843 485 1890 exstinxit
514 1861 675 1908 genere
692 1843 871 1892 diverso
884 1860 1146 1907 poenarum.
1167 1844 1383 1906 Pariaque

97 1916 257 1963 deinde
277 1929 478 1964 metuens
495 1953 510 1976 ‚
526 1916 749 1965 obstruxit
772 1930 859 1966 tres
878 1917 1021 1965 aditus
1041 1916 1382 1980 angustissimos,

97 2006 177 2051 per
209 2006 326 2052 quos
362 1992 616 2053 provinciae
644 2002 872 2039 tentantur
895 1991 1072 2039 Aretoae
1094 2025 1109 2048 ,
1139 2007 1278 2037 unum
1301 2007 1381 2053 per

95 2062 311 2124 ripensem
333 2064 523 2111 Daciam
541 2101 554 2122 ‚
573 2065 763 2112 alterum
785 2082 865 2129 per
882 2067 1052 2113 Succos
1070 2065 1346 2112 notiffimum
1365 2100 1380 2122 ‚

95 2135 277 2183 tertium
302 2153 380 2199 per
410 2139 714 2197 Macedonas,
745 2156 878 2204 quem
906 2138 1135 2203 appellant
1167 2136 1382 2186 Acontis-

94 2223 177 2253 ma.
213 2208 399 2272 Hacque
430 2211 623 2268 cautela,
646 2228 764 2258 vana
783 2211 1067 2274 persuasione
1097 2210 1296 2274 rapiendi
1320 2209 1379 2254 11-

91 2279 226 2343 lyrici
252 2282 484 2329 destitutus
503 2283 740 2346 usurpator
762 2283 973 2331 indebitae
999 2283 1258 2348 potestatis,
1281 2298 1377 2328 ma-

92 2369 177 2416 gna
208 2354 400 2416 perdidit
437 2355 729 2405 instrumenta
763 2355 1002 2405 bellorum.
1029 2357 1156 2403 Dum
1183 2355 1282 2402 haec
1314 2353 1376 2400 ita

1025 2430 1055 2474 F
1092 2447 1121 2481 ,t
