<?xml version="1.0" encoding="UTF-8"?>
<!DOCTYPE html PUBLIC "-//W3C//DTD XHTML 1.0 Transitional//EN"
    "http://www.w3.org/TR/xhtml1/DTD/xhtml1-transitional.dtd">
<html xmlns="http://www.w3.org/1999/xhtml" xml:lang="en" lang="en">
 <head>
  <title>
</title>
<meta http-equiv="Content-Type" content="text/html;charset=utf-8" />
  <meta name='ocr-system' content='tesseract 3.04.00' />
  <meta name='ocr-capabilities' content='ocr_page ocr_carea ocr_par ocr_line ocrx_word'/>
</head>
<body>
  <div class='ocr_page' id='page_1' title='image "./rerumgestarumqui00ammiuoft_0218.png"; bbox 0 0 1626 2917; ppageno 0'>
   <div class='ocr_carea' id='block_1_1' title="bbox 171 198 1233 256">
    <p class='ocr_par' dir='ltr' id='par_1_1' title="bbox 171 198 1233 256">
     <span class='ocr_line' id='line_1_1' title="bbox 171 198 1233 256; baseline 0.001 -14"><span class='ocrx_word' id='word_1_1' title='bbox 171 214 257 256; x_wconf 68' lang='lat'>154</span> <span class='ocrx_word' id='word_1_2' title='bbox 374 198 706 243; x_wconf 58' lang='lat' dir='ltr'>mmmm</span> <span class='ocrx_word' id='word_1_3' title='bbox 757 198 1233 243; x_wconf 48' lang='lat' dir='ltr'>§.timentium</span> 
     </span>
    </p>
   </div>
   <div class='ocr_carea' id='block_1_2' title="bbox 147 302 1484 2536">
    <p class='ocr_par' dir='ltr' id='par_1_2' title="bbox 147 302 1484 2536">
     <span class='ocr_line' id='line_1_2' title="bbox 162 302 1443 366; baseline 0.001 -17"><span class='ocrx_word' id='word_1_4' title='bbox 162 304 252 350; x_wconf 81' lang='lat' dir='ltr'>fusa</span> <span class='ocrx_word' id='word_1_5' title='bbox 276 321 352 365; x_wconf 80' lang='lat' dir='ltr'>per</span> <span class='ocrx_word' id='word_1_6' title='bbox 377 304 511 366; x_wconf 77' lang='lat' dir='ltr'>spatia</span> <span class='ocrx_word' id='word_1_7' title='bbox 536 303 678 365; x_wconf 86' lang='lat' dir='ltr'>ampla</span> <span class='ocrx_word' id='word_1_8' title='bbox 716 320 976 364; x_wconf 87' lang='lat' dir='ltr'>camporum</span> <span class='ocrx_word' id='word_1_9' title='bbox 995 337 1008 358; x_wconf 90' lang='lat'>‚</span> <span class='ocrx_word' id='word_1_10' title='bbox 1031 322 1129 351; x_wconf 86' lang='lat' dir='ltr'>cum</span> <span class='ocrx_word' id='word_1_11' title='bbox 1154 302 1410 365; x_wconf 81' lang='lat' dir='ltr'>parentibus</span> <span class='ocrx_word' id='word_1_12' title='bbox 1428 339 1443 362; x_wconf 92' lang='lat'>‚</span> 
     </span>
     <span class='ocr_line' id='line_1_3' title="bbox 159 376 1441 440; baseline -0.002 -14"><span class='ocrx_word' id='word_1_13' title='bbox 159 381 207 426; x_wconf 82' lang='lat'>&amp;</span> <span class='ocrx_word' id='word_1_14' title='bbox 232 379 341 424; x_wconf 71' lang='lat' dir='ltr'>natis</span> <span class='ocrx_word' id='word_1_15' title='bbox 357 415 370 435; x_wconf 85' lang='lat'>,</span> <span class='ocrx_word' id='word_1_16' title='bbox 391 393 522 439; x_wconf 80' lang='lat' dir='ltr'>atque</span> <span class='ocrx_word' id='word_1_17' title='bbox 536 376 832 439; x_wconf 75' lang='lat' dir='ltr'>conjugibus,</span> <span class='ocrx_word' id='word_1_18' title='bbox 853 393 1080 440; x_wconf 88' lang='lat' dir='ltr'>opumque</span> <span class='ocrx_word' id='word_1_19' title='bbox 1100 378 1291 434; x_wconf 86' lang='lat' dir='ltr'>vilitate,</span> <span class='ocrx_word' id='word_1_20' title='bbox 1307 395 1441 440; x_wconf 88' lang='lat' dir='ltr'>quam</span> 
     </span>
     <span class='ocr_line' id='line_1_4' title="bbox 158 449 1440 514; baseline 0 -17"><span class='ocrx_word' id='word_1_21' title='bbox 158 451 221 497; x_wconf 77' lang='lat' dir='ltr'>eis</span> <span class='ocrx_word' id='word_1_22' title='bbox 254 451 492 496; x_wconf 78' lang='lat' dir='ltr'>celeritatis</span> <span class='ocrx_word' id='word_1_23' title='bbox 526 449 642 495; x_wconf 88' lang='lat' dir='ltr'>ratio</span> <span class='ocrx_word' id='word_1_24' title='bbox 671 449 808 495; x_wconf 83' lang='lat' dir='ltr'>furari</span> <span class='ocrx_word' id='word_1_25' title='bbox 843 451 1049 511; x_wconf 74' lang='lat' dir='ltr'>permitit.</span> <span class='ocrx_word' id='word_1_26' title='bbox 1088 452 1142 496; x_wconf 85' lang='lat' dir='ltr'>Et</span> <span class='ocrx_word' id='word_1_27' title='bbox 1163 450 1241 514; x_wconf 92' lang='lat' dir='ltr'>qui</span> <span class='ocrx_word' id='word_1_28' title='bbox 1269 451 1440 497; x_wconf 76' lang='lat' dir='ltr'>animas</span> 
     </span>
     <span class='ocr_line' id='line_1_5' title="bbox 157 522 1440 586; baseline 0.001 -17"><span class='ocrx_word' id='word_1_29' title='bbox 157 524 354 569; x_wconf 76' lang='lat' dir='ltr'>amittere</span> <span class='ocrx_word' id='word_1_30' title='bbox 377 522 543 583; x_wconf 75' lang='lat' dir='ltr'>potiuS,</span> <span class='ocrx_word' id='word_1_31' title='bbox 560 539 690 584; x_wconf 87' lang='lat' dir='ltr'>quam</span> <span class='ocrx_word' id='word_1_32' title='bbox 714 523 816 586; x_wconf 78' lang='lat' dir='ltr'>cogi</span> <span class='ocrx_word' id='word_1_33' title='bbox 839 522 980 569; x_wconf 88' lang='lat' dir='ltr'>solum</span> <span class='ocrx_word' id='word_1_34' title='bbox 1003 536 1195 581; x_wconf 88' lang='lat' dir='ltr'>vertere,</span> <span class='ocrx_word' id='word_1_35' title='bbox 1217 525 1440 586; x_wconf 87' lang='lat' dir='ltr'>putaban-</span> 
     </span>
     <span class='ocr_line' id='line_1_6' title="bbox 156 593 1442 651; baseline 0.002 -11"><span class='ocrx_word' id='word_1_36' title='bbox 156 607 260 651; x_wconf 88' lang='lat' dir='ltr'>tur,</span> <span class='ocrx_word' id='word_1_37' title='bbox 289 594 393 639; x_wconf 88' lang='lat' dir='ltr'>dum</span> <span class='ocrx_word' id='word_1_38' title='bbox 423 593 632 640; x_wconf 81' lang='lat' dir='ltr'>licentem</span> <span class='ocrx_word' id='word_1_39' title='bbox 658 594 895 641; x_wconf 80' lang='lat' dir='ltr'>amentiam</span> <span class='ocrx_word' id='word_1_40' title='bbox 932 595 1180 642; x_wconf 87' lang='lat' dir='ltr'>libertatem</span> <span class='ocrx_word' id='word_1_41' title='bbox 1215 597 1442 643; x_wconf 79' lang='lat' dir='ltr'>existima·</span> 
     </span>
     <span class='ocr_line' id='line_1_7' title="bbox 157 667 1442 730; baseline 0.003 -18"><span class='ocrx_word' id='word_1_42' title='bbox 157 679 278 720; x_wconf 80' lang='lat' dir='ltr'>rent,</span> <span class='ocrx_word' id='word_1_43' title='bbox 302 683 455 727; x_wconf 84' lang='lat' dir='ltr'>parere</span> <span class='ocrx_word' id='word_1_44' title='bbox 475 667 673 728; x_wconf 84' lang='lat' dir='ltr'>imperiis</span> <span class='ocrx_word' id='word_1_45' title='bbox 693 702 706 723; x_wconf 88' lang='lat'>,</span> <span class='ocrx_word' id='word_1_46' title='bbox 746 669 795 714; x_wconf 69' lang='grc' dir='ltr'>ὅ(</span> <span class='ocrx_word' id='word_1_47' title='bbox 828 667 946 714; x_wconf 89' lang='lat' dir='ltr'>sedes</span> <span class='ocrx_word' id='word_1_48' title='bbox 977 668 1082 713; x_wconf 85' lang='lat' dir='ltr'>alias</span> <span class='ocrx_word' id='word_1_49' title='bbox 1102 667 1316 730; x_wconf 78' lang='lat' dir='ltr'>suscipere</span> <span class='ocrx_word' id='word_1_50' title='bbox 1344 670 1442 716; x_wconf 89' lang='lat' dir='ltr'>sunt</span> 
     </span>
     <span class='ocr_line' id='line_1_8' title="bbox 147 736 1444 801; baseline 0.002 -16"><span class='ocrx_word' id='word_1_51' title='bbox 147 739 306 785; x_wconf 73' lang='lat' dir='ltr'>assensi</span> <span class='ocrx_word' id='word_1_52' title='bbox 329 738 590 801; x_wconf 84' lang='lat' dir='ltr'>tranquillas</span> <span class='ocrx_word' id='word_1_53' title='bbox 608 739 656 784; x_wconf 83' lang='lat'>&amp;</span> <span class='ocrx_word' id='word_1_54' title='bbox 680 736 786 784; x_wconf 80' lang='lat' dir='ltr'>fidas</span> <span class='ocrx_word' id='word_1_55' title='bbox 806 754 819 793; x_wconf 92' lang='lat'>;</span> <span class='ocrx_word' id='word_1_56' title='bbox 842 751 890 784; x_wconf 88' lang='lat' dir='ltr'>ut</span> <span class='ocrx_word' id='word_1_57' title='bbox 909 755 990 786; x_wconf 90' lang='lat' dir='ltr'>nec</span> <span class='ocrx_word' id='word_1_58' title='bbox 1010 739 1135 786; x_wconf 79' lang='lat' dir='ltr'>bellis</span> <span class='ocrx_word' id='word_1_59' title='bbox 1152 740 1304 786; x_wconf 67' lang='lat' dir='ltr'>vexari</span> <span class='ocrx_word' id='word_1_60' title='bbox 1323 776 1336 797; x_wconf 92' lang='lat'>‚</span> <span class='ocrx_word' id='word_1_61' title='bbox 1359 757 1444 788; x_wconf 88' lang='lat' dir='ltr'>nec</span> 
     </span>
     <span class='ocr_line' id='line_1_9' title="bbox 156 811 1442 873; baseline -0.001 -14"><span class='ocrx_word' id='word_1_62' title='bbox 156 811 317 859; x_wconf 79' lang='lat' dir='ltr'>mutari</span> <span class='ocrx_word' id='word_1_63' title='bbox 339 811 631 857; x_wconf 79' lang='lat' dir='ltr'>seditionibus</span> <span class='ocrx_word' id='word_1_64' title='bbox 658 811 838 873; x_wconf 84' lang='lat' dir='ltr'>poffint.</span> <span class='ocrx_word' id='word_1_65' title='bbox 863 811 1107 873; x_wconf 82' lang='lat' dir='ltr'>Iisdemque</span> <span class='ocrx_word' id='word_1_66' title='bbox 1128 829 1182 857; x_wconf 77' lang='lat' dir='ltr'>ex</span> <span class='ocrx_word' id='word_1_67' title='bbox 1201 813 1410 859; x_wconf 85' lang='lat' dir='ltr'>sententia</span> <span class='ocrx_word' id='word_1_68' title='bbox 1427 850 1442 871; x_wconf 93' lang='lat'>‚</span> 
     </span>
     <span class='ocr_line' id='line_1_10' title="bbox 156 884 1440 947; baseline 0.001 -16"><span class='ocrx_word' id='word_1_69' title='bbox 156 898 208 931; x_wconf 86' lang='lat' dir='ltr'>ut</span> <span class='ocrx_word' id='word_1_70' title='bbox 252 884 539 941; x_wconf 79' lang='lat' dir='ltr'>credebatur,</span> <span class='ocrx_word' id='word_1_71' title='bbox 574 884 792 944; x_wconf 83' lang='lat' dir='ltr'>acceptis,</span> <span class='ocrx_word' id='word_1_72' title='bbox 817 884 1029 947; x_wconf 88' lang='lat' dir='ltr'>quievere</span> <span class='ocrx_word' id='word_1_73' title='bbox 1052 885 1272 946; x_wconf 84' lang='lat' dir='ltr'>paulisper</span> <span class='ocrx_word' id='word_1_74' title='bbox 1292 920 1305 941; x_wconf 94' lang='lat'>,</span> <span class='ocrx_word' id='word_1_75' title='bbox 1338 886 1440 947; x_wconf 86' lang='lat' dir='ltr'>post</span> 
     </span>
     <span class='ocr_line' id='line_1_11' title="bbox 158 955 1444 1017; baseline -0.002 -13"><span class='ocrx_word' id='word_1_76' title='bbox 158 957 332 1004; x_wconf 82' lang='lat' dir='ltr'>feritate</span> <span class='ocrx_word' id='word_1_77' title='bbox 355 957 506 1002; x_wconf 82' lang='lat' dir='ltr'>nativa</span> <span class='ocrx_word' id='word_1_78' title='bbox 528 955 573 1000; x_wconf 91' lang='lat' dir='ltr'>in</span> <span class='ocrx_word' id='word_1_79' title='bbox 594 955 771 1001; x_wconf 78' lang='lat' dir='ltr'>exitiale</span> <span class='ocrx_word' id='word_1_80' title='bbox 797 955 936 1003; x_wconf 85' lang='lat' dir='ltr'>scelus</span> <span class='ocrx_word' id='word_1_81' title='bbox 965 956 1095 1001; x_wconf 69' lang='lat' dir='ltr'>ereffi</span> <span class='ocrx_word' id='word_1_82' title='bbox 1113 991 1124 1011; x_wconf 88' lang='lat'>,</span> <span class='ocrx_word' id='word_1_83' title='bbox 1156 969 1204 1001; x_wconf 86' lang='lat' dir='ltr'>ut</span> <span class='ocrx_word' id='word_1_84' title='bbox 1236 972 1444 1017; x_wconf 78' lang='lat' dir='ltr'>congruo</span> 
     </span>
     <span class='ocr_line' id='line_1_12' title="bbox 158 1027 1443 1090; baseline -0.002 -14"><span class='ocrx_word' id='word_1_85' title='bbox 158 1030 399 1076; x_wconf 85' lang='lat' dir='ltr'>docebitur</span> <span class='ocrx_word' id='word_1_86' title='bbox 420 1041 557 1075; x_wconf 76' lang='lat' dir='ltr'>textu.</span> <span class='ocrx_word' id='word_1_87' title='bbox 586 1029 689 1074; x_wconf 86' lang='lat' dir='ltr'>Hoc</span> <span class='ocrx_word' id='word_1_88' title='bbox 710 1045 854 1074; x_wconf 82' lang='lat' dir='ltr'>rerum</span> <span class='ocrx_word' id='word_1_89' title='bbox 878 1027 1093 1090; x_wconf 86' lang='lat' dir='ltr'>prospero</span> <span class='ocrx_word' id='word_1_90' title='bbox 1116 1042 1321 1074; x_wconf 78' lang='lat' dir='ltr'>currente</span> <span class='ocrx_word' id='word_1_91' title='bbox 1342 1028 1443 1074; x_wconf 85' lang='lat' dir='ltr'>suc-</span> 
     </span>
     <span class='ocr_line' id='line_1_13' title="bbox 159 1101 1484 1164; baseline -0.002 -13"><span class='ocrx_word' id='word_1_92' title='bbox 159 1104 276 1151; x_wconf 76' lang='lat' dir='ltr'>cefl‘u</span> <span class='ocrx_word' id='word_1_93' title='bbox 294 1139 306 1160; x_wconf 93' lang='lat'>,</span> <span class='ocrx_word' id='word_1_94' title='bbox 327 1103 463 1149; x_wconf 86' lang='lat' dir='ltr'>tutela</span> <span class='ocrx_word' id='word_1_95' title='bbox 485 1101 672 1164; x_wconf 88' lang='lat' dir='ltr'>Illyrico</span> <span class='ocrx_word' id='word_1_96' title='bbox 693 1114 953 1161; x_wconf 85' lang='lat' dir='ltr'>competens</span> <span class='ocrx_word' id='word_1_97' title='bbox 977 1102 1150 1162; x_wconf 73' lang='lat' dir='ltr'>gemina</span> <span class='ocrx_word' id='word_1_98' title='bbox 1178 1101 1238 1146; x_wconf 84' lang='lat' dir='ltr'>est</span> <span class='ocrx_word' id='word_1_99' title='bbox 1266 1101 1442 1148; x_wconf 88' lang='lat' dir='ltr'>ratione</span> <span class='ocrx_word' id='word_1_100' title='bbox 1482 1130 1484 1132; x_wconf 96' lang='lat'>·</span> 
     </span>
     <span class='ocr_line' id='line_1_14' title="bbox 158 1172 1442 1236; baseline -0.002 -16"><span class='ocrx_word' id='word_1_101' title='bbox 158 1174 356 1220; x_wconf 80' lang='lat' dir='ltr'>firmata:</span> <span class='ocrx_word' id='word_1_102' title='bbox 390 1173 516 1235; x_wconf 84' lang='lat' dir='ltr'>cujus</span> <span class='ocrx_word' id='word_1_103' title='bbox 546 1172 714 1236; x_wconf 80' lang='lat' dir='ltr'>negotii</span> <span class='ocrx_word' id='word_1_104' title='bbox 736 1173 956 1234; x_wconf 85' lang='lat' dir='ltr'>duplicem</span> <span class='ocrx_word' id='word_1_105' title='bbox 980 1173 1332 1234; x_wconf 64' lang='lat' dir='ltr'>magnitudinem</span> <span class='ocrx_word' id='word_1_106' title='bbox 1352 1176 1442 1218; x_wconf 88' lang='lat' dir='ltr'>lm-</span> 
     </span>
     <span class='ocr_line' id='line_1_15' title="bbox 157 1242 1442 1308; baseline 0 -18"><span class='ocrx_word' id='word_1_107' title='bbox 157 1259 339 1307; x_wconf 78' lang='lat' dir='ltr'>perator</span> <span class='ocrx_word' id='word_1_108' title='bbox 356 1244 571 1308; x_wconf 73' lang='lat' dir='ltr'>aggressus</span> <span class='ocrx_word' id='word_1_109' title='bbox 588 1281 601 1302; x_wconf 87' lang='lat'>,</span> <span class='ocrx_word' id='word_1_110' title='bbox 623 1257 856 1306; x_wconf 88' lang='lat' dir='ltr'>utramque</span> <span class='ocrx_word' id='word_1_111' title='bbox 875 1242 1073 1305; x_wconf 80' lang='lat' dir='ltr'>perfecit.</span> <span class='ocrx_word' id='word_1_112' title='bbox 1095 1243 1275 1290; x_wconf 72' lang='lat' dir='ltr'>Exsules</span> <span class='ocrx_word' id='word_1_113' title='bbox 1297 1262 1442 1307; x_wconf 87' lang='lat' dir='ltr'>popu-</span> 
     </span>
     <span class='ocr_line' id='line_1_16' title="bbox 159 1317 1442 1378; baseline 0 -15"><span class='ocrx_word' id='word_1_114' title='bbox 159 1318 229 1363; x_wconf 84' lang='lat' dir='ltr'>los</span> <span class='ocrx_word' id='word_1_115' title='bbox 243 1353 258 1374; x_wconf 93' lang='lat'>,</span> <span class='ocrx_word' id='word_1_116' title='bbox 278 1317 379 1363; x_wconf 87' lang='lat' dir='ltr'>licet</span> <span class='ocrx_word' id='word_1_117' title='bbox 396 1317 646 1363; x_wconf 82' lang='lat' dir='ltr'>mobilitate</span> <span class='ocrx_word' id='word_1_118' title='bbox 666 1317 906 1378; x_wconf 55' lang='lat' dir='ltr'>suspecqos,</span> <span class='ocrx_word' id='word_1_119' title='bbox 928 1318 1104 1361; x_wconf 60' lang='lat' dir='ltr'>aeturos</span> <span class='ocrx_word' id='word_1_120' title='bbox 1124 1330 1269 1362; x_wconf 90' lang='lat' dir='ltr'>tamen</span> <span class='ocrx_word' id='word_1_121' title='bbox 1305 1317 1442 1377; x_wconf 82' lang='lat' dir='ltr'>paulo</span> 
     </span>
     <span class='ocr_line' id='line_1_17' title="bbox 158 1386 1442 1441; baseline 0 -7"><span class='ocrx_word' id='word_1_122' title='bbox 158 1389 457 1435; x_wconf 83' lang='lat' dir='ltr'>verecundius</span> <span class='ocrx_word' id='word_1_123' title='bbox 472 1423 483 1441; x_wconf 82' lang='lat'>,</span> <span class='ocrx_word' id='word_1_124' title='bbox 501 1387 678 1433; x_wconf 87' lang='lat' dir='ltr'>tandem</span> <span class='ocrx_word' id='word_1_125' title='bbox 701 1387 905 1433; x_wconf 60' lang='lat' dir='ltr'>reductos</span> <span class='ocrx_word' id='word_1_126' title='bbox 927 1387 971 1432; x_wconf 91' lang='lat' dir='ltr'>in</span> <span class='ocrx_word' id='word_1_127' title='bbox 992 1387 1124 1432; x_wconf 86' lang='lat' dir='ltr'>avitis</span> <span class='ocrx_word' id='word_1_128' title='bbox 1145 1386 1318 1434; x_wconf 84' lang='lat' dir='ltr'>sedibus</span> <span class='ocrx_word' id='word_1_129' title='bbox 1341 1389 1442 1434; x_wconf 90' lang='lat' dir='ltr'>col-</span> 
     </span>
     <span class='ocr_line' id='line_1_18' title="bbox 158 1458 1443 1522; baseline -0.003 -15"><span class='ocrx_word' id='word_1_130' title='bbox 158 1460 344 1507; x_wconf 88' lang='lat' dir='ltr'>locavit.</span> <span class='ocrx_word' id='word_1_131' title='bbox 376 1459 619 1522; x_wconf 87' lang='lat' dir='ltr'>Iisdemque</span> <span class='ocrx_word' id='word_1_132' title='bbox 642 1459 695 1504; x_wconf 88' lang='lat' dir='ltr'>ad</span> <span class='ocrx_word' id='word_1_133' title='bbox 723 1458 872 1521; x_wconf 80' lang='lat' dir='ltr'>gratiae</span> <span class='ocrx_word' id='word_1_134' title='bbox 902 1458 1160 1515; x_wconf 89' lang='lat' dir='ltr'>cumulum,</span> <span class='ocrx_word' id='word_1_135' title='bbox 1196 1474 1288 1504; x_wconf 86' lang='lat' dir='ltr'>non</span> <span class='ocrx_word' id='word_1_136' title='bbox 1307 1459 1443 1521; x_wconf 77' lang='lat' dir='ltr'>iguo-</span> 
     </span>
     <span class='ocr_line' id='line_1_19' title="bbox 158 1531 1444 1595; baseline -0.002 -15"><span class='ocrx_word' id='word_1_137' title='bbox 158 1533 295 1581; x_wconf 80' lang='lat' dir='ltr'>bilem</span> <span class='ocrx_word' id='word_1_138' title='bbox 323 1531 578 1595; x_wconf 84' lang='lat' dir='ltr'>quempiam</span> <span class='ocrx_word' id='word_1_139' title='bbox 617 1548 764 1594; x_wconf 76' lang='lat' dir='ltr'>regem</span> <span class='ocrx_word' id='word_1_140' title='bbox 792 1568 805 1588; x_wconf 83' lang='lat'>‚</span> <span class='ocrx_word' id='word_1_141' title='bbox 842 1531 914 1576; x_wconf 88' lang='lat' dir='ltr'>sed</span> <span class='ocrx_word' id='word_1_142' title='bbox 947 1547 1079 1594; x_wconf 89' lang='lat' dir='ltr'>quem</span> <span class='ocrx_word' id='word_1_143' title='bbox 1115 1531 1192 1593; x_wconf 76' lang='lat' dir='ltr'>ipsi</span> <span class='ocrx_word' id='word_1_144' title='bbox 1212 1545 1338 1577; x_wconf 88' lang='lat' dir='ltr'>antea</span> <span class='ocrx_word' id='word_1_145' title='bbox 1364 1531 1444 1578; x_wconf 87' lang='lat' dir='ltr'>fibi</span> 
     </span>
     <span class='ocr_line' id='line_1_20' title="bbox 160 1605 1444 1671; baseline -0.002 -18"><span class='ocrx_word' id='word_1_146' title='bbox 160 1606 401 1671; x_wconf 83' lang='lat' dir='ltr'>praefecere</span> <span class='ocrx_word' id='word_1_147' title='bbox 416 1643 429 1663; x_wconf 91' lang='lat'>,</span> <span class='ocrx_word' id='word_1_148' title='bbox 450 1606 637 1668; x_wconf 85' lang='lat' dir='ltr'>regalem</span> <span class='ocrx_word' id='word_1_149' title='bbox 659 1606 896 1668; x_wconf 83' lang='lat' dir='ltr'>imposuit,</span> <span class='ocrx_word' id='word_1_150' title='bbox 916 1606 1048 1651; x_wconf 83' lang='lat' dir='ltr'>bonis</span> <span class='ocrx_word' id='word_1_151' title='bbox 1064 1605 1196 1651; x_wconf 85' lang='lat' dir='ltr'>animi</span> <span class='ocrx_word' id='word_1_152' title='bbox 1213 1605 1444 1668; x_wconf 86' lang='lat' dir='ltr'>corporis-</span> 
     </span>
     <span class='ocr_line' id='line_1_21' title="bbox 161 1677 1444 1741; baseline -0.002 -16"><span class='ocrx_word' id='word_1_153' title='bbox 161 1695 251 1741; x_wconf 89' lang='lat' dir='ltr'>que</span> <span class='ocrx_word' id='word_1_154' title='bbox 284 1677 580 1741; x_wconf 80' lang='lat' dir='ltr'>praestantem.</span> <span class='ocrx_word' id='word_1_155' title='bbox 603 1678 704 1723; x_wconf 90' lang='lat' dir='ltr'>Tali</span> <span class='ocrx_word' id='word_1_156' title='bbox 730 1690 855 1724; x_wconf 77' lang='lat' dir='ltr'>textu</span> <span class='ocrx_word' id='word_1_157' title='bbox 882 1679 997 1723; x_wconf 66' lang='lat' dir='ltr'>reue</span> <span class='ocrx_word' id='word_1_158' title='bbox 1035 1677 1254 1724; x_wconf 64' lang='lat' dir='ltr'>faetorum</span> <span class='ocrx_word' id='word_1_159' title='bbox 1275 1713 1288 1733; x_wconf 93' lang='lat'>,</span> <span class='ocrx_word' id='word_1_160' title='bbox 1313 1679 1444 1723; x_wconf 82' lang='lat' dir='ltr'>Con-</span> 
     </span>
     <span class='ocr_line' id='line_1_22' title="bbox 161 1748 1444 1811; baseline -0.003 -14"><span class='ocrx_word' id='word_1_161' title='bbox 161 1751 346 1798; x_wconf 82' lang='lat' dir='ltr'>stantius</span> <span class='ocrx_word' id='word_1_162' title='bbox 373 1749 460 1811; x_wconf 80' lang='lat' dir='ltr'>jam</span> <span class='ocrx_word' id='word_1_163' title='bbox 489 1762 714 1796; x_wconf 83' lang='lat' dir='ltr'>metuente</span> <span class='ocrx_word' id='word_1_164' title='bbox 746 1749 1006 1806; x_wconf 84' lang='lat' dir='ltr'>sublimior,</span> <span class='ocrx_word' id='word_1_165' title='bbox 1039 1748 1309 1810; x_wconf 84' lang='lat' dir='ltr'>militarique</span> <span class='ocrx_word' id='word_1_166' title='bbox 1331 1763 1444 1794; x_wconf 91' lang='lat' dir='ltr'>con-</span> 
     </span>
     <span class='ocr_line' id='line_1_23' title="bbox 150 1820 1442 1885; baseline -0.002 -16"><span class='ocrx_word' id='word_1_167' title='bbox 150 1823 286 1882; x_wconf 52' lang='lat' dir='ltr'>⁴sensu</span> <span class='ocrx_word' id='word_1_168' title='bbox 324 1823 518 1869; x_wconf 87' lang='lat' dir='ltr'>secundo</span> <span class='ocrx_word' id='word_1_169' title='bbox 551 1823 811 1869; x_wconf 85' lang='lat' dir='ltr'>Sarmaticus</span> <span class='ocrx_word' id='word_1_170' title='bbox 848 1822 1093 1885; x_wconf 86' lang='lat' dir='ltr'>appellatus</span> <span class='ocrx_word' id='word_1_171' title='bbox 1121 1837 1175 1866; x_wconf 77' lang='lat' dir='ltr'>ex</span> <span class='ocrx_word' id='word_1_172' title='bbox 1211 1820 1442 1867; x_wconf 82' lang='lat' dir='ltr'>vocabulo</span> 
     </span>
     <span class='ocr_line' id='line_1_24' title="bbox 163 1892 1443 1957; baseline -0.002 -17"><span class='ocrx_word' id='word_1_173' title='bbox 163 1895 444 1941; x_wconf 64' lang='lat' dir='ltr'>subassorum</span> <span class='ocrx_word' id='word_1_174' title='bbox 463 1931 476 1952; x_wconf 95' lang='lat'>,</span> <span class='ocrx_word' id='word_1_175' title='bbox 497 1894 672 1957; x_wconf 81' lang='lat' dir='ltr'>jamque</span> <span class='ocrx_word' id='word_1_176' title='bbox 689 1894 968 1952; x_wconf 76' lang='lat' dir='ltr'>discessurus,</span> <span class='ocrx_word' id='word_1_177' title='bbox 991 1892 1259 1940; x_wconf 81' lang='lat' dir='ltr'>convocatis</span> <span class='ocrx_word' id='word_1_178' title='bbox 1278 1892 1443 1938; x_wconf 81' lang='lat' dir='ltr'>cohor-</span> 
     </span>
     <span class='ocr_line' id='line_1_25' title="bbox 160 1963 1442 2030; baseline -0.004 -17"><span class='ocrx_word' id='word_1_179' title='bbox 160 1967 282 2013; x_wconf 78' lang='lat' dir='ltr'>tibus</span> <span class='ocrx_word' id='word_1_180' title='bbox 299 2003 311 2024; x_wconf 89' lang='lat'>,</span> <span class='ocrx_word' id='word_1_181' title='bbox 333 1969 380 2014; x_wconf 87' lang='lat'>&amp;</span> <span class='ocrx_word' id='word_1_182' title='bbox 401 1967 640 2024; x_wconf 88' lang='lat' dir='ltr'>centuriis,</span> <span class='ocrx_word' id='word_1_183' title='bbox 662 1968 710 2014; x_wconf 71' lang='grc' dir='ltr'>ὃ(</span> <span class='ocrx_word' id='word_1_184' title='bbox 729 1966 965 2030; x_wconf 85' lang='lat' dir='ltr'>manipulis</span> <span class='ocrx_word' id='word_1_185' title='bbox 988 1963 1200 2011; x_wconf 86' lang='lat' dir='ltr'>omnibus</span> <span class='ocrx_word' id='word_1_186' title='bbox 1216 1999 1229 2019; x_wconf 91' lang='lat'>‚</span> <span class='ocrx_word' id='word_1_187' title='bbox 1246 1963 1442 2009; x_wconf 86' lang='lat' dir='ltr'>tribunal</span> 
     </span>
     <span class='ocr_line' id='line_1_26' title="bbox 162 2039 1441 2105; baseline -0.002 -17"><span class='ocrx_word' id='word_1_188' title='bbox 162 2041 360 2088; x_wconf 80' lang='lat' dir='ltr'>infistens</span> <span class='ocrx_word' id='word_1_189' title='bbox 381 2078 396 2098; x_wconf 91' lang='lat'>‚</span> <span class='ocrx_word' id='word_1_190' title='bbox 428 2041 648 2105; x_wconf 85' lang='lat' dir='ltr'>fignisque</span> <span class='ocrx_word' id='word_1_191' title='bbox 669 2041 858 2088; x_wconf 88' lang='lat' dir='ltr'>ambitus</span> <span class='ocrx_word' id='word_1_192' title='bbox 894 2043 942 2088; x_wconf 89' lang='lat'>&amp;</span> <span class='ocrx_word' id='word_1_193' title='bbox 969 2039 1126 2103; x_wconf 86' lang='lat' dir='ltr'>aquilis</span> <span class='ocrx_word' id='word_1_194' title='bbox 1145 2074 1158 2095; x_wconf 89' lang='lat'>‚</span> <span class='ocrx_word' id='word_1_195' title='bbox 1188 2040 1237 2084; x_wconf 65' lang='grc' dir='ltr'>ὃ(</span> <span class='ocrx_word' id='word_1_196' title='bbox 1266 2040 1441 2101; x_wconf 79' lang='lat' dir='ltr'>agmine</span> 
     </span>
     <span class='ocr_line' id='line_1_27' title="bbox 164 2108 1443 2174; baseline -0.002 -16"><span class='ocrx_word' id='word_1_197' title='bbox 164 2112 484 2174; x_wconf 86' lang='lat' dir='ltr'>multiplicium</span> <span class='ocrx_word' id='word_1_198' title='bbox 523 2112 822 2174; x_wconf 87' lang='lat' dir='ltr'>potestatum,</span> <span class='ocrx_word' id='word_1_199' title='bbox 858 2110 924 2156; x_wconf 85' lang='lat' dir='ltr'>bis</span> <span class='ocrx_word' id='word_1_200' title='bbox 945 2108 1189 2155; x_wconf 82' lang='lat' dir='ltr'>exercitum</span> <span class='ocrx_word' id='word_1_201' title='bbox 1219 2109 1443 2156; x_wconf 85' lang='lat' dir='ltr'>allocutus</span> 
     </span>
     <span class='ocr_line' id='line_1_28' title="bbox 164 2181 1444 2242; baseline -0.002 -12"><span class='ocrx_word' id='word_1_202' title='bbox 164 2184 224 2230; x_wconf 86' lang='lat' dir='ltr'>est</span> <span class='ocrx_word' id='word_1_203' title='bbox 242 2219 256 2242; x_wconf 92' lang='lat'>,</span> <span class='ocrx_word' id='word_1_204' title='bbox 279 2200 358 2230; x_wconf 92' lang='lat' dir='ltr'>ore</span> <span class='ocrx_word' id='word_1_205' title='bbox 389 2185 592 2230; x_wconf 86' lang='lat' dir='ltr'>omnium</span> <span class='ocrx_word' id='word_1_206' title='bbox 622 2183 912 2241; x_wconf 87' lang='lat' dir='ltr'>favorabilis,</span> <span class='ocrx_word' id='word_1_207' title='bbox 932 2195 980 2228; x_wconf 91' lang='lat' dir='ltr'>ut</span> <span class='ocrx_word' id='word_1_208' title='bbox 1015 2181 1206 2228; x_wconf 85' lang='lat' dir='ltr'>solebat:</span> <span class='ocrx_word' id='word_1_209' title='bbox 1236 2185 1444 2229; x_wconf 76' lang='lat' dir='ltr'>Hortatur</span> 
     </span>
     <span class='ocr_line' id='line_1_29' title="bbox 167 2256 1440 2324; baseline -0.002 -21"><span class='ocrx_word' id='word_1_210' title='bbox 167 2261 390 2303; x_wconf 73' lang='lat' dir='ltr'>recordacio</span> <span class='ocrx_word' id='word_1_211' title='bbox 418 2276 544 2303; x_wconf 73' lang='lat' dir='ltr'>rerum</span> <span class='ocrx_word' id='word_1_212' title='bbox 570 2258 742 2319; x_wconf 63' lang='lat' dir='ltr'>gloriosi:</span> <span class='ocrx_word' id='word_1_213' title='bbox 775 2258 970 2324; x_wconf 70' lang='lat' dir='ltr'>gestarum</span> <span class='ocrx_word' id='word_1_214' title='bbox 993 2290 1007 2312; x_wconf 84' lang='lat'>,</span> <span class='ocrx_word' id='word_1_215' title='bbox 1042 2259 1156 2300; x_wconf 81' lang='lat' dir='ltr'>omni</span> <span class='ocrx_word' id='word_1_216' title='bbox 1171 2256 1440 2311; x_wconf 62' lang='lat' dir='ltr'>jucunditate</span> 
     </span>
     <span class='ocr_line' id='line_1_30' title="bbox 164 2330 1438 2391; baseline -0.003 -16"><span class='ocrx_word' id='word_1_217' title='bbox 164 2332 262 2376; x_wconf 70' lang='lat' dir='ltr'>viris</span> <span class='ocrx_word' id='word_1_218' title='bbox 281 2330 461 2388; x_wconf 77' lang='lat' dir='ltr'>fortibus</span> <span class='ocrx_word' id='word_1_219' title='bbox 480 2335 665 2391; x_wconf 76' lang='lat' dir='ltr'>gratior,</span> <span class='ocrx_word' id='word_1_220' title='bbox 698 2333 924 2374; x_wconf 76' lang='lat' dir='ltr'>admodum</span> <span class='ocrx_word' id='word_1_221' title='bbox 964 2330 1178 2374; x_wconf 71' lang='lat' dir='ltr'>verecunde</span> <span class='ocrx_word' id='word_1_222' title='bbox 1215 2330 1402 2388; x_wconf 74' lang='lat' dir='ltr'>replicare</span> <span class='ocrx_word' id='word_1_223' title='bbox 1422 2361 1438 2382; x_wconf 91' lang='lat'>,</span> 
     </span>
     <span class='ocr_line' id='line_1_31' title="bbox 165 2397 1437 2463; baseline -0.004 -16"><span class='ocrx_word' id='word_1_224' title='bbox 165 2421 249 2463; x_wconf 79' lang='lat' dir='ltr'>quae</span> <span class='ocrx_word' id='word_1_225' title='bbox 268 2406 471 2448; x_wconf 76' lang='lat' dir='ltr'>divinitus</span> <span class='ocrx_word' id='word_1_226' title='bbox 491 2404 749 2462; x_wconf 76' lang='lat' dir='ltr'>delatasorte</span> <span class='ocrx_word' id='word_1_227' title='bbox 770 2404 977 2457; x_wconf 75' lang='lat' dir='ltr'>vincendi,</span> <span class='ocrx_word' id='word_1_228' title='bbox 993 2398 1035 2446; x_wconf 64' lang='lat' dir='ltr'>G</span> <span class='ocrx_word' id='word_1_229' title='bbox 1049 2416 1141 2444; x_wconf 67' lang='lat' dir='ltr'>amre</span> <span class='ocrx_word' id='word_1_230' title='bbox 1152 2403 1317 2460; x_wconf 73' lang='lat' dir='ltr'>proelia,</span> <span class='ocrx_word' id='word_1_231' title='bbox 1337 2397 1378 2444; x_wconf 54' lang='grc' dir='ltr'>ἃ</span> <span class='ocrx_word' id='word_1_232' title='bbox 1391 2401 1437 2443; x_wconf 77' lang='lat' dir='ltr'>in</span> 
     </span>
     <span class='ocr_line' id='line_1_32' title="bbox 165 2470 1438 2536; baseline -0.002 -18"><span class='ocrx_word' id='word_1_233' title='bbox 165 2475 254 2536; x_wconf 70' lang='lat' dir='ltr'>ipso</span> <span class='ocrx_word' id='word_1_234' title='bbox 279 2478 528 2520; x_wconf 71' lang='lat' dir='ltr'>correximus</span> <span class='ocrx_word' id='word_1_235' title='bbox 536 2475 699 2533; x_wconf 49' lang='lat' dir='ltr'>fervore</span> <span class='ocrx_word' id='word_1_236' title='bbox 709 2492 945 2536; x_wconf 77' lang='lat' dir='ltr'>pugnarum</span> <span class='ocrx_word' id='word_1_237' title='bbox 959 2507 974 2534; x_wconf 84' lang='lat'>‚</span> <span class='ocrx_word' id='word_1_238' title='bbox 994 2475 1196 2519; x_wconf 76' lang='lat' dir='ltr'>Romame</span> <span class='ocrx_word' id='word_1_239' title='bbox 1222 2470 1438 2533; x_wconf 59' lang='lat' dir='ltr'>s⁶ifi*iff‘</span> 
     </span>
    </p>
   </div>
  </div>
 </body>
</html>
