1626 2917
202 169 259 213 14
389 151 743 199 AMMIANI
787 150 1282 196 MARCELLINI

193 257 374 306 levibus
404 257 515 304 solet
546 256 749 312 offenfiS,
775 255 834 302 ita
865 255 1037 303 animus
1067 254 1159 317 ejus
1192 253 1397 318 angustus
1427 253 1478 302 δε

195 341 346 390 tener,
372 329 592 394 quidquid
619 327 935 391 increpuisset,
954 329 1007 375 ad
1027 328 1173 375 salutis
1194 327 1279 374 suae
1299 326 1479 389 dispen-

195 403 320 450 dium
346 403 600 450 existimans
632 400 789 457 factum
819 413 896 447 aut
925 401 1202 464 cogitatum,
1229 397 1478 447 insontium

195 477 393 524 caedibus
431 475 536 521 fecit
576 473 812 519 viel-oriam
848 473 1106 520 luftuosam.
1145 474 1191 520 Si
1224 473 1324 537 quis
1357 472 1480 520 enirn

195 548 454 599 militarium
473 546 548 592 vel
569 546 923 604 honoratorum,
938 559 1015 593 aut
1030 547 1195 595 nobilis
1214 547 1330 594 inter
1350 546 1451 594 suos
1463 580 1479 606 ,

185 636 380 673 ,rumore
412 632 539 664 tenus
566 617 670 663 esset
688 616 960 664 insimulatus
985 617 1147 665 fovisse
1172 632 1316 681 partes
1336 618 1481 666 hosti—

196 693 259 740 les
275 728 288 750 ,
308 690 472 753 injeEto
493 705 632 735 onere
661 704 915 736 catenarum
936 688 980 735 in
1000 690 1185 737 modum
1208 691 1369 737 belluae
1388 702 1480 737 tra·

197 765 414 811 bebatur:
437 765 487 810 &
512 761 698 808 inimico
731 751 916 826 urgente
937 762 1013 810 vel
1042 763 1195 821 nullo,
1214 764 1335 828 quasi
1358 762 1482 811 suffi—

199 837 346 883 ciente
367 835 454 883 hoc
476 834 599 892 solo,
620 835 742 898 quod
768 835 1026 884 nominatus
1043 835 1146 883 effet
1161 872 1175 895 ,
1189 850 1264 884 aut
1283 838 1451 885 delatus
1466 872 1482 896 ,

199 921 275 956 aut
293 908 538 971 postulatus
551 945 563 965 ,
580 908 724 970 capite
744 907 817 954 vel
832 907 1121 956 intimatione
1135 909 1362 957 bonorum
1374 946 1388 969 ‚
1406 922 1484 957 aut

201 982 384 1029 insulari
417 982 658 1030 solitudine
694 981 1000 1029 damnabatur.
1040 981 1327 1029 Accedebant
1362 983 1484 1029 enim

201 1057 298 1117 ejus
312 1055 558 1118 asperitati,
574 1055 653 1102 ubi
673 1055 905 1102 imminuta
922 1054 997 1101 vel
1015 1053 1113 1101 laesa
1127 1055 1376 1119 amplitudo
1398 1055 1484 1103 im-

156 1121 159 1131 ’
201 1128 314 1192 perii
331 1128 562 1175 dicebatur
577 1164 589 1186 ,
610 1129 659 1174 &
679 1127 901 1173 iracundae
922 1126 1225 1189 suspicionum
1245 1128 1485 1191 quantitati

199 1202 516 1265 proximorum
537 1213 733 1248 cruentae
753 1199 981 1247 blanditiae
996 1236 1010 1259 ,
1030 1202 1391 1265 exaggerantium
1411 1202 1485 1248 in-

203 1274 492 1331 cidentia„&
518 1272 669 1320 dolere
692 1273 923 1335 impendio
945 1273 1245 1321 simulantium
1261 1311 1276 1334 ,
1295 1276 1325 1323 fi
1354 1276 1485 1339 prin·-

203 1350 315 1412 cipis
334 1350 534 1413 perditur
556 1349 650 1395 vita
666 1384 679 1406 ,
695 1346 724 1394 'a
747 1347 871 1410 cujus
890 1347 1024 1395 salute
1046 1350 1172 1397 velut
1189 1349 1270 1397 filo
1290 1350 1487 1413 pendere

204 1422 366 1469 statum
401 1421 526 1468 orbis
556 1432 771 1468 terrarum
795 1419 904 1467 fietis
933 1422 1127 1470 vocibus
1159 1423 1486 1472 exclamabant.

202 1494 401 1557 Ideoque
436 1491 602 1552 fertur,
639 1493 864 1540 neminem
898 1493 1142 1557 aliquando
1178 1495 1241 1542 ob
1277 1496 1376 1544 haec
1411 1495 1489 1544 vel

204 1567 362 1614 similia
383 1584 533 1630 poenae
553 1566 776 1614 addictum
790 1605 804 1624 ,
831 1568 988 1615 oblato
1010 1567 1064 1615 de
1086 1580 1216 1615 more
1242 1568 1396 1633 elogio
1417 1586 1488 1617 re·

206 1640 367 1688 vocari
387 1640 544 1701 juffiffe
559 1675 573 1698 ‚
589 1640 717 1704 quod
740 1641 1038 1688 inexorabiles
1056 1658 1240 1706 quoque
1260 1642 1488 1705 principes

206 1713 478 1766 faciitarunt,
507 1716 564 1760 Et
596 1713 774 1760 exitiale
810 1714 902 1761 hoc
936 1713 1132 1772 vitium,
1161 1715 1284 1776 quod
1316 1713 1361 1760 in
1391 1714 1490 1762 aliis

208 1804 538 1851 nonnunquam
580 1786 839 1849 intepescit,
869 1789 916 1835 in
947 1788 1057 1846 illo,
1092 1788 1229 1835 aetatis
1260 1788 1490 1853 progressu

207 1861 551 1918 effervescebat,
584 1861 860 1908 obstinatum
886 1861 979 1924 ejus
1014 1861 1294 1924 propositum
1327 1879 1490 1910 accen-

209 1938 342 1984 dente
361 1936 645 1982 adulatorum
669 1936 874 1983 cohorte.
907 1940 1024 1982 Inter
1044 1951 1161 2000 quos
1178 1935 1355 1982 Paullus
1375 1935 1490 1982 emi-
1523 1937 1532 1944 ’

209 2011 341 2057 nebat
372 2009 587 2056 Notarius
603 2044 618 2067 ‚
643 2020 770 2056 ortus
795 2008 841 2055 in
876 2009 1109 2072 Hispania,
1127 2007 1283 2071 glabro
1309 2009 1491 2072 quidam

210 2086 289 2132 sub
311 2085 443 2131 vultu
468 2083 629 2140 latens,
655 2082 878 2129 odorandi
896 2082 991 2129 vias
1011 2080 1313 2144 periculorum
1334 2081 1494 2128 occul-

215 2173 278 2207 tas
299 2177 511 2223 perquam
533 2159 677 2222 sagax.
696 2161 736 2205 Is
758 2160 800 2203 in
822 2157 1094 2205 Britanniam
1119 2155 1287 2213 missus,
1307 2169 1355 2202 ut
1374 2157 1491 2204 mili-

212 2249 326 2280 tares
353 2233 569 2296 quosdam
610 2234 901 2296 perduceret,
931 2232 1060 2280 ausos
1086 2229 1353 2290 conspirasse
1387 2234 1491 2279 Ma·-

212 2308 429 2370 gnentio,
463 2325 564 2354 cum
602 2307 735 2353 reniti
769 2322 863 2353 non
907 2306 1104 2370 poffent,
1136 2302 1244 2364 juffa
1283 2304 1492 2354 licentius

214 2379 533 2443 supergressus,
558 2378 758 2425 fluminis
791 2379 934 2426 modo
964 2375 1159 2425 fortunis
1188 2376 1492 2438 complurium

213 2452 299 2500 sese
319 2452 574 2517 repentinus
591 2451 781 2514 infudit:
798 2454 845 2501 ὅ(
866 2451 1089 2500 ferebatur
1104 2468 1185 2517 per
1199 2451 1359 2518 strages
1377 2452 1492 2500 mul·
