1626 2917
336 204 555 250 RERUM
590 202 927 248 GESTARUM
965 202 1064 246 Lm..
1103 202 1229 246 XVi.
1336 218 1421 263 117

142 310 364 360 violentia
387 347 402 371 ‚
436 310 589 358 vorari
624 310 836 375 quosdam
883 309 1088 371 fluffibus
1135 308 1372 357 involutos
1403 325 1419 364 ;

139 385 389 431 nonnullos
421 383 596 447 clypeis
624 385 780 430 vedios
796 419 809 441 ‚
831 395 1075 445 praeruptas
1093 382 1312 429 undarum
1335 397 1422 428 oc-

137 455 410 503 cursantium
444 456 588 502 moles
615 455 858 519 obliquatis
886 455 1100 501 meatibus
1119 455 1418 511 declinantes,

138 527 194 574 ad
222 527 341 590 ripas
373 528 610 575 ulteriores
630 528 730 591 post
756 529 892 575 muita
924 527 1177 574 discrimina
1204 527 1419 590 perveni-

136 615 200 646 re.
233 601 451 661 Spumans
479 599 671 662 denique
695 616 853 646 cruore
878 601 1112 648 barbarico
1139 600 1327 648 decolor
1351 600 1419 647 al-

137 687 252 719 veus
269 670 438 718 insueta
456 672 654 735 stupebat
672 688 922 735 augmenta.
943 674 1067 719 Dum
1089 673 1184 719 haec
1205 685 1420 737 aguntur,

139 760 220 790 rex
243 743 633 799 Chnodomarius‚
666 758 838 807 reperta
871 744 1004 806 copia
1034 744 1317 800 discedendi,
1349 745 1418 792 la-

137 817 240 880 psus
258 834 335 879 per
356 817 564 863 funerum
584 817 746 875 strues,
773 835 876 864 cum
890 817 1148 865 satellitibus
1170 819 1322 881 paucis
1344 834 1420 865 ce-

134 890 308 937 leritate
342 891 493 954 rapida
534 888 802 953 properabat
831 891 886 936 ad
928 890 1062 936 castra
1080 928 1094 947 ,
1137 908 1236 952 quae
1273 907 1419 953 prope

137 963 400 1009 Tribuncos
428 964 478 1011 &
510 962 818 1010 Concordiam
841 961 1118 1008 munimenta
1138 963 1342 1008 Romana
1366 960 1420 1007 fi-

136 1033 200 1081 xit
219 1033 492 1096 intrepidus,
524 1047 572 1081 ut
602 1033 787 1081 escensis
811 1033 1004 1097 navigiis
1023 1070 1036 1092 ‚
1062 1034 1228 1081 dudum
1253 1033 1418 1096 paratis

136 1108 192 1154 ad
211 1107 333 1154 casus
358 1107 598 1169 aucipites,
618 1107 665 1152 in
684 1106 859 1153 secretis
879 1106 920 1152 se
945 1106 1176 1153 seceffibus
1207 1107 1419 1153 amanda-

135 1192 217 1227 ret.
236 1183 291 1227 Et
306 1180 409 1243 quia
426 1196 522 1226 non
540 1180 620 1226 nisi
640 1181 806 1227 Rheno
827 1181 1009 1227 transito
1028 1181 1083 1227 ad
1099 1179 1325 1227 territoria
1342 1179 1418 1227 sua

134 1264 310 1315 poterat
344 1251 603 1314 pervenire,
630 1253 807 1299 vuitum
824 1288 837 1309 ,
859 1270 914 1299 ne
935 1252 1246 1316 agnosceretur
1262 1289 1278 1309 ,
1305 1269 1417 1315 ope-

133 1327 282 1384 riens,
312 1327 466 1373 sensim
485 1326 638 1373 retulit
668 1327 836 1388 pedem.
854 1328 1062 1389 Cumque
1094 1326 1419 1389 propinquaret

134 1399 221 1462 jam
242 1400 377 1462 ripis,
397 1400 601 1445 lacunam
622 1398 887 1461 palustribus
907 1399 1033 1461 aquis
1052 1398 1307 1445 interfusam
1328 1399 1417 1445 cir-

137 1472 469 1535 cumgrediens,
490 1484 539 1517 ut
562 1470 766 1517 transiret
781 1506 794 1528 ,
814 1470 981 1517 calcata
1001 1470 1191 1517 mollitie
1213 1470 1417 1534 glutino-

137 1542 194 1599 sa,
214 1558 332 1605 equo
354 1542 414 1588 est
434 1542 669 1589 evolutus:
691 1543 739 1589 ὅ(
757 1541 1007 1598 confestim,
1027 1542 1131 1589 licet
1154 1542 1291 1589 obeso
1313 1560 1418 1590 cor·

136 1631 249 1677 pore
278 1614 497 1678 gravior,
533 1615 587 1660 ad
620 1613 856 1660 subsidium
897 1614 1035 1661 vicini
1076 1615 1207 1662 collis
1243 1615 1417 1663 evasit:

137 1702 272 1748 quem
290 1684 488 1748 agnitum
506 1684 620 1749 (nec
639 1685 758 1732 enim
775 1687 925 1748 potuit
952 1687 1092 1733 ceiare
1105 1723 1117 1744 ‚
1139 1688 1216 1750 qui
1244 1688 1388 1735 fuerat
1403 1724 1421 1747 ,

139 1756 333 1803 tortunae
356 1757 518 1818 prioris
556 1758 863 1821 magnitudine
886 1758 1122 1823 proditus)
1155 1760 1298 1806 statim
1332 1778 1415 1808 an-

137 1829 242 1875 helo
272 1829 403 1877 cursu
436 1830 606 1877 cohors
634 1848 734 1877 cum
762 1831 948 1879 tribuno
975 1831 1122 1879 secuta
1141 1870 1153 1890 ‚
1177 1833 1309 1880 armis
1329 1833 1418 1881 cir-

139 1901 393 1949 cumdatum
417 1920 618 1967 aggerem
641 1905 927 1954 nemorosum
952 1907 1125 1954 cautius
1154 1907 1383 1955 obsidebat
1400 1942 1418 1965 ,

138 1991 426 2038 perrumpere
443 1977 604 2035 verita,
629 1995 684 2024 ne
704 1978 857 2024 fraude
876 1978 1029 2025 latenti
1053 1979 1169 2026 inter
1188 1996 1422 2027 ramorum

138 2049 345 2096 tenebras
376 2050 661 2113 exciperetur
689 2050 901 2097 occultas.
935 2051 1116 2110 Quibus.
1149 2052 1252 2098 vifis
1286 2069 1419 2099 com-

138 2121 287 2184 pulsus
304 2123 359 2168 ad
378 2123 561 2170 ultimos
582 2136 724 2171 metus
739 2160 752 2182 ‚
773 2125 894 2171 ultro
912 2124 953 2170 se
971 2125 1092 2171 dedit
1105 2161 1118 2182 ‚
1139 2124 1257 2172 solus
1277 2126 1420 2189 egres-

140 2194 212 2241 sus
229 2213 239 2241 :
259 2196 534 2259 comitesque
553 2196 645 2258 ejus
674 2198 854 2245 ducenti
876 2213 1089 2255 numerO,
1107 2200 1156 2247 δε
1177 2211 1265 2245 tres
1284 2198 1421 2245 amici

138 2265 416 2329 junffiffimi,
441 2269 655 2333 flagitium
685 2270 887 2317 arbitrati
913 2269 1013 2333 post
1045 2287 1194 2334 regem
1228 2271 1382 2319 vivere
1403 2307 1425 2330 ‚4

140 2339 217 2386 vel
246 2358 329 2404 pro
353 2359 453 2405 rege
477 2360 571 2389 non
602 2343 753 2400 mori,
776 2343 806 2389 fi
835 2343 895 2389 ita
921 2343 1077 2389 tulerit
1102 2343 1254 2401 casus,
1279 2343 1420 2390 tradi-

140 2412 244 2459 dere
276 2413 320 2459 se
347 2415 628 2462 vinciendos.
654 2418 806 2479 thue
839 2415 999 2463 nativo
1030 2432 1158 2463 more
1189 2416 1289 2462 sunt
1313 2415 1422 2462 bar-2

140 2485 453 2537 barirhumiles
481 2489 529 2538 in
554 2490 777 2552 adversm,
795 2489 1071 2555 disparesque
1096 2489 1143 2535 in
1178 2487 1382 2538 secundis
1401 2521 1423 2547 2

1057 2563 1101 2607 H
1141 2578 1162 2624 3
