1626 2917
213 280 306 328 292
423 262 771 310 AMMIANI
820 262 1296 312 MARCELLINI

209 370 394 435 capita)
425 371 475 417 &
498 371 700 416 'annuum
721 368 987 432 stipendium
1014 386 1181 433 grave,
1212 369 1375 434 absque
1404 367 1498 417 fru-

209 444 373 492 &uofis
392 443 688 506 petitionibus
706 443 874 491 multis.
892 443 1026 490 Unde
1043 457 1194 491 motus
1206 478 1219 497 ‚
1236 460 1395 490 omnes
1412 443 1497 489 hu·

208 517 404 580 jusmodi
427 534 528 564 cum
547 516 706 579 coquis
728 515 1031 578 similibusque
1057 515 1152 562 aliis
1185 517 1338 563 eadem
1371 516 1495 563 acci-

208 608 315 654 pere
349 591 463 637 bene
495 590 736 639 consuetos
757 625 770 648 ‚
812 602 862 636 ut
895 605 1052 651 parum
1090 589 1170 636 fibi
1199 589 1494 648 necessarios,

201 664 306 710 data
324 700 338 723 ,
361 680 459 726 quo
496 663 640 710 velint
663 699 677 719 ,
700 662 835 709 eundi
866 661 1086 724 potestate
1101 661 1310 726 projecit.

271 739 329 783 V.
367 738 425 782 Et
465 752 739 798 quamquam
764 752 788 781 a
820 734 1086 781 rudimentis
1110 735 1313 797 pueritiae
1338 734 1494 797 primis

201 808 469 857 inclinatior
497 821 590 855 erat
620 825 724 871 erga
751 807 990 855 numinum
1016 807 1187 856 cultum
1211 843 1226 866 ‚
1256 808 1494 871 paulatim-

201 899 292 947 que
320 881 578 930 adolescens
597 880 815 928 defiderio
836 881 901 927 rei
919 880 1160 944 flagrabat,
1188 881 1327 928 multa
1347 892 1493 928 metu-

198 974 280 1004 ens
298 969 446 1003 tamen
464 956 658 1019 agitabat
678 955 881 1020 quaedam
900 955 956 1002 ad
978 955 1024 1002 id
1042 953 1329 1018 pertinentia,
1349 973 1490 1019 quan-

202 1041 301 1076 tum
316 1028 414 1076 fieri
436 1041 615 1091 poterat
629 1065 641 1085 ‚
661 1029 971 1076 occultiffime.
992 1029 1085 1076 Ubi
1108 1045 1221 1076 vero
1237 1067 1249 1089 ,
1279 1029 1489 1086 abolitis,

197 1120 302 1166 quae
317 1104 558 1149 verebatur
573 1139 585 1160 ‚
604 1103 746 1149 adesse
764 1102 842 1149 fibi
862 1102 1052 1149 liberum
1069 1114 1244 1165 tempus
1265 1102 1490 1161 faciundi,

198 1194 303 1239 quae
324 1177 488 1233 vellet,
511 1177 709 1223 advertit
729 1211 742 1234 ,
765 1175 828 1222 sui
849 1176 1044 1239 pectoris
1061 1175 1271 1238 patefecit
1295 1193 1455 1224 arcana
1475 1194 1488 1222 ε

197 1250 249 1296 &
272 1248 415 1311 planis
436 1247 735 1312 absolutisque
760 1248 949 1295 decretis
970 1247 1130 1311 aperiri
1155 1248 1346 1311 templa,
1383 1248 1489 1295 aris-

197 1335 288 1383 que
316 1321 482 1367 hostias
512 1320 751 1368 admoveri
786 1320 842 1367 ad
874 1322 1087 1368 Deorum
1119 1321 1264 1368 statuit
1298 1321 1485 1369 cultum.

196 1395 351 1454 thue
371 1393 691 1455 dispositorum
716 1393 955 1440 roboraret
975 1394 1178 1440 effefflum
1199 1430 1213 1450 ‚
1232 1393 1485 1441 diffidentes

197 1464 562 1512 Christianorum
581 1464 794 1511 antistites
822 1481 926 1511 cum
955 1466 1085 1527 plebe
1110 1465 1277 1512 discissa
1297 1465 1342 1510 in
1363 1466 1486 1528 pala·-

194 1538 310 1585 tium
338 1536 616 1585 intromissos
647 1536 864 1584 monebat
880 1573 893 1596 ,
925 1549 1000 1593 ut,
1020 1536 1232 1585 civilibus
1252 1536 1487 1585 discordiis

195 1610 472 1672 consopitis,
489 1609 677 1674 quisque
697 1609 826 1656 nullo
846 1622 1026 1658 vetante
1051 1609 1261 1674 religioni
1288 1610 1374 1658 suae
1398 1611 1485 1658 ser-

192 1684 316 1730 viret
345 1682 607 1744 intrepidus.
645 1683 786 1743 Quod
814 1682 969 1747 agebat
990 1682 1096 1729 ideo
1131 1681 1353 1730 obstinate
1371 1718 1386 1742 ‚
1405 1696 1484 1743 ut,

193 1755 482 1803 dissensiones
518 1769 705 1820 augente
741 1755 922 1803 licentia
937 1790 950 1812 ‚
986 1772 1082 1802 non
1114 1755 1288 1803 timeret
1320 1757 1482 1804 unani-

192 1842 390 1876 mantem
415 1829 568 1893 postea
594 1829 769 1891 plebem
802 1847 813 1875 :
845 1829 989 1875 nullas
1018 1827 1193 1875 infestas
1223 1829 1483 1878 hominibus

189 1903 371 1958 bestias,
390 1915 439 1949 ut
466 1902 565 1949 sunt
585 1902 663 1950 fibi
688 1901 844 1949 ferales
865 1900 1068 1966 plerique
1087 1901 1447 1949 Christianorum
1463 1939 1478 1962 ‚

190 1988 413 2039 expertus.
435 1977 648 2038 Saepeque
672 1975 899 2022 dictitabat
915 2011 929 2032 ,
953 1978 1113 2022 Audite
1128 1993 1213 2033 me,
1233 1994 1347 2036 quem
1365 1980 1478 2021 Ala-

189 2051 342 2096 manni
359 2052 580 2095 audierunt
595 2046 801 2095 &Franci
811 2065 826 2094 :
842 2047 1005 2095 imitari
1018 2060 1177 2111 putans
1195 2048 1337 2095 Marci
1355 2048 1478 2110 prin·
1523 2085 1531 2090 ,

189 2124 303 2186 cipis
322 2125 486 2170 veteris
507 2124 687 2170 dictum.
707 2124 790 2170 Sed
805 2141 958 2186 parum
979 2123 1201 2182 advertit,
1221 2123 1309 2170 hoc
1334 2124 1390 2170 ab
1418 2140 1476 2171 eo

187 2199 375 2247 nimium
390 2199 650 2260 discrepare.
668 2198 746 2244 Ille
762 2198 882 2244 enim
899 2215 1002 2245 cum
1025 2196 1298 2245 Palaestinam
1317 2197 1474 2244 transi-

187 2285 281 2330 ret,
301 2274 549 2336 AEgyptum
571 2284 751 2334 petens,
774 2270 1031 2318 foetentium
1046 2271 1300 2318 Judaeorum
1327 2272 1377 2317 &
1397 2283 1474 2317 tu-

185 2346 508 2394 multuantium
532 2345 645 2406 saepe
673 2344 810 2391 taedio
830 2344 1025 2407 percitus
1040 2379 1055 2400 ,
1082 2344 1288 2389 dolenter
1305 2343 1472 2390 dicitur

188 2419 447 2466 exclamass'e
464 2437 474 2464 ε
494 2422 535 2465 Ο
559 2422 889 2475 Marcomanni,
917 2437 941 2464 0
962 2419 1110 2478 Quadi
1130 2452 1144 2475 ‚
1174 2437 1199 2463 o
1229 2421 1434 2463 Sarmatae
1453 2448 1469 2473 ‚

187 2496 354 2546 tandem
374 2495 483 2539 alios
508 2495 626 2537 vobis
656 2495 866 2538 inertiores
887 2494 1026 2538 inveni
1046 2490 1067 2535 !

251 2568 330 2615 Vl.
359 2567 440 2614 Per
462 2566 550 2614 hoc
571 2565 687 2613 idem
706 2579 881 2629 tempus
901 2563 1158 2613 rumoribus
1179 2563 1314 2614 exciti
1332 2562 1469 2614 variis
