1626 2917
259 106 479 154 RERUM
514 108 852 157 GESTARUM
889 110 991 159 ΠΒ.
1028 112 1181 161 XXV.
1301 132 1350 177 51

75 216 359 280 cataphraffls
375 217 596 280 equitibus
616 217 777 265 acriter
808 218 1074 266 restiterunt.
1095 218 1272 266 Deinde
1294 220 1358 267 le-

73 290 230 353 giones
255 289 492 337 Joviorum
519 302 650 353 atque
671 291 907 336 Victorum
939 291 1244 339 laborantibus
1269 292 1358 340 suis

72 361 265 414 ferentes
293 362 509 409 auxilium
534 399 547 421 ‚
568 363 831 425 elephantos
850 364 963 411 duos
984 364 1234 412 straverunt
1253 384 1357 414 cum

72 433 268 480 hostium
301 434 430 496 plebe
463 451 557 481 non
585 452 724 496 parva
745 454 755 482 t
775 438 824 483 &
854 435 900 482 in
923 436 1044 482 laevo
1076 438 1245 499 proelio
1268 439 1356 486 viri

73 507 246 569 periere
275 505 527 564 fortissimi,
549 507 743 554 Julianus
759 544 772 566 ‚
795 509 844 555 ὃ(
871 510 1129 556 Macrobius
1145 550 1154 559 ..
1187 512 1236 560 ὅ(
1256 514 1357 560 Ma—

73 579 222 625 ximus
237 579 463 643 legionum
486 580 682 637 tribuni,
702 598 802 644 quae
817 594 923 627 tunc
948 582 1109 644 primas
1135 586 1356 634 exercitus

76 652 357 700 obtinebant.
380 653 546 717 Hisque
568 654 746 716 sepultis
763 690 775 711 ,
799 668 846 700 ut
867 671 1011 701 rerum
1032 658 1239 718 angustiae
1261 677 1358 721 per-

73 725 290 773 miserunt
313 761 327 783 ,
351 742 495 788 prope
523 726 720 773 confinia
747 728 891 774 noetis
912 746 1013 775 cum
1041 731 1095 775 ad
1128 731 1356 780 castellum

75 800 257 844 Sumere
293 797 478 843 nomine
511 797 610 844 citis
639 798 825 860 pastibus
853 800 1133 846 tenderemus
1154 836 1165 856 ‚
1205 801 1357 862 jacens

75 868 275 917 Anatolii
295 885 458 931 corpus
474 870 532 915 est
549 871 747 933 agnitum
762 906 774 927 ,
798 872 924 933 quod
944 873 1228 920 tumultuaria
1247 892 1357 939 ope-

74 961 124 991 ra
144 956 272 990 terrae
290 943 544 989 mandatum
562 943 637 990 est.
657 944 741 990 Hic
761 945 809 990 &
831 944 991 990 milites
1016 944 1237 1009 sexaginta
1254 967 1357 998 cum

75 1019 280 1083 palatinis
308 1018 555 1079 recepimus
576 1038 591 1074 ,-
612 1035 726 1080 quos
753 1018 799 1064 in
832 1020 1159 1067 munimentum
1181 1025 1357 1072 Vacca-

75 1108 171 1140 tum
206 1090 451 1154 confugiss'e
489 1090 732 1138 retulimus.
770 1093 936 1138 Secuto
972 1092 1131 1140 deinde
1163 1096 1232 1142 die
1271 1116 1356 1161 pro

75 1178 209 1228 captu
250 1165 459 1211 locorum
488 1177 662 1226 reperta
695 1164 741 1210 in
769 1164 889 1210 valle
922 1164 1058 1211 castra
1085 1183 1321 1228 ponuntur
1343 1207 1357 1230 ‚

74 1239 199 1287 velut
230 1238 392 1285 murali
429 1239 599 1285 ambitu
634 1239 950 1285 circumclausa
972 1271 985 1293 ‚
1018 1252 1176 1300 praeter
1214 1261 1357 1291 unum

75 1315 246 1363 exitum
281 1313 561 1375 eundemque
590 1324 813 1375 patentem
840 1349 852 1368 ‚
875 1313 1073 1375 undique
1100 1315 1145 1359 in
1169 1319 1358 1366 modum

75 1401 348 1435 mucronum
377 1385 608 1447 praeacutis
630 1384 804 1431 sudibus
828 1383 941 1431 fixis.
974 1387 1163 1449 Hocque
1184 1389 1283 1436 viso
1299 1427 1312 1448 ,
1334 1410 1359 1439 e

52 1451 258 1508 ‘saltibus
288 1474 372 1504 nos
409 1457 555 1503 hostes
590 1457 842 1504 diversitate
874 1459 1096 1511 telorum,
1123 1477 1174 1507 ac
1209 1465 1361 1511 verbis

77 1531 282 1593 turpibus
297 1529 582 1576 incessebant
599 1566 612 1588 ‚
632 1543 682 1577 ut
709 1530 903 1592 perfidos
923 1532 972 1577 &
997 1530 1211 1579 lectissimi
1232 1535 1364 1582 Prin-

79 1604 191 1666 cipis
218 1615 523 1665 peremtores:
557 1602 788 1649 audierant
818 1603 936 1648 enim
961 1603 1040 1664 ipfi
1074 1621 1258 1668 quoque
1290 1625 1363 1655 re-

78 1676 329 1724 ferentibus
360 1675 596 1740 transfugis
613 1713 627 1735 ‚
647 1693 829 1723 rumore
861 1675 1020 1737 jactato
1055 1677 1232 1725 incerto
1252 1716 1263 1736 ‚
1290 1682 1362 1728 Ju-

77 1748 247 1796 lianum
275 1748 367 1794 telo
397 1748 598 1795 cecidiffe
627 1750 855 1795 Romano.
885 1748 987 1794 Aufi
1018 1750 1212 1814 denique
1249 1754 1365 1802 inter

78 1821 179 1867 haec
201 1819 400 1881 equitum
421 1820 550 1866 cunei
569 1856 581 1877 ‚
604 1833 733 1882 porta
763 1834 974 1882 perrupta
1001 1824 1235 1884 praetoria,
1257 1843 1366 1888 pro-

80 1908 138 1954 pe
171 1890 314 1953 ipsum
344 1892 680 1938 tabernaculum
710 1893 929 1955 Principis
959 1893 1204 1942 advenire:
1244 1899 1368 1946 occi-

80 1964 134 2011 fis
174 1964 323 2010 multis
360 1964 544 2012 suorum
587 1967 636 2011 &
674 1966 949 2024 vulneratis,
975 1967 1023 2012 ‘vi
1065 1970 1223 2030 repulsi
1266 1973 1366 2019 sunt

81 2054 250 2100 magna.
285 2038 447 2102 Egreffi
479 2039 674 2095 exinde,
709 2040 916 2100 proxima
949 2041 1080 2086 noste
1111 2043 1368 2093 Charcham

84 2109 414 2170 occupavimus
439 2110 592 2156 locum
614 2129 624 2157 :
653 2110 755 2156 ideo
783 2112 899 2169 tuti,
920 2114 1043 2174 quod
1065 2113 1261 2175 riparum
1292 2134 1369 2181 ag·-

84 2182 261 2247 geribus
284 2183 478 2230 humana
496 2201 631 2230 manu
651 2184 875 2230 destructis
894 2221 906 2242 ‚
931 2202 983 2231 ne
1011 2187 1216 2234 Saraceni
1238 2189 1368 2235 dein-

85 2271 189 2316 ceps
209 2255 427 2319 Affyriam
449 2257 760 2318 persultarent,
785 2257 1041 2303 nostrorum
1067 2259 1241 2321 agmina
1264 2262 1368 2307 nul-

84 2328 153 2374 lus
172 2362 184 2384 ‚
202 2339 250 2373 ut
275 2341 377 2374 ante
397 2365 410 2387 ,
433 2330 635 2377 vexabat.
657 2331 865 2393 Cumque
889 2332 956 2378 his
991 2332 1215 2379 Kalendis
1239 2336 1365 2381 Juliis

85 2398 232 2447 stadiis
267 2413 378 2447 xxx
419 2401 635 2450 confectis
655 2438 672 2461 ,
710 2403 939 2454 civitatem
972 2403 1158 2450 nomine
1190 2406 1367 2453 Duram

1020 2477 1132 2525 Da.
