1626 2917
168 157 254 204 104
353 143 697 190 AMMIANI
744 143 1249 193 MARCELLINI

161 250 363 313 perisset,
382 252 713 299 occultantibus
732 252 924 299 tenebris
946 253 1154 302 barbaros
1178 252 1351 316 lapsos,
1376 251 1444 299 se-'

161 340 297 370 curus
321 324 574 370 insidiarum
607 342 686 388 per
710 337 862 388 aperta
884 342 1146 388 camporum
1179 325 1444 389 sequebatur

163 397 212 442 δέ
230 396 408 452 mollia,
429 397 646 444 calcando
666 398 905 445 semineces
925 399 974 445 &
993 398 1254 445 constrffios
1271 435 1285 457 ,
1303 415 1445 462 quos,

164 466 429 513 vulneribus
450 467 670 532 frigorum
691 469 923 532 asperitate
944 470 1180 517 contraffls
1196 505 1210 529 ,
1231 471 1447 517 dolorum

164 537 430 585 absumserat
466 540 748 603 magnitudo,
792 541 910 587 Exin
944 542 1193 605 progressus
1227 542 1446 599 ulterius,

165 622 427 667 revertens,
461 611 538 657 ubi
576 612 750 659 nullum
788 625 1041 676 repererat,
1083 613 1266 673 didicit,
1298 630 1448 678 regem

165 680 395 728 hostilium
417 684 642 746 agminum
663 702 764 731 cum
790 685 941 747 paucis
961 698 1140 748 captum
1161 686 1216 732 ab
1233 686 1450 745 Ascariis‚'

168 771 283 816 quos
305 755 393 818 ipse
420 774 498 819 per
516 758 600 804 iter
617 758 739 804 aliud
757 759 812 805 ad
831 758 1081 821 diripienda
1099 760 1294 806 tentoria
1314 759 1451 805 mise-

168 839 236 871 rat
257 827 574 886 Alamannica‚
599 831 803 877 suffixum
835 832 1053 894 patibulo.
1087 833 1284 896 Ideoque
1313 832 1452 878 iratus

168 899 214 945 in
240 900 470 947 tribunum
499 903 856 949 animadvertere
892 903 1068 960 statuit,
1087 904 1237 950 ausum
1264 904 1354 951 hoc
1383 904 1454 950 in-

169 971 372 1018 consulta
417 973 633 1034 potestate
671 974 898 1035 superiore
933 973 1114 1021 fecisse:
1147 991 1339 1039 eumque
1372 975 1453 1021 da·-

169 1044 384 1101 mnasset,
424 1046 496 1103 ni,
535 1046 719 1092 militari
753 1046 921 1108 impetu
957 1046 1238 1093 commissum
1278 1047 1452 1094 facinus

171 1127 330 1174 atrox,
353 1117 634 1164 documentis
663 1118 948 1164 evidentibus
970 1118 1242 1165 constitisset.
1275 1121 1330 1165 Et
1350 1119 1451 1182 post

171 1187 268 1235 haec
297 1191 500 1237 redeunti
529 1191 715 1237 Parifios
751 1190 850 1253 post
885 1190 1195 1237 claritudinem
1230 1193 1344 1238 reite
1375 1207 1455 1254 ge—

172 1263 340 1311 storum
379 1268 629 1326 Imperator
654 1267 780 1311 laetus
812 1265 1042 1312 occurrit:
1071 1282 1265 1328 eumque
1298 1266 1451 1327 postea

171 1338 402 1384 consulem
430 1338 710 1402 designavit:
744 1338 825 1383 illo
853 1338 1065 1385 videlicet
1102 1339 1157 1384 ad
1190 1339 1338 1401 gaudii
1370 1356 1454 1386 cu·

174 1411 344 1457 mulum
382 1413 654 1468 accedente,
694 1413 822 1475 quod
860 1411 1009 1458 iisdem
1049 1411 1203 1458 diebus
1240 1412 1455 1474 Procopii

173 1483 418 1547 susceperat
435 1497 566 1548 caput
586 1504 609 1532 a
630 1485 820 1531 Valente
838 1483 1143 1530 transmissum.
1159 1485 1323 1530 Praeter
1340 1484 1457 1541 haec,

176 1558 261 1604 alia
282 1559 420 1605 multa
443 1572 621 1606 narratu
644 1558 791 1605 minus
821 1558 951 1620 digna
978 1555 1180 1603 conserta
1202 1556 1300 1603 sunt
1325 1574 1457 1619 proe-

175 1627 235 1676 lia
265 1647 344 1693 per
376 1632 542 1678 trafius
567 1631 721 1679 varios
757 1629 1028 1683 Galliarum,
1050 1645 1150 1691 quae
1183 1628 1456 1691 superfluum

177 1702 239 1748 est
271 1703 521 1766 explicare5
553 1703 768 1766 quoniam
791 1719 933 1765 neque
964 1718 1114 1763 operae
1151 1701 1342 1763 pretium
1375 1702 1459 1748 ali-

176 1776 302 1837 ·quod
320 1793 477 1824 eorum
497 1778 690 1824 habuere
710 1788 959 1838 proventus
974 1809 988 1832 ‚
1004 1790 1086 1821 nec
1104 1773 1333 1820 historiam
1346 1791 1456 1837 pro-

176 1849 338 1898 ducere
362 1868 441 1913 per
470 1851 680 1899 minutias
708 1849 929 1914 ignobiles
963 1849 1104 1896 decet.

244 1924 313 1970 lll.
332 1926 434 1971 Hoc
456 1936 685 1988 tempore,
706 1923 781 1970 vel
801 1922 934 1985 paulo
958 1933 1059 1967 ante
1074 1955 1086 1976 ‚
1113 1934 1238 1966 nova
1260 1917 1459 1980 portenti

176 1996 343 2058 species
375 2014 454 2058 per
485 1999 780 2044 annonariam
818 1994 1024 2058 apparuit
1054 1990 1259 2038 Tusciam
1284 2007 1295 2035 ε
1325 1989 1459 2051 idque

178 2069 393 2129 quorsum
424 2071 660 2126 evaderet,
690 2067 1006 2133 prodigialium
1038 2080 1187 2111 rerum
1213 2061 1341 2125 periti
1379 2077 1462 2123 pe-

178 2141 300 2188 nitus
329 2141 607 2204 ignorarunt.
634 2146 684 2189 In
703 2141 876 2205 oppido
897 2139 1015 2186 enim
1037 2135 1288 2185 Pistorienfi
1315 2150 1460 2198 prope

180 2213 335 2259 horam
359 2214 442 2261 diei
471 2215 670 2272 tertiam,
691 2212 986 2277 spestantibus
1005 2208 1183 2265 multis,
1205 2207 1347 2254 asinus
1377 2206 1460 2253 tri-

178 2283 330 2331 bunali
361 2285 540 2333 ascenso
577 2286 841 2334 audiebatur
873 2282 1132 2331 destinatius
1167 2279 1376 2342 rugiens:
1409 2280 1459 2324 &

179 2356 428 2420 stupefastis
449 2358 678 2416 omnibus,
698 2357 777 2421 qui
793 2357 976 2404 aderant
992 2391 1006 2413 ‚
1027 2353 1195 2417 quique
1214 2351 1461 2399 didicerant

178 2430 471 2480 referentibus
515 2431 611 2480 aliis
631 2463 646 2490 ,
677 2431 897 2494 nulloque
922 2426 1202 2489 conjeftante
1234 2437 1423 2473 ventura
1444 2457 1460 2481 ,
