1626 2917
261 158 481 206 RERUM
517 156 856 205 GESTARUM
887 157 991 203 LIB.
1019 155 1235 203 XXVIH.
1309 171 1395 218 153

117 265 357 329 aliquoties
377 261 473 328 'pro
500 266 712 313 locorum
740 264 872 328 copia
899 263 1085 312 fecimus
1103 299 1115 322 ,
1137 262 1239 310 dein
1257 261 1403 325 plebis

117 340 370 402 digeremus
388 352 530 386 errata
554 376 566 395 ‚
595 339 837 387 incidentia
869 337 1021 386 veloci
1047 336 1406 400 constringentes

118 410 313 459 excessu.
332 411 665 458 Praenominum
681 410 948 458 claritudine
961 406 1192 471 conspicui
1205 407 1406 472 quidam,

119 494 170 529 ut
189 494 349 545 putant
364 520 379 540 ,
407 483 454 529 in
473 482 734 529 immensum
756 481 889 528 semet
906 480 1131 527 extollunt
1151 515 1165 537 ,
1189 495 1290 526 cum
1311 478 1406 522 Re-

91 615 98 626 *
120 557 272 614 burri,
300 561 350 606 δι
376 558 564 605 Fabunii
581 594 595 617 ,
618 559 667 606 &
696 557 885 622 Pagonii
912 554 1223 618 Gerionesque
1251 553 1409 616 appel·

120 628 303 688 lentur,
337 646 389 677 ac
417 630 542 677 Dalii
575 648 677 677 cum
700 629 925 681 Tarraciis
960 630 1009 676 δε
1040 625 1240 674 Perrasiis
1257 662 1270 684 ‚
1290 624 1412 672 aliis·-

122 717 215 767 que
233 703 294 750 ita
322 704 482 752 decens
506 704 764 751 sonantibus
788 704 1014 767 originum
1034 701 1278 764 insignibus
1297 698 1414 746 mul-

123 777 195 824 tis.
229 777 488 824 Nonnullos
508 776 729 840 fulgentes
759 777 906 823 sericis
930 773 1207 822 indumentis
1223 809 1237 832 ‚
1255 785 1304 820 ut
1329 773 1414 820 du-

125 848 296 896 cendos
325 849 381 896 ad
407 861 602 896 mortem
620 884 635 906 ‚
658 849 733 895 vel
762 862 812 894 ut
837 848 927 894 fine
951 847 1128 893 diritate
1149 845 1314 892 ominis
1337 845 1416 891 lo·-

124 936 319 983 quamur
333 957 348 978 ‚
370 921 606 984 praegresso
637 921 839 967 exercitu
860 937 981 966 arma
1008 929 1220 981 cogentes
1239 953 1253 976 ‚
1271 917 1416 963 mani·-

127 993 316 1058 pulatim
349 995 582 1041 concitato
610 993 789 1056 fragore
821 994 1019 1057 sequitur
1045 993 1294 1039 multitudo
1326 991 1414 1038 ser·-

128 1083 312 1114 vorum.
340 1066 493 1124 Tales,
514 1066 590 1112 ubi
616 1066 936 1113 comitantibus
958 1066 1157 1128 singulos
1186 1064 1417 1128 quinqua-

126 1136 251 1200 ginta
289 1136 500 1183 ministris
536 1137 694 1183 tholos
726 1137 983 1184 introierint
1015 1137 1271 1183 balnearum
1291 1172 1305 1194 ‚
1339 1136 1418 1184 ubi

128 1209 230 1257 sunt
253 1210 452 1258 nostrum
470 1247 484 1269 ,
507 1210 740 1257 minaciter
761 1211 952 1258 clamant
972 1228 982 1257 :
1007 1210 1038 1256 fi
1064 1209 1311 1274 apparuisse
1341 1208 1417 1256 su·-

129 1283 230 1332 bito
258 1284 415 1348 ignota
442 1283 749 1346 compererint
776 1284 999 1346 mancipia
1018 1319 1032 1340 ‚
1064 1296 1142 1331 aut
1175 1283 1418 1346 oppidanae

130 1358 365 1421 quondam
393 1356 690 1419 prostibulum
710 1356 852 1419 plebis
870 1391 883 1414 ,
902 1355 979 1403 vel
1005 1356 1226 1402 meritorii
1247 1371 1420 1418 corpo-

132 1429 195 1476 ris
224 1442 422 1477 veterem
450 1429 600 1492 lupam
622 1447 633 1476 ε
659 1428 860 1476 certatim
881 1441 1162 1476 concurrunt
1183 1465 1196 1488 ,
1232 1428 1420 1492 palpan-

136 1501 290 1565 tesque
323 1503 543 1551 advenam
587 1501 874 1550 deformitate
906 1520 1067 1567 magna
1105 1502 1421 1550 blanditiarum

133 1575 197 1624 ita
224 1577 454 1624 extollunt
471 1612 485 1636 ,
516 1589 566 1624 ut
597 1577 874 1625 Semiramim
900 1578 1086 1636 Parthi,
1114 1578 1187 1627 vel
1219 1579 1422 1641 Cleopa-

134 1661 227 1698 tras
256 1649 479 1712 AEgyptus
500 1683 513 1707 ,
547 1660 623 1696 aut
657 1649 934 1696 Artemisiam
967 1651 1104 1698 Cares
1123 1686 1137 1709 ‚
1167 1650 1242 1699 vel
1273 1652 1422 1697 Zeno·

136 1721 256 1784 biam
294 1720 567 1785 Palmyreni.
607 1723 663 1767 Et
701 1721 798 1769 haec
828 1722 1070 1769 admittunt
1106 1722 1188 1781 hi,
1226 1739 1422 1786 quorum

137 1795 257 1857 apud
282 1793 473 1856 majores
507 1793 706 1841 censoria
738 1807 850 1842 nota
883 1794 1061 1842 senator
1098 1796 1280 1843 afflifilus
1322 1795 1382 1843 est
1405 1831 1422 1853 ‚

140 1868 298 1927 ausus,
316 1868 419 1915 dum
437 1867 582 1915 adhuc
603 1884 697 1914 non
726 1868 903 1915 deceret
917 1903 930 1926 ‚
950 1867 1167 1930 praesente
1189 1868 1424 1917 communi

138 1941 232 1990 filia
261 1941 503 2006 conjugem
533 1941 738 1990 osculari.
760 1943 826 1988 Ex
848 1941 917 1988 his
945 1941 1149 2005 quidam,
1170 1958 1273 1989 cum
1306 1940 1424 1987 salu-

134 2015 226 2062 tari
255 2015 509 2077 pecieribus
531 2014 751 2076 oppositis
784 2025 1024 2077 coeperunt
1044 2047 1058 2069 ‚
1078 2011 1322 2060 osculanda
1346 2029 1426 2059 ca·-

141 2086 235 2151 pita
261 2087 308 2134 in
337 2087 524 2135 modum
555 2099 787 2133 taurorum
824 2084 1065 2133 minacium
1104 2084 1389 2148 obliquantes
1408 2119 1426 2143 ,

142 2157 450 2206 adulatoribus
483 2158 680 2206 offerunt
703 2174 844 2221 genua
875 2156 1117 2205 suavianda
1145 2156 1219 2204 vel
1238 2172 1425 2215 manus,

142 2229 191 2276 id
219 2229 306 2276 illis
335 2229 531 2278 sufficere
563 2230 618 2277 a‘d
650 2230 775 2276 beate
806 2228 1062 2276 vivendum
1093 2227 1392 2275 existimantes
1410 2243 1426 2274 ε

144 2303 196 2350 &
232 2302 456 2351 abundare
489 2302 616 2352 omni
652 2303 776 2351 cultu
813 2302 1099 2351 humanitatis
1137 2302 1423 2366 peregrinum

144 2385 386 2438 putantes,
414 2376 539 2440 cujus
578 2376 695 2423 forte
725 2375 856 2422 etiam
890 2375 1029 2439 gratia
1067 2375 1166 2423 sunt
1202 2373 1423 2438 obligati,

147 2449 497 2516 interrogatum,
518 2450 680 2517 quibus
701 2449 882 2498 thermis
902 2462 1051 2498 utatur
1073 2462 1149 2498 aut
1173 2448 1299 2514 aquis
1314 2483 1328 2507 ‚
1348 2456 1426 2494 aut
