1626 2917
221 259 315 307 29⁰
375 248 377 250 ’
436 241 765 291 AMMIANl
801 240 1281 290 MARCELLtNt

220 352 322 400 sunt
355 350 482 416 gesta.
513 347 816 411 Apodemium
852 348 970 395 enim
1002 365 1059 395 ex
1084 355 1240 410 agente
1268 349 1315 396 in
1340 350 1470 397 rebus
1491 385 1507 408 ‚

218 441 354 489 quem
384 423 429 468 in
462 420 636 467 Silvani
663 436 818 467 necem
849 422 901 468 &
930 421 1051 467 Galli
1076 421 1334 486 *effrenatius
1364 421 1507 470 arsiss'e

219 496 456 546 docuimus
469 531 481 549 ,
498 494 788 556 Paullumque
805 494 1028 542 notarium
1050 508 1358 558 cognomento
1377 496 1510 542 Cate-

221 587 323 619 nam
343 604 356 627 ‚
377 585 479 615 cum
513 566 760 614 multorum
783 566 953 630 gemitu
985 567 1308 614 nominandum
1328 603 1341 625 ‚
1370 567 1509 615 vivos

218 642 403 693 exustos
424 674 437 696 ‚
454 639 536 703 qui
556 639 718 703 sperari
747 639 929 698 debuit,
960 639 1173 702 oppreffit
1191 651 1392 687 eventus.
1415 643 1508 686 Eu-

218 716 388 765 sebium
429 714 558 777 super
599 714 665 759 his
688 750 701 770 ‚
738 713 933 773 cui-erat
978 712 1288 761 Constantiani
1326 713 1508 760 thalami

219 807 324 840 cura
360 787 590 836 commissa
615 823 628 845 ,
660 787 747 834 alte
781 787 1019 849 spirantem
1043 789 1092 835 ὅ(
1122 787 1267 833 dirum
1297 787 1507 834 addixere

218 880 371 928 poenae
393 861 538 908 letali:
563 876 695 924 quem
718 860 773 907 ab
793 861 879 907 ima
897 861 1015 907 sorte
1040 856 1231 922 adusque
1261 858 1506 918 jubendum

216 933 483 999 Imperatori
513 949 640 996 paene
684 933 847 980 elatum
875 970 888 988 ‚
917 933 1112 998 ideoque
1143 931 1474 979 intolerabilem
1493 969 1509 993 ‚

215 1011 520 1058 humanorum
540 1006 773 1070 speciatrix
802 1006 1001 1053 Adrastia
1019 1042 1031 1063 ,
1065 1022 1217 1053 aurem
1246 1040 1260 1063 ‚
1279 1005 1405 1068 quod
1434 1006 1502 1052 di-

216 1085 336 1134 citur
360 1119 374 1139 ‚
412 1081 583 1128 vellens
599 1116 612 1136 ,
649 1080 928 1143 monensque
953 1093 1003 1126 ut
1023 1079 1273 1143 castigatius
1301 1078 1478 1127 viveret
1495 1114 1509 1134 ‚

216 1157 508 1205 reluctantem
545 1153 825 1218 praecipitem
857 1167 1071 1217 tanquam
1107 1169 1131 1199 e
1167 1169 1278 1215 rupe
1311 1153 1502 1216 quadam

214 1230 310 1295 egit
349 1226 537 1276 excelsa.

281 1302 361 1348 IV.
394 1296 658 1346 Conversus
676 1296 777 1360 post
798 1296 894 1344 haec
914 1295 1126 1358 Princeps
1160 1296 1214 1342 ad
1239 1295 1467 1343 Palatinos
1483 1334 1501 1355 ,

215 1390 376 1422 omnes
397 1372 590 1419 omnino
610 1405 623 1427 ,
646 1370 864 1434 quisunt,
885 1372 1050 1433 quique
1071 1370 1154 1416 esse
1175 1371 1356 1432 possunt
1375 1406 1387 1428 ,
1406 1388 1502 1417 non

214 1460 265 1495 ut
297 1444 593 1508 philosophus
614 1444 874 1508 indagandae
906 1443 1106 1491 veritatis
1132 1443 1366 1506 professor.
1388 1448 1504 1490 Lau-

216 1520 313 1567 dari
341 1518 460 1566 enim
493 1529 699 1580 poterat,
726 1517 755 1562 si
784 1516 935 1563 saltem
971 1516 1228 1562 moderatos
1257 1516 1503 1579 quosdam,

214 1593 321 1639 licet
340 1606 528 1654 paucos,
550 1584 817 1648 retinuisset,
836 1605 1107 1652 morumque
1131 1588 1352 1652 probitate
1371 1605 1501 1636 com-

213 1677 385 1729 pertos.
415 1664 624 1727 Namque
659 1662 889 1710 fatendum
927 1662 1014 1719 est,
1052 1661 1307 1724 pleramque
1341 1678 1502 1710 eorum

213 1750 386 1802 partem
408 1737 628 1785 vitiorum
652 1735 858 1782 omnium
874 1734 1154 1782 seminarium
1175 1734 1348 1782 effutius
1366 1735 1501 1783 aluis·

213 1811 257 1858 se
278 1846 291 1868 ‚
318 1810 377 1856 ita
405 1821 455 1856 ut
475 1808 797 1871 rempublicam
818 1807 1052 1855 inficerent
1072 1808 1387 1870 cupiditatibus
1404 1827 1501 1871 pra·

212 1883 285 1931 vis
305 1901 315 1930 :
339 1883 523 1946 plusque
543 1881 759 1944 exemplis
778 1917 792 1939 ‚
812 1897 946 1945 quam
967 1881 1181 1943 peccandi
1201 1881 1402 1940 licentia,
1424 1883 1498 1928 lae-

213 1959 371 2005 derent
404 1958 584 2004 multos.
613 1956 727 2003 Pasti
759 1955 879 2005 enim
907 1972 963 2002 ex
991 1955 1057 2003 his
1085 1956 1269 2019 quidam
1298 1955 1498 2019 templo-4

210 2048 312 2079 rum
337 2029 490 2092 spoliis
507 2066 520 2088 ‚
544 2030 593 2077 &
614 2029 736 2076 lucra
751 2045 808 2075 ex
825 2027 951 2075 omni
968 2028 1210 2074 odorantes
1231 2027 1499 2087 occasione,

210 2104 268 2151 ab
289 2102 476 2166 egestate
500 2100 652 2148 infima
680 2101 734 2148 ad
759 2100 914 2148 saltum
946 2100 1105 2148 sublati
1132 2101 1392 2148 divitiarum
1424 2101 1496 2147 in-

208 2176 410 2241 gentium
429 2211 444 2234 ,
472 2191 555 2222 nec
586 2173 838 2238 largiendi,
874 2191 957 2222 nec
983 2174 1220 2237 rapiendi,
1253 2192 1336 2222 nec
1363 2176 1496 2222 absu-

211 2248 365 2297 mendi
409 2260 595 2295 tenuere
629 2247 820 2309 aliquem
859 2248 1046 2294 modum
1070 2283 1085 2304 ,
1112 2247 1254 2294 aliena
1281 2248 1496 2296 invadere

210 2321 384 2381 semper
420 2318 651 2365 assuefacti.
686 2318 820 2365 Unde
843 2317 1052 2364 fluxioris
1084 2316 1190 2362 vitae
1224 2317 1349 2363 initia
1392 2318 1496 2380 pul-

210 2395 439 2452 lularunt,
467 2395 514 2441 &
546 2391 765 2456 perjuria,
805 2393 854 2440 &
889 2391 1036 2438 nullus
1064 2390 1401 2437 existimationis
1421 2407 1494 2436 re-

209 2465 382 2529 spectus
401 2501 414 2523 ‚
447 2465 714 2529 demensque
735 2462 936 2527 superbia
963 2462 1094 2510 fidem
1123 2463 1242 2511 suam
1264 2463 1494 2526 probrosis

207 2541 447 2608 quaestibus
481 2540 727 2606 polluebat.
759 2542 879 2589 Inter
915 2556 1013 2606 quae
1048 2538 1273 2604 ingluvies
1306 2540 1354 2588 &
1379 2554 1488 2603 gur-
