1626 2917
182 231 272 286 ω
402 198 1239 274 AMMIANJMARCELLINI

179 334 231 380 &
251 314 540 378 Hariobaudo
563 347 648 393 pax
674 329 735 376 est
755 330 988 377 attributa:
1012 333 1286 379 Vadomario
1308 346 1446 388 ver05

179 407 258 469 qui
278 406 394 452 suam
420 405 650 451 locaturus
675 404 950 451 securitatem
979 406 1026 451 in
1046 419 1144 453 tuto
1159 442 1171 464 ,
1193 409 1243 454 ὃς
1265 407 1448 469 legatio·

179 478 250 526 nis
269 477 450 524 nomine
469 489 674 539 precator
693 489 879 523 venerat
899 493 981 538 pro
1004 478 1117 523 Urio
1131 514 1143 534 ‚
1159 481 1207 526 ὃ(
1224 479 1448 537 Urficino,

179 553 231 598 &
254 549 490 612 Vestralpo
510 550 714 613 regibus,
736 567 889 612 pacem
916 551 1069 598 itidem
1096 552 1329 600 obsecrans
1345 589 1358 610 ‚
1376 554 1451 598 in-

178 623 307 671 terim
331 621 590 685 responderi
611 638 703 668 non
728 634 902 684 poterat
917 657 930 679 ,
951 639 1033 679 ne,
1051 636 1100 670 ut
1127 623 1225 670 sunt
1243 624 1449 671 fluxioris

177 695 283 744 fidei
309 693 508 751 barbari,
531 694 629 757 post
658 694 823 741 abitum
848 694 1033 742 recreati
1064 695 1343 753 nostrorum,
1369 714 1448 758 pa·-

174 782 276 814 1·um
296 765 625 829 acquiescerent
640 782 718 828 per
735 766 847 812 alios
865 764 1122 828 impetratis.
1148 767 1232 812 Sed
1253 784 1353 814 cum
1370 767 1447 829 ipsi

175 856 385 904 quoque,
402 839 533 885 miffis
551 838 732 903 legatis,
751 839 851 903 post
866 839 1017 886 meffes
1039 840 1236 887 incensas
1253 842 1303 888 &
1320 841 1449 888 habi-

176 913 346 970 tacula,
376 911 616 975 captosque
647 912 793 973 plures
819 913 866 959 ὅ(
889 911 1145 959 interfectos
1164 949 1177 969 ,
1197 912 1257 959 ita
1280 913 1450 975 suppli·

176 998 360 1046 carent,
381 998 594 1049 tanquam
626 985 705 1047 ipfi
734 986 829 1032 haec
861 985 1138 1048 deliquissent
1165 986 1212 1032 in
1242 985 1447 1041 nostros;

171 1073 334 1123 pacem
363 1057 679 1104 conditionum
708 1054 992 1103 similitudine
1025 1069 1296 1104 meruerunt.
1330 1058 1449 1102 Inter

176 1148 290 1195 quas
309 1130 355 1177 id
372 1129 622 1177 festinatum
641 1129 700 1176 est
721 1129 935 1187 maxime,
954 1144 1002 1176 ut
1021 1129 1227 1190 captivos
1248 1129 1448 1176 restitue-

175 1215 279 1250 rent
297 1218 455 1249 omnes
471 1236 483 1255 ‚
505 1217 621 1264 quos
641 1216 876 1262 rapuerant
895 1201 1151 1247 excursibus
1171 1201 1350 1248 crebris.

241 1278 313 1322 111.
340 1277 451 1322 Haec
471 1274 575 1320 dum
595 1273 640 1319 in
661 1273 820 1319 Galliis
839 1272 1028 1321 coelestis
1049 1272 1234 1336 corrigit
1251 1289 1354 1320 cura
1368 1309 1381 1331 ,
1400 1274 1447 1320 in
1512 1305 1521 1317 .

173 1349 396 1398 comitatu
427 1346 611 1410 Augusti
633 1347 768 1392 turbo
793 1362 1015 1392 novarum
1035 1345 1238 1392 exoritur
1261 1362 1408 1393 rerum
1430 1382 1446 1403 ,
1521 1409 1526 1414 Ι

175 1440 202 1470 a
228 1419 487 1485 primordiis
519 1418 693 1465 levibus
713 1418 767 1465 ad
792 1417 930 1464 luctus
950 1418 1000 1465 &
1025 1417 1216 1464 lamenta
1240 1419 1446 1482 progres-

172 1494 244 1542 sus
259 1528 272 1549 ‚
290 1491 337 1538 in
363 1491 502 1537 domo
522 1489 801 1536 Barbationis
823 1488 1029 1550 pedestris
1051 1488 1221 1535 militiae
1241 1501 1348 1537 tunc
1374 1506 1446 1535 re-

172 1563 339 1622 ἃοτίε,
371 1579 557 1610 examen
585 1577 688 1624 apes
717 1560 861 1608 fecere
890 1559 1182 1622 perspicuum.
1212 1561 1444 1625 Superque

169 1637 264 1684 hoc
298 1635 339 1682 ei
377 1633 688 1697 prodigiorum
732 1647 895 1696 gnaros
931 1630 1120 1678 sollicite
1158 1631 1443 1692 consulenti,

170 1708 408 1756 discrimen
446 1723 654 1770 magnum
684 1705 895 1768 portendi
927 1705 1182 1767 responsum
1214 1707 1302 1765 est,
1329 1723 1443 1754 con-

169 1780 335 1845 jcclura
357 1780 566 1828 videlicet
590 1780 688 1838 tali,
715 1780 841 1843 quod
865 1780 932 1825 hae
951 1779 1160 1827 volucres
1190 1779 1289 1841 post
1317 1798 1445 1828 com·

166 1853 335 1917 positas
363 1853 483 1899 sedes
508 1852 700 1916 opesque
723 1852 977 1916 congestas,
1000 1850 1126 1897 fumo
1147 1853 1371 1914 pelluntur
1390 1856 1441 1902 &

168 1926 429 1973 turbulento
453 1925 601 1972 sonitu
619 1926 947 1990 cymbalorum.
971 1925 1087 1972 Huic
1113 1942 1229 1972 uxor
1248 1939 1339 1974 erat
1357 1928 1441 1974 As-

169 1997 287 2063 syria
305 1998 488 2044 nomine
502 2033 516 2056 ,
537 2015 619 2046 nec
639 1999 885 2056 taciturna,
904 2014 986 2045 nec
1006 1999 1198 2060 prudens
1214 2016 1361 2062 :quae,
1381 2017 1441 2046 eo

167 2070 226 2117 ad
253 2070 588 2132 expeditionem
618 2069 849 2132 profecto,
876 2071 926 2117 &
947 2069 1182 2131 multiplici
1211 2084 1332 2118 metu
1353 2071 1445 2118 sus-

166 2141 325 2206 penso,
344 2141 407 2188 ob
426 2158 495 2199 ea,
513 2157 611 2204 quae
629 2141 890 2189 meminerat
907 2141 984 2188 fibi
1002 2141 1221 2203 praedicta,
1240 2144 1437 2206 perculsa

165 2214 365 2262 vanitate
395 2214 626 2271 muliebri,
660 2214 821 2262 ancilla
853 2213 984 2261 ascita
1019 2226 1227 2263 notarum
1261 2217 1400 2278 perita
1419 2252 1436 2275 ,

163 2302 299 2349 quam
319 2302 342 2333 e
369 2286 645 2348 patrimonio
666 2286 840 2334 Silvani
865 2286 1108 2350 possederat
1124 2323 1137 2342 η
1156 2287 1210 2333 ad
1230 2289 1436 2338 maritum

165 2357 335 2420 scripsit
365 2358 704 2420 intempestive,
726 2360 854 2408 velut
877 2359 987 2407 flens
1016 2360 1348 2425 obtestansque,
1376 2379 1434 2410 ne

163 2429 264 2494 post
277 2430 449 2476 obitum
467 2430 718 2477 Constantii
737 2431 1113 2495 propinquantem
1129 2433 1174 2478 in
1195 2434 1432 2496 imperium

167 2503 280 2567 ipse,
301 2515 351 2555 ut
371 2503 594 2567 sperabat,
613 2505 817 2554 admissus
827 2541 844 2566 ,
864 2505 1059 2570 despecta
1078 2507 1120 2556 se
1137 2520 1433 2573 anteponeret

1597 500 1626 512 f
