1626 2917
293 208 514 254 RERUM
549 206 888 253 GESTARUM
924 207 1028 252 LlB.
1057 205 1186 252 XXI.
1288 209 1381 271 269

106 314 363 380 implebant.
387 316 559 362 Contra
578 314 842 371 munitores,
863 313 965 361 licet
986 330 1156 377 pavore
1176 313 1387 361 discrimi-

105 407 215 437 num
248 388 398 447 anxii,
419 389 593 451 pudore
622 401 770 434 tamen
801 404 856 434 ne
892 386 1104 434 socordes
1124 386 1386 436 viderentur

104 463 156 509 &
180 461 329 525 segnes
345 497 359 519 ‚
389 460 468 507 ubi
502 477 655 523 parum
679 460 748 508 vis
769 460 1040 522 procedebat
1061 463 1204 508 Marte
1227 473 1385 525 aperto

104 546 295 592 tentata,
315 534 369 580 ad
388 533 677 579 instrumenta
694 534 1041 580 obsidionalium
1062 534 1224 581 artium
1242 547 1386 582 trans-

104 610 321 656 tulerunt.
351 611 408 655 Et
441 608 545 672 quia
582 625 670 655 nec·
694 608 903 655 arietibus
934 608 1232 656 admovendis
1252 645 1266 667 ,
1300 626 1385 658 nec

104 682 160 729 ad
177 682 455 728 intentandas
478 680 700 728 machinas
715 715 730 738 ,
752 680 828 726 vel
848 693 897 726 ut
917 680 1080 742 poffint
1100 680 1237 728 forari
1259 683 1387 730 cuni-

103 752 228 809 culi,
260 751 577 800 inveniebatur
604 750 783 814 usquam
812 751 970 799 habilis
1005 751 1131 799 locus
1149 788 1162 811 ‚
1188 752 1384 815 dispara-

102 826 230 872 tione
251 825 382 872 brevi
404 824 633 872 civitatem
652 823 868 870 Natisone
888 823 1007 870 amni
1028 824 1384 886 ptaeterlabente‚

103 910 411 945 commentum
440 897 742 960 excogitatum
776 896 838 942 est
868 913 969 943 cum
991 897 1219 944 veteribus
1243 898 1387 944 admi-

102 970 306 1018 randum‘
331 969 616 1017 Construaas
653 969 806 1016 veloci
834 968 984 1016 studio
1011 970 1176 1034 ligneas
1209 987 1385 1028 turres,

103 1041 457 1106 propugnaculis
481 1041 675 1088 hostium
706 1041 941 1099 celsiores,
975 1042 1229 1104 imposuere
1248 1044 1384 1107 trige-

103 1116 236 1163 minis
264 1115 454 1163 navibus
481 1116 612 1162 valde
632 1115 710 1162 fibi
731 1116 950 1162 connexis
965 1151 980 1175 ,
1001 1117 1161 1180 quibus
1183 1118 1385 1163 insisten-

102 1200 168 1233 tes
204 1187 358 1234 armati
383 1224 396 1245 ,
433 1203 526 1234 uno
557 1188 740 1251 parique
775 1188 935 1235 ardore
966 1189 1274 1250 prohibitores
1293 1191 1384 1237 dis-

101 1261 293 1323 pellere,
313 1261 487 1308 collatis
511 1278 566 1309 ex
589 1261 854 1325 propinquo
875 1262 1074 1320 viribus,
1093 1263 1351 1312 nitebantur
1369 1282 1383 1311 ε

103 1331 342 1397 subterque
362 1334 559 1397 expediti
580 1334 738 1381 velites
757 1351 780 1381 a
800 1335 987 1381 turrium
1012 1337 1218 1384 cavernis
1238 1339 1384 1403 egres-

102 1405 162 1464 fi,
191 1405 360 1468 injeffls
395 1406 671 1469 ponticulis,
704 1423 820 1470 quos
846 1419 948 1454 ante
981 1409 1350 1472 compaginarant
1368 1447 1385 1471 ,

104 1479 346 1542 transgredi
372 1479 635 1527 festinarunt
655 1479 850 1528 indiviso
873 1480 1083 1543 negotio:
1109 1495 1158 1528 ut
1177 1482 1284 1528 dum
1308 1483 1384 1530 vi-

105 1551 245 1598 ciffim
278 1552 509 1600 missilibus
545 1552 586 1598 se
621 1565 778 1614 petunt
812 1553 862 1600 &
902 1552 1015 1599 saxis
1044 1553 1383 1617 utrimquesecus

105 1623 193 1670 alte
211 1624 371 1682 locati,
390 1624 455 1682 hi,
473 1624 551 1688 qui
572 1624 780 1672 tranfiere
799 1641 876 1687 per
899 1638 1077 1687 pontes,
1099 1625 1226 1672 nullo
1248 1626 1384 1674 inter-

105 1697 322 1760 pellante,
343 1697 521 1744 aedificii
543 1711 667 1760 parte
688 1698 903 1745 convulsa
919 1734 932 1755 ,
947 1699 1089 1745 aditus
1107 1699 1153 1745 in
1174 1716 1383 1762 penetra-

104 1770 163 1817 lia
197 1771 452 1827 reserarent.
482 1773 646 1819 Iterum
680 1771 846 1819 summa
875 1771 1016 1835 coepti
1042 1773 1270 1835 prudentis
1301 1776 1382 1821 ali-

103 1841 255 1908 orsum
284 1843 432 1891 evafit.
457 1844 578 1890 Cum
608 1844 727 1890 enim
760 1846 1052 1891 adventarent
1078 1843 1166 1905 jam
1205 1857 1346 1894 turres
1367 1882 1382 1907 ,

104 1916 328 1963 contortis
347 1916 566 1964 malleolis
587 1917 865 1963 madentibus
890 1917 1011 1979 pice,
1028 1918 1245 1965 arundine
1268 1920 1381 1983 quin

103 1987 236 2035 etiam
257 2024 272 2045 ‚
299 1989 526 2037 sarmentis
551 2008 603 2038 ac
640 1991 773 2037 vario
806 1990 965 2037 fomite
994 1990 1271 2039 flammarum
1308 1993 1380 2040 in-

106 2061 395 2109 ceffebantur.
425 2064 543 2123 Quae
572 2063 789 2125 quoniam
825 2063 1039 2110 incendio
1062 2064 1231 2125 celeri,
1258 2082 1378 2129 pon-

105 2134 370 2200 deribusque
393 2138 564 2200 trepide
595 2138 934 2200 superstantium
963 2138 1189 2187 inclinatae
1222 2140 1378 2203 proci-

105 2206 267 2254 derunt
288 2208 335 2256 in
354 2208 522 2256 flumen
540 2245 554 2269 ,
577 2222 847 2256 armatorum
870 2210 1006 2274 aliqui
1026 2229 1104 2273 per
1133 2230 1286 2259 earum
1311 2212 1378 2260 fa-

103 2278 229 2343 stigia
256 2281 497 2329 interibant
519 2318 536 2340 ,
567 2282 742 2329 eminus
771 2282 943 2330 confixi
972 2285 1222 2333 tormentis.
1259 2289 1379 2333 Inter

105 2370 208 2416 quae
239 2354 432 2402 destituti
461 2356 630 2419 pedites
662 2357 762 2419 post
786 2358 1011 2404 navalium
1043 2359 1272 2407 sociorum
1293 2377 1377 2406 oc-

106 2423 252 2471 casum
267 2462 280 2484 ‚
307 2428 462 2475 obtriti
480 2429 590 2476 sunt
619 2429 728 2476 saxis
763 2431 1031 2479 immanibus
1049 2469 1065 2490 ,
1087 2446 1250 2495 praeter
1271 2450 1378 2497 pau-

104 2513 208 2558 εοε,
235 2515 349 2564 quos
375 2502 514 2551 morti
539 2503 706 2553 scilicet
729 2520 809 2568 per
839 2504 1053 2570 impedita
1081 2505 1265 2571 suffugia
1295 2521 1378 2559 ve·v
