1626 2917
417 162 757 211 AMMIANI
806 163 1279 212 MARCELLINI

204 271 400 319 extrafta
432 269 579 332 quiete
612 268 829 316 nthtrna
866 269 1136 316 itinerarium
1170 271 1326 318 sonare
1354 271 1489 320 lituos

204 343 327 406 jubet
349 361 360 390 :
383 340 732 404 praestrtiffisque
752 341 978 399 omnibus,
999 359 1097 405 quae
1117 344 1396 391 difficultates
1415 363 1487 390 ar-

205 420 305 464 duae
335 416 438 463 belli
466 415 710 478 poscebant
732 452 745 473 ‚
779 417 994 462 candente
1031 415 1115 478 jam
1154 418 1251 465 luce
1283 419 1486 483 Affyrios

207 490 317 538 fines
350 489 561 554 ingressus
581 526 593 546 ,
632 489 748 536 celso
775 502 934 551 praeter
964 490 1075 536 alios
1109 489 1264 553 spiritu
1293 493 1488 554 obequi-

203 576 301 610 tans
338 562 575 608 ordinibus
598 598 609 619 ‚
631 561 917 608 aemulatione
954 561 1014 607 sui
1047 562 1229 609 cunGos
1257 564 1309 611 ad
1338 565 1486 612 officia

171 635 480 682 ·fortitudinis
511 636 790 682 incendebat.
823 637 974 699 thue
1016 636 1174 682 duitor
1208 637 1284 683 usu
1320 641 1367 686 &
1398 641 1485 685 do-

200 711 367 758 cilitate
385 709 582 757 firmatus
603 745 616 766 ,
641 722 865 767 metuens,
888 726 941 755 ne
964 726 1040 772 per
1061 711 1266 757 locorum
1290 711 1482 759 insolen-

198 783 306 830 tiam
325 783 490 829 insidiis
516 795 743 844 caperetur
761 780 953 827 occultis
971 817 981 836 ‚
1003 781 1247 843 agminibus
1276 783 1481 831 incedere

196 856 422 919 quadratis
457 856 641 902 exorsus
670 856 743 902 est.
781 856 1100 901 Excursatores
1138 855 1318 917 quidem
1349 857 1483 919 quin-

199 942 358 993 gentos
387 931 438 976 &
469 928 590 975 mille
623 928 778 975 sensim
808 928 965 991 praeire
995 927 1239 992 disposuit,
1267 929 1344 992 qui
1380 946 1482 976 cau·

198 1004 289 1050 tius
306 1003 554 1066 gradientes
573 1019 626 1048 ex
650 1014 843 1064 utroque
869 1001 1005 1047 latere
1020 1037 1031 1057 ,
1051 1001 1293 1065 itidemque
1312 1018 1334 1047 a
1353 1000 1483 1047 fron-

197 1091 269 1134 te,
293 1093 347 1122 ne
369 1077 467 1140 quis
489 1076 748 1138 repentinus
771 1076 984 1132 irrueret,
1009 1075 1363 1137 prospefiabant.
1389 1076 1482 1137 lpse

198 1166 314 1196 vero
345 1150 517 1196 medios
547 1149 715 1212 pedites
748 1165 932 1211 regens,
959 1148 1081 1211 quod
1111 1161 1202 1194 erat
1225 1149 1364 1194 totius
1401 1165 1478 1195 ro-

195 1224 322 1271 boris
359 1222 686 1268 firmamentum
707 1258 718 1278 ‚
745 1222 899 1267 dextra
942 1221 1138 1284 legiones
1179 1220 1347 1284 aliquas
1376 1237 1478 1267 cum

196 1297 385 1344 Nevitta
414 1294 646 1358 supercilia
681 1293 877 1339 fluminis
908 1293 1210 1356 praestringere
1240 1291 1357 1355 juffit
1389 1295 1478 1339 Eu-

194 1368 380 1431 phratis.
414 1367 574 1413 Cornu
600 1381 712 1411 vero
749 1365 916 1410 laevum
960 1380 1059 1410 cum
1092 1365 1291 1428 equiturn
1333 1365 1475 1428 copiis

196 1441 431 1490 Arinthaeo
470 1439 648 1486 tradidit
684 1439 731 1486 ἃ
761 1437 1042 1495 Hormffdae,
1071 1437 1324 1484 ducendum
1362 1455 1475 1486 con-

193 1512 350 1559 fertius
372 1528 449 1573 per
476 1511 604 1573 plana
635 1527 899 1572 can-,porum
928 1512 974 1557 &
996 1509 1162 1555 mollia.
1185 1510 1374 1573 Agmina
1398 1527 1475 1556 ve·

191 1602 247 1632 ro
278 1587 499 1647 postrema
522 1584 823 1648 Dagalaiphus
848 1584 1038 1648 cogebat
1069 1584 1118 1631 &
1147 1584 1304 1630 Vifior
1323 1619 1336 1641 ,
1369 1584 1476 1630 ulti·

191 1661 378 1725 musque
393 1660 596 1705 omnium
612 1658 856 1707 Osdruenae
872 1660 958 1705 dux
982 1658 1273 1706 Secundinus.
1296 1659 1474 1706 Deinde

191 1745 241 1780 ut
263 1731 487 1790 hostibus,
509 1732 539 1778 fi
561 1732 800 1794 erupissent
831 1731 1012 1795 usquam
1034 1768 1046 1788 ,
1070 1732 1143 1778 vel
1171 1732 1473 1795 conspicanti-

190 1804 272 1851 bus
310 1805 468 1866 procul
506 1805 716 1850 timorem
750 1803 1049 1851 multitudinis
1079 1803 1259 1862 majoris
1294 1804 1469 1852 incute-

189 1891 284 1935 ret,
314 1878 472 1925 laxatis
502 1878 656 1925 cuneis
690 1876 886 1938 jumenta
916 1876 1120 1924 dilatavit
1152 1879 1200 1925 &
1231 1878 1434 1924 homines
1455 1912 1469 1935 ,

189 1963 240 1998 ut
272 1950 448 1996 decimo
491 1967 616 2012 paene
663 1950 808 2013 lapide
842 1951 1054 2014 postremi
1088 1949 1411 2013 dispararentur
1444 1967 1468 1997 a

188 2021 404 2086 signiferis
434 2023 586 2085 primis
612 2041 622 2069 ε
650 2023 774 2086 quod
800 2036 890 2069 arte
913 2024 1020 2070 mira
1044 2022 1155 2086 saepe
1185 2021 1331 2069 feciffe
1353 2024 1466 2087 Pyr-

188 2095 294 2140 rhus
324 2094 397 2139 ille
427 2111 504 2140 rex
531 2094 692 2141 dicitur
725 2094 931 2157 Epirotes
952 2131 963 2152 ,
984 2094 1253 2157 opportunis
1279 2095 1323 2140 in
1353 2095 1467 2141 locis

187 2166 551 2224 castrametandi,
573 2184 887 2231 armorumque
912 2168 1099 2231 speciem
1120 2167 1393 2214 diffundendi
1411 2184 1466 2215 ex

186 2238 396 2285 industria
415 2273 428 2296 ,
444 2240 519 2285 vel
537 2241 791 2287 attenuandi
812 2257 1024 2304 perquam
1042 2239 1342 2287 scientissimus
1357 2275 1370 2297 ,
1385 2252 1434 2285 ut
1449 2276 1465 2299 ,

186 2309 264 2356 ubi
297 2309 373 2355 usu
405 2311 790 2373 veniffet,plures
822 2311 1172 2369 aestimarentur‚
1210 2324 1284 2357 aut
1322 2311 1465 2374 pauci.

185 2383 388 2430 Sarcinas
420 2400 534 2429 vero
567 2386 615 2431 ὅ(
643 2384 824 2430 calones
860 2385 910 2431 &
940 2383 1265 2446 apparitionem
1301 2382 1463 2429 imbel-

185 2455 294 2516 lem,
315 2455 828 2522 impedimentorumque
849 2472 984 2522 genus
1004 2472 1138 2503 omne
1159 2457 1273 2503 inter
1295 2470 1463 2504 utrum·

204 182 231 213 μ
