1626 2917
232 134 323 167 220
438 119 768 165 AMMIANI
821 118 1296 165 MARCELLINI

227 222 340 268 tium
368 235 544 278 tumor,
565 221 743 267 ass'umta
772 221 952 267 licentia
973 221 1101 267 latius
1132 221 1286 268 solitus
1314 217 1506 283 evagari.

230 296 308 340 Ob
341 296 435 341 haec
466 296 514 341 &
538 294 689 339 similia
722 292 942 339 concordi
974 293 1187 339 consensu
1223 291 1504 339 dehortanti-

231 364 313 410 bus
346 365 497 411 multis
515 400 528 420 ,
557 366 838 429 maximeque
867 366 1073 412 Modesto
1106 366 1312 429 praefe&o
1340 376 1507 426 praeto-

229 437 302 483 rio
335 439 559 501 regiorum
581 439 767 485 arbitrio
795 439 1040 502 spadonum
1060 438 1291 501 exposito,
1313 440 1361 485 &
1381 437 1504 483 suba·

230 509 370 572 greste
401 510 630 574 ingenium
660 511 792 557 nullis
825 511 1053 558 vetustatis
1074 511 1339 556 leffionibus
1357 525 1504 571 expo-

227 581 356 628 litum
379 584 538 630 coafilo
557 583 690 631 vultu
719 583 897 630 fallente
919 620 932 640 ,
961 585 1009 632 &
1031 583 1264 640 afferente,
1289 582 1413 646 quod
1431 580 1504 626 in-

229 654 296 702 fra
316 656 542 719 imperiale
563 658 773 705 columen
795 657 1021 705 causarum
1040 657 1175 705 essent
1195 656 1391 704 minutiae
1413 654 1506 717 pri-

229 742 465 777 vatarum:
494 730 568 778 ille
598 732 652 778 ad
684 731 1003 779 humiliandam
1037 731 1338 779 celsitudinem
1371 740 1506 792 pote-

228 801 347 849 statis
378 803 666 866 negotiorum
696 804 898 852 examina
931 804 1161 867 spe&anda
1196 803 1389 849 instituta
1419 800 1507 847 effe

229 875 489 934 arbitratus,
515 889 564 924 ut
589 879 831 935 monebat,
853 878 1060 924 abstinuit
1089 877 1262 940 penitus
1279 913 1293 934 ,
1317 875 1507 923 laxavit-

228 964 317 1010 que
350 949 603 1012 rapinarum
631 951 750 997 fores
777 969 786 997 :
821 969 921 1014 quae
946 952 1220 998 roborantur
1249 950 1294 996 in
1323 950 1414 996 dies
1435 948 1508 1011 ju-

228 1021 376 1068 dicum
409 1022 829 1085 advocatorumque
866 1023 1084 1084 pravitate
1114 1023 1393 1070 sentientium
1425 1039 1507 1085 pa-

228 1093 292 1139 ria
313 1111 323 1139 :
351 1093 428 1156 qui
448 1094 704 1140 tenuiorum
724 1094 902 1156 negotia
920 1095 1122 1142 militaris
1147 1095 1208 1141 rei
1234 1095 1507 1154 rekloribus,

230 1165 304 1212 vel
335 1165 450 1213 intra
481 1167 691 1229 palatium
726 1167 884 1215 validis
921 1168 1231 1224 venditantes,
1255 1180 1328 1214 aut
1362 1184 1507 1230 opes,

228 1251 301 1285 aut
331 1240 529 1286 honores
558 1241 800 1303 quaefivere
823 1241 1078 1303 praeclaros,
1113 1242 1237 1287 Hanc
1267 1242 1507 1303 profeffio-

229 1329 333 1359 nem
353 1324 586 1360 oratorum
606 1313 850 1360 forenfium
872 1351 883 1370 ,
904 1313 998 1375 jure
1026 1319 1230 1361 πολιτικῆς
1250 1322 1377 1375 μορίου
1400 1322 1508 1361 eisc«,-

229 1406 314 1443 λον,
335 1384 379 1431 id
404 1385 465 1432 est
479 1421 492 1443 ‚
512 1385 742 1433 civilitatis
762 1386 989 1448 particulae
1008 1386 1207 1431 umbram
1227 1421 1241 1441 ,
1263 1385 1336 1431 vel
1356 1385 1509 1430 adula-

230 1459 370 1506 tionis
402 1472 572 1520 partem
599 1474 801 1523 quartam
830 1461 913 1508 effe
942 1459 1093 1507 definit
1126 1458 1376 1520 amplitudo
1408 1459 1509 1505 Pla-

229 1530 380 1578 tonis:
398 1531 615 1595 Epicurus
642 1545 788 1580 autem
816 1541 1082 1594 κακοτεχνίαν
1104 1531 1342 1578 nominans
1358 1567 1371 1588 ‚
1393 1531 1508 1578 inter

229 1615 345 1650 artes
379 1617 578 1651 numerat
603 1605 753 1653 malas.
778 1605 916 1651 Tifias
952 1603 1161 1650 suasionis
1185 1602 1393 1665 opificem
1425 1603 1509 1650 effe

229 1688 484 1734 memorat,
517 1676 772 1723 assentiente
803 1675 1031 1724 Leontino
1072 1676 1256 1737 Gorgia.
1295 1677 1444 1735 Quam
1483 1692 1510 1722 a

230 1747 461 1794 veteribus
490 1747 551 1795 ita
586 1748 919 1795 determinatam
938 1783 953 1805 ,
982 1747 1267 1793 orientalium
1307 1763 1507 1809 quorun·

230 1819 332 1865 dam
353 1819 544 1867 versutia
561 1820 756 1884 adusque
783 1821 1008 1867 bonorum
1032 1819 1191 1866 extulit
1217 1819 1369 1866 odium
1391 1837 1400 1865 :
1422 1837 1509 1865 un-

229 1893 287 1938 de
323 1894 457 1939 etiam
489 1894 746 1942 retinaculis
781 1894 1000 1956 temporis
1030 1892 1262 1955 praestituti
1296 1892 1506 1941 frenatur.

230 1965 351 2028 Ergo
381 1965 592 2013 absolutis
622 1967 748 2030 super
767 1967 858 2029 ejus
887 1967 1148 2029 indignitate
1176 1965 1352 2028 paucis,
1375 1983 1508 2028 quam

230 2037 280 2084 in
309 2038 395 2086 illis
426 2039 625 2101 partibus
645 2056 776 2104 agens
796 2052 1004 2102 expertus
1028 2038 1120 2084 sum
1137 2073 1155 2094 ,
1175 2037 1229 2083 ad
1249 2049 1507 2099 coeptorum

231 2109 408 2158 cursum
444 2112 663 2174 regrediar
702 2112 968 2158 institutum.
1003 2110 1242 2157 Florebant
1277 2110 1506 2172 elegantiae

230 2182 386 2245 priscae
418 2185 680 2245 patrociniis
706 2184 943 2231 tribunalia
966 2202 977 2230 :
1000 2200 1100 2229 cum
1122 2196 1323 2229 oratores
1345 2182 1506 2228 conci-

231 2269 289 2302 τῖε
317 2255 535 2302 facundiae
553 2293 567 2315 ,
589 2258 746 2305 attenti
768 2258 918 2304 studiis
940 2256 1238 2302 d06lrinarum
1258 2291 1270 2312 ,
1293 2253 1504 2317 ingenio,

229 2325 317 2372 fide
337 2362 351 2385 ‚
383 2327 526 2389 copiis
569 2329 929 2392 ornamentisque
959 2327 1134 2374 dicendi
1167 2327 1366 2389 pluribus
1397 2326 1505 2372 emi-

231 2399 428 2449 nebant:
459 2412 509 2448 ut
543 2401 872 2450 Demosthenes
891 2437 907 2463 ,
932 2418 1026 2466 quo
1055 2400 1227 2449 diEluro
1264 2399 1506 2451 concursus
