1626 2917
175 235 270 284 228
387 235 730 282 AMMIANI
779 234 1248 284 MARCELLINI

175 341 413 405 optimates
440 341 540 388 suos
571 340 757 402 propius
777 340 983 389 admissos
1003 378 1018 399 ‚
1042 342 1271 405 pacatiore
1301 344 1449 391 collo-

169 415 285 479 quio
305 414 476 459 flectere
494 411 747 458 defensores
769 413 822 459 ad
842 412 964 459 suum
987 431 1080 460 non
1101 416 1309 478 potuiss'et
1332 416 1449 462 arbi-

172 486 305 532 trium
321 521 333 542 ,
349 483 489 547 quieti
516 483 632 529 diem
653 482 874 547 integrum
896 483 1018 531 dedit
1037 502 1047 532 :
1069 487 1118 534 &
1134 488 1362 534 matutinae
1383 488 1447 534 lu-

171 558 236 606 cis
263 556 481 613 exordio,
509 556 633 619 signo
657 564 734 618 per‘
752 556 1004 604 flammeum
1024 559 1172 605 ereElo
1193 560 1412 608 vexillum
1431 596 1445 618 ‚

172 629 528 677 circumvaditur
552 627 710 676 civitas
729 644 752 674 a
773 628 1033 690 quibusdam
1064 631 1330 679 vehentibus
1351 633 1446 679 sca-

168 703 234 748 las
252 737 266 760 ‚
296 700 392 748 aliis
424 690 804 763 componentibus
829 699 1060 749 machinas
1079 737 1094 759 ‚
1121 702 1336 766 plerisque
1359 705 1445 750 ob-

167 774 285 838 jeflu
311 773 546 821 vinearum
564 772 911 835 pluteorumque
931 773 1081 832 testis,
1106 774 1189 821 iter
1208 775 1264 822 ad
1281 775 1446 824 funda·

166 858 320 895 menta
350 846 568 909 parietum
594 845 897 908 quaerentibus
927 845 1237 894 subvertenda.
1273 849 1447 896 Contra

167 921 267 967 haec
295 919 512 981 oppidani
530 918 818 982 superstantes
845 919 1189 982 propugnaculis
1214 919 1358 978 celsis,
1382 920 1447 967 la-

164 992 344 1056 pidibus
361 991 533 1038 eminus
558 991 844 1054 telorumque
863 1006 1022 1053 genere
1042 990 1169 1037 omni
1189 991 1243 1037 ad
1261 991 1448 1038 interio-

166 1082 217 1112 ra
239 1063 435 1111 ferocius
459 1063 503 1111 se
521 1064 822 1127 proripientes
846 1064 1146 1112 arcebant.'Et
1164 1065 1446 1128 pugnabatur

167 1150 337 1186 eventu
369 1137 553 1200 ancipiti
591 1138 744 1184 diebus
787 1136 992 1199 aliquot,
1019 1136 1126 1184 hinc
1159 1137 1262 1183 inde
1294 1139 1444 1185 multis

165 1210 329 1258 amillis
358 1210 411 1257 &
441 1209 716 1257 vulneratis:
747 1208 974 1271 postremo
1001 1208 1202 1256 fervente
1235 1210 1442 1256 certami-

166 1299 278 1330 num
313 1282 434 1328 mole
455 1317 470 1338 ‚
500 1284 551 1329 &
584 1282 915 1344 propinquante
953 1280 1038 1342 jam
1082 1281 1263 1343 vespera
1282 1317 1296 1339 ‚
1325 1282 1442 1329 inter

165 1356 392 1405 machinas
415 1354 560 1416 plures
591 1355 797 1401 admotus
825 1353 935 1400 aries
959 1354 1282 1401 robustiffimus
1315 1356 1443 1402 orbi-

165 1428 360 1476 culatam
391 1425 548 1472 turrim
572 1425 754 1471 feriebat
773 1425 930 1472 iffibus
955 1427 1121 1484 densis,
1141 1428 1260 1473 unde
1280 1428 1443 1475 resera-

163 1512 256 1546 tam
278 1497 436 1544 urbem
466 1497 642 1543 obsidio
669 1496 894 1559 superiore
922 1497 1171 1544 docuimus.
1202 1500 1272 1544 Ad
1305 1516 1440 1563 quam

166 1569 384 1619 conversa
397 1568 540 1630 plebe,
553 1568 848 1615 dimicabatur
860 1569 1092 1616 arffiffime
1102 1588 1113 1616 ε
1125 1569 1327 1634 facesque
1340 1589 1441 1619 cum

165 1641 292 1691 taedis
319 1639 571 1686 ardentibus
600 1641 650 1686 &
679 1640 897 1686 malleolis
916 1641 970 1686 ad
989 1640 1268 1687 exurendum
1288 1641 1438 1688 immi-

163 1731 276 1762 nens
302 1713 467 1759 malum
495 1712 692 1775 undique
720 1711 1031 1759 convolabant
1047 1748 1062 1768 ,
1082 1729 1165 1759 nec
1187 1712 1439 1777 sagittarum

165 1786 400 1836 crebritate
416 1820 430 1840 ‚
460 1800 542 1830 nec
558 1784 728 1847 glandis
751 1783 857 1831 hinc
878 1783 982 1830 inde
1005 1784 1207 1832 cessante.
1229 1786 1351 1834 Vicit
1372 1799 1438 1833 ta-

163 1875 268 1907 men
299 1873 434 1903 omne
463 1856 731 1918 probibendi
765 1868 1070 1904 commentum
1106 1874 1292 1904 acumen
1322 1859 1438 1905 arie-

165 1933 246 1990 tis,
271 1943 533 1995 coagmenta
555 1930 732 1978 fodiens
752 1930 948 1992 lapidum
971 1947 1123 1977 recens
1142 1931 1406 1978 strufftorum
1422 1969 1436 1989 ‚

163 2006 437 2066 madoreque
473 2003 605 2050 etiam
635 2015 733 2049 tum
759 2001 1016 2049 infirmium.
1046 2004 1260 2066 Dumque
1292 2004 1436 2052 adbuc

161 2079 286 2127 ferro
317 2087 509 2123 certatur
542 2078 591 2124 &
621 2075 796 2139 ignibus
815 2111 829 2132 ,
858 2075 970 2122 turri
1002 2075 1195 2138 collapsa
1226 2092 1326 2122 cum
1356 2094 1437 2138 pa-

161 2149 308 2198 tuisset
333 2149 416 2195 iter
438 2149 485 2196 in
508 2151 662 2196 urbem
682 2185 695 2207 ,
725 2150 896 2196 nudato
926 2148 1334 2212 propugnatoribus
1362 2150 1434 2194 lo-

161 2240 219 2272 co
239 2258 253 2280 ‚
282 2238 398 2285 quos
420 2222 606 2284 periculi
631 2221 863 2283 disjecerat
893 2221 1154 2285 magnitudo
1172 2256 1184 2277 ,
1207 2221 1433 2269 Persarum

161 2293 360 2359 agmina,
388 2292 583 2355 undique
614 2293 813 2340 ululabili
844 2293 1040 2341 clamore
1075 2292 1279 2349 sublato,
1307 2294 1433 2339 nullo

161 2366 401 2416 cohibente
433 2367 588 2413 cunsla
609 2366 767 2429 oppidi
791 2367 987 2413 membra
1007 2365 1290 2427 complebant
1310 2383 1321 2411 z
1344 2383 1434 2412 cze-

119 2464 125 2468 „
157 2439 296 2503 {isque
325 2439 544 2501 promisce
573 2438 863 2501 pauciffimis‚
887 2437 1047 2485 residui
1067 2453 1223 2484 omnes
1246 2439 1429 2483 manda-

156 2525 208 2561 tu
234 2511 410 2576 Saporis
436 2511 534 2563 vivi
564 2511 870 2576 comprehensi
886 2546 901 2573 ‚
921 2511 976 2559 ad
1004 2510 1210 2575 regiones
1245 2509 1427 2558 Persidis
