1626 2917
194 202 257 247 60
412 198 744 246 AMMIANI
791 198 1250 244 MARCELLINI

193 319 294 349 cum
327 302 575 350 Veriniano
606 302 810 367 collega,
846 303 1002 350 residui
1036 320 1193 351 omnes
1227 302 1474 368 propinqui

195 376 246 421 &
274 374 521 422 familiares.
554 376 739 439 Jamque
773 393 872 422 eum
905 376 1145 440 egressum,
1175 375 1319 423 solum
1350 377 1402 422 de
1434 375 1475 422 se

195 460 398 494 metuens
432 446 615 511 quisque
659 463 740 510 per
776 447 914 511 longa
950 447 1085 510 spatia
1121 448 1379 495 deducebat.
1421 450 1476 494 Et

193 538 467 584 quamquam
500 533 549 567 ut
582 520 771 568 bestiarii
801 521 1104 584 objiceremur
1130 521 1477 568 intraCtabilibus

196 590 317 650 feris,
333 594 656 657 perpendentes
677 607 844 652 tamen,
863 596 952 642 hoc
972 595 1142 642 bonum
1163 595 1324 641 habere
1342 592 1479 640 tristia

196 667 492 729 praecedentia
506 704 519 727 ,
534 669 659 733 quod
681 668 728 715 in
749 668 863 716 locis
879 668 966 716 suis
981 668 1170 716 secunda
1189 668 1478 724 substituunt,

194 740 465 787 mirabamur
502 741 623 788 illam
657 742 917 789 sententiam
946 742 1225 800 Tullianam,
1252 760 1307 788 ex
1339 742 1480 788 inter-

195 812 264 858 nis
297 813 496 861 veritatis
525 814 657 877 ipsius
683 815 1036 879 promulgatam,
1054 831 1155 878 quae
1174 814 1235 861 est
1258 814 1355 861 talis
1376 833 1386 860 :
1417 819 1479 860 Et

195 906 443 948 quamquam
464 888 760 952 optatiffimum
788 890 841 965 est
854 925 870 946 ,
893 905 1085 950 perpetuo
1106 888 1327 947 fortunam
1356 907 1479 948 quam

181 959 513 1023 florentg‘ffimam
535 980 796 1021 permanan
827 965 903 1007 illa
934 977 1071 1006 tamen
1099 963 1357 1022 aequabilitas
1385 962 1480 1004 vitae

195 1050 280 1077 non
309 1049 471 1078 tamum
499 1035 616 1079 habet
635 1034 834 1095 sensum,
856 1051 1056 1095 quantum
1089 1053 1180 1080 cum
1206 1052 1260 1080 ex
1278 1035 1408 1093 savis
1438 1031 1482 1078 δ’

189 1109 368 1169 perditis
403 1109 517 1152 rebus
550 1110 610 1152 acl
640 1109 842 1154 meliorem
863 1109 1024 1174 statum
1044 1109 1225 1167 fortuna
1260 1125 1481 1154 revocatur.

198 1177 524 1226 Festinabamus
548 1179 697 1242 itaque
717 1179 951 1226 itineribus
978 1179 1147 1243 magnis
1163 1215 1176 1239 ,
1193 1191 1242 1226 ut
1272 1180 1482 1226 ambitio·

198 1250 267 1297 sus
298 1250 504 1314 magister
533 1268 791 1309 armorum,
814 1263 915 1298 ante
943 1251 1156 1314 allapsum
1189 1268 1269 1314 per
1303 1251 1482 1298 Italicos

198 1323 251 1369 de
279 1324 520 1387 tyrannide
549 1324 691 1371 ullum
727 1341 954 1371 rumorem
973 1361 987 1382 ,
1012 1325 1060 1370 in
1089 1324 1294 1387 suspeffis
1319 1323 1484 1372 finibus

197 1407 439 1458 appareret.
489 1397 659 1442 Verum
698 1394 860 1442 cursim
900 1412 985 1443 nos
1027 1409 1321 1458 properantes
1366 1397 1484 1443 aeria

199 1469 405 1531 quaedam
438 1468 708 1515 antevolans
739 1467 998 1530 prodiderat
1026 1467 1170 1515 fama:
1202 1470 1252 1516 δέ
1271 1469 1486 1532 Agrippi-

199 1559 302 1588 nam
333 1541 511 1606 ingreffi
549 1542 811 1589 invenimus
851 1541 1008 1588 cunffita
1054 1540 1212 1588 nostris
1245 1542 1486 1590 conatibus

200 1614 373 1662 altiora.
398 1617 603 1680 Namque
630 1633 841 1664 convena
864 1614 1067 1679 undique
1088 1615 1372 1676 multitudine
1393 1627 1485 1662 tre-

199 1684 302 1751 pide
324 1702 472 1752 coepta
491 1689 704 1736 fundante
721 1726 734 1748 ,
761 1689 1011 1752 coaffisque
1030 1689 1175 1752 copiis
1195 1689 1349 1736 multis
1364 1726 1377 1748 ,
1398 1706 1485 1752 pro

202 1762 313 1808 statu
335 1763 398 1808 rei
425 1762 652 1825 praesentis
674 1764 718 1809 id
745 1762 890 1826 aptius
915 1762 1174 1820 videbatur,
1193 1774 1243 1809 ut
1265 1762 1318 1808 ad
1334 1765 1486 1825 Impe-

200 1836 363 1882 ratoris
391 1837 562 1883 novelli
580 1874 594 1894 ,
613 1854 693 1899 per
724 1836 968 1884 ludibriosa
989 1835 1182 1898 auspicia
1211 1835 1379 1882 virium
1406 1853 1485 1884 ac-

202 1908 319 1954 ceffu
350 1908 581 1966 firmandi,
609 1910 778 1957 sensum
808 1928 858 1958 ac
889 1910 1172 1957 voluntatem
1204 1909 1295 1955 dux
1325 1909 1485 1958 flebilis

201 1992 450 2027 verteretur
471 2000 483 2028 ε
506 1999 600 2045 quo
621 1983 758 2029 variis
781 1982 1021 2030 assentandi
1041 1980 1265 2045 figmentis
1295 1981 1342 2028 in
1365 1983 1487 2029 mol-

201 2053 286 2101 lius
309 2067 520 2119 vergente
549 2056 805 2114 securitate,
829 2057 941 2103 nihil
961 2070 1160 2103 metuens
1182 2055 1341 2102 hostile
1365 2055 1487 2103 deci-

200 2144 394 2193 peretur.
421 2130 562 2191 Cuius
582 2130 646 2177 rei
669 2130 769 2178 finis
789 2132 952 2178 arduus
973 2130 1218 2179 videbatur.
1241 2132 1346 2176 Erat
1363 2131 1485 2178 enim

202 2202 376 2251 cautius
412 2202 775 2261 observandum,
811 2216 860 2250 ut
892 2203 1113 2266 appetitus
1149 2203 1485 2265 opportunitati

201 2278 591 2340 obtemperarent,
624 2294 705 2324 nec
735 2290 1055 2340 praecurrentes
1087 2293 1210 2334 eam,
1243 2293 1326 2323 nec
1361 2276 1485 2323 dese-

202 2364 374 2399 rentes:
395 2352 474 2415 qui
495 2352 524 2398 fi
545 2352 780 2399 eluxissent
801 2351 1130 2416 intempestive,
1152 2351 1380 2399 constabat
1399 2367 1485 2398 nos

204 2442 361 2472 omnes
380 2426 458 2473 sub
477 2425 630 2489 elogio
647 2444 743 2473 uno
770 2440 916 2474 morte
937 2427 1228 2474 muletandos.
1247 2426 1484 2489 Susceptus

203 2510 353 2546 tamen
398 2497 516 2546 idem
556 2499 645 2545 dux
685 2499 874 2559 leniter,
911 2499 1203 2564 adassusque‚
1237 2499 1485 2548 inclinante
