1626 2917
311 227 532 274 RERUM
566 226 904 274 GESTARUM
939 224 1041 272 ΠΒ.
1076 225 1244 273 xvm.
1345 240 1431 290 179

153 334 331 384 silentio
365 335 493 382 omni
528 333 719 383 dedecus
752 335 1050 384 obruendum.
1085 336 1292 399 Namque
1322 336 1434 384 dua-

153 427 251 457 rum
275 423 520 457 turmarum
546 410 716 473 equites
744 409 920 456 circiter
940 409 1201 474 septingenti
1221 445 1234 467 ‚
1253 410 1305 456 ad
1329 410 1434 458 sub-

154 483 312 532 fidium
332 483 671 545 Mesopotamiae
691 498 844 529 recens
862 498 917 528 ex
944 482 1132 546 Illyrico
1154 482 1289 541 misti,
1305 500 1434 531 ener-

153 571 235 603 ves
266 556 315 602 δι
337 553 519 612 timidi,
555 554 803 617 praesidium
833 570 911 616 per
944 570 1022 601 eos
1048 554 1269 600 traduElus
1299 572 1435 619 agen-

154 639 250 686 tes,
274 627 598 690 nossurnasque
633 640 848 690 paventes
878 627 1053 674 infidias
1073 664 1083 682 ‚
1117 628 1171 674 ab
1204 630 1434 692 aggeribus

156 701 349 765 publicis
367 699 566 763 vesperi,
585 701 764 763 quando
784 699 997 748 custodiri
1015 701 1152 764 magis
1172 719 1328 749 omnes
1348 719 1437 752 tra-

155 774 286 822 mites
306 773 576 821 conveniret
590 810 602 830 ,
623 772 799 835 longius
819 772 1113 819 discedebant.
1139 774 1328 837 Hocque
1354 778 1441 823 ob-

121 871 130 875 ·*
157 845 364 903 servato,
387 861 466 892 eos
488 844 600 892 vino
620 843 851 906 oppressos
875 845 922 890 &
945 843 1130 901 sonum,
1152 846 1311 908 viginti
1334 849 1439 895 mil-

156 919 217 966 lia
239 918 329 965 fere
346 918 573 965 Persarum
591 954 603 975 ‚
623 916 894 979 Tamsapore.
915 918 963 963 δι
986 916 1233 965 Nohodare
1255 920 1439 968 duetan-

158 992 307 1049 tibus,
336 990 476 1038 nullo·
492 990 793 1053 prospiciente
818 988 1094 1052 transgressa,
1119 991 1217 1053 post
1238 995 1437 1043 tumulos

159 1063 301 1111 celsos
319 1063 532 1111 vincinos
551 1062 722 1108 Amidae
740 1061 1085 1109 occultabantur
1105 1077 1283 1112 armata.
1303 1068 1442 1114 Mox·

159 1153 249 1200 que
280 1137 359 1196 (ut
390 1136 553 1182 dietum
585 1134 672 1200 est)
701 1152 803 1183 cum
833 1135 997 1182 abituri
1030 1137 1300 1186 Samosatam
1339 1142 1440 1190 luce

159 1210 293 1257 etiam
321 1222 414 1256 tum
447 1209 581 1256 dubia
606 1226 887 1274 pergeremus
903 1246 915 1268 ,
938 1212 992 1257 ab
1010 1211 1096 1258 alta
1125 1214 1314 1275 quadam
1342 1215 1443 1279 spe-

159 1283 262 1332 cula
289 1283 556 1331 radiantium
579 1300 805 1330 armorum
825 1283 1059 1346 splendore
1079 1287 1328 1348 praestriffi,
1355 1291 1444 1338 ho-

159 1356 329 1420 stesque
352 1356 491 1403 adesse
515 1356 754 1403 excitatius
793 1356 1070 1405 clamitantes
1087 1394 1101 1416 ‚
1136 1358 1263 1422 figno
1300 1362 1406 1410 dato
1427 1399 1444 1424 ,

162 1429 290 1491 quod
320 1429 374 1474 ad
398 1428 609 1491 proelium
633 1428 744 1475 solet
772 1429 968 1485 hortari,
992 1430 1225 1479 restitimus
1249 1438 1446 1500 conglo-

162 1502 256 1550 bati
279 1520 289 1550 ε
315 1518 399 1549 nec
430 1501 578 1566 fugam
612 1503 854 1565 capeffere,
877 1521 978 1551 cum
999 1505 1134 1552 essent
1153 1506 1239 1567 jam
1265 1508 1311 1554 in
1333 1528 1447 1559 con.

165 1576 282 1622 tuitu
302 1611 316 1633 ‚
348 1575 424 1639 qui
458 1576 727 1623 seElarentur
750 1614 764 1633 ,
798 1593 880 1625 nec
917 1580 1130 1642 congredi
1161 1597 1261 1627 cum
1295 1583 1447 1646 hoste,

164 1650 365 1712 equitatu
392 1652 440 1696 &
467 1667 658 1696 numero
693 1653 965 1714 praevalente
985 1688 997 1710 ‚
1032 1667 1153 1701 metu
1186 1657 1448 1710 indubitatae

166 1723 325 1770 mortis
350 1735 525 1769 cautum
546 1722 862 1772 existimantes.
884 1726 1096 1792 Denique
1115 1745 1170 1775 ex
1190 1730 1346 1778 ultima
1368 1752 1449 1782 ne-

168 1794 361 1842 cestitate
394 1796 598 1843 manibus
636 1795 722 1858 jam
759 1798 1072 1858 conserendis,
1107 1818 1207 1849 cum
1239 1805 1348 1868 quid
1378 1808 1449 1872 agi

168 1881 378 1931 oporteat
397 1870 705 1918 cunetaremur
724 1907 737 1929 ‚
760 1873 1034 1920 occiduntur
1061 1875 1240 1938 quidam
1273 1880 1451 1929 nostro-

167 1959 266 1989 rum
294 1954 459 1990 temere
486 1945 825 2007 procursantes:
859 1949 1108 2013 &urgente
1135 1963 1324 2016 utraque
1347 1971 1453 2019 par-

168 2029 240 2072 te,
270 2017 529 2068 Antoninus
563 2019 796 2067 ambitiose
826 2022 1123 2085 praegrediens
1153 2026 1327 2089 agmina
1347 2065 1360 2087 ,
1396 2031 1452 2077 ab

170 2090 383 2138 Urficino
413 2093 616 2154 agnitus,
647 2097 695 2142 8<
727 2095 1040 2160 objurgatorio
1071 2097 1188 2146 sono
1218 2103 1349 2150 vocis
1381 2104 1455 2152 in·-

173 2162 397 2224 crepitus,
424 2166 722 2231 proditorque
749 2170 797 2215 &
820 2168 1012 2217 nefarius
1046 2173 1291 2234 appellatus
1311 2211 1324 2234 ‚
1355 2177 1455 2226 sub·

173 2235 260 2281 lata
290 2235 422 2294 tiara,
456 2255 588 2302 quam
623 2241 758 2303 capiti
781 2241 956 2289 summo
981 2244 1150 2292 serebat
1169 2247 1361 2297 honoris
1381 2252 1453 2299 in-

174 2308 322 2373 signe,
346 2311 520 2359 desiluit
540 2330 658 2376 equo
678 2334 688 2362 :
712 2318 994 2380 curvatisque
1019 2320 1250 2380 membris,
1272 2324 1453 2374 humum

176 2382 306 2428 vultu
329 2401 454 2446 paene
477 2388 769 2452 contingens,
789 2390 1018 2451 salutavit,
1040 2409 1282 2455 patronum
1303 2399 1458 2460 appel-

175 2456 272 2504 lans
305 2460 353 2506 &
385 2460 617 2508 dominum
637 2496 651 2521 ,
679 2480 835 2510 manus
871 2464 970 2526 post
995 2481 1115 2529 terga
1152 2470 1457 2531 commitens,

176 2529 303 2591 quod
323 2531 440 2594 apud
463 2533 671 2598 Assyrios
703 2533 913 2599 supplicis
938 2535 1107 2584 indicat
1134 2537 1324 2588 formam
1346 2558 1357 2589 ε
1377 2543 1458 2605 Et,

1052 2612 1170 2685 M?-
