1626 2917
267 172 349 216 ³72
469 154 817 203 AMMlANI
860 154 1381 206 MARCELLlNi»

258 261 337 308 tati
357 260 646 325 quaestionem
679 262 1108 322 acrius-veniretur,
1131 265 1404 312 exclamabat
1426 263 1528 312 Pal·‘

254 333 396 379 ladius
410 333 709 392 confidenter,
727 334 847 380 levia
863 335 948 382 effe
968 335 1064 383 haec
1079 371 1094 394 ‚
1109 337 1162 383 de
1179 337 1340 401 quibus
1357 338 1526 401 agitur,

253 407 304 452 δε
329 406 665 466 praetereunda:
697 407 798 454 aliast
818 407 943 467 se,’.fi
973 408 1151 456 licuerit
1182 410 1361 469 dicere,
1393 426 1528 456 mon-

253 476 490 524 straturum
514 480 753 525 metuenda
783 480 834 526 &
859 479 1070 542 potiora,
1088 499 1189 544 quae
1223 481 1396 545 ingenti·
1423 481 1526 527 mo-

251 548 407 597 limine
425 549 821 614 jam'praestruRaz,
842 552 1223 616 nisiffprospeffiim
1244 553 1376 601 fuerit
1392 554 1526 612 ,uni-

253 621 377 669 versa
413 624 709 672 confundent.
737 625 975 690 ‘Juffusque
1005 627 1169 674 docere
1196 625 1407 685 fidenter,
1425 642 1527 689 quae

249 707 413 757 norat,
435 698 668 745 rudentem
699 698 929 762 explicuit·
951 699 1212 747 immensum
1235 719 1245 747 ε
1276 701 1526 757 affirmans,

251 769 490 819 Fidustium
518 772 831 836 praesidialem-5
854 775 1027 822 &cum
1053 777 1230 822 Irenaeo'
1251 772 1525 837 Pergamium

250 859 421 890 nomen
449 846 709 908 imperaturi
726 847 839 910 *post*
862 846 1097 894 Valentem
1127 847 1386 894 detestandis
1410 863 1527 908 prae-

249 915 376 979 sagiis
403 918 598 967 didicisse
628 920 842 967 secretim.
873 923 928 966 Et
953 933 1185 984 correptus
1212 912 1436 967 >Fidustius
1467 920 1524 965 il-

248 990 342 1038 lico
362 1028 375 1049 ,
391 992 614 1057 (namque
634 994 784 1041 aderat
805 992 922 1040 forte
940 992 962 1056 )
991 994 1258 1057 occulteque
1285 994 1488 1040 inductus
1509 1029 1524 1052 ‚

250 1063 351 1109 viso
383 1064 558 1123 indice,
578 1065 697 1111 nulla
729 1063 1000 1111 infitiatione
1040 1066 1309 1113 obumbrare
1332 1059 1417 1128 jam
1444 1082 1523 1128 pu-

189 1171 190 1176 ,
248 1133 412 1182 blicara
438 1149 658 1194 conatus,
680 1135 743 1182 rei
766 1135 904 1182 totius
926 1136 1228 1184 calamitosum
1257 1137 1395 1200 aperit
1425 1149 1527 1183 tex—

249 1219 374 1255 tum:
405 1208 606 1256 absolute
635 1208 855 1256 confessus
873 1243 886 1266 ,
905 1207 946 1254 se
978 1225 1080 1256 cum
1100 1209 1274 1257 Hilario
1303 1213 1352 1258 &
1379 1210 1523 1257 Patri-

190 1301 194 1304 ·
249 1282 327 1330 cio
358 1282 632 1331 vaticinandi
651 1283 833 1346 peritis,
855 1298 1047 1345 quorum
1077 1281 1268 1330 Hilarius
1300 1283 1524 1330 militave-

251 1367 319 1402 rat
344 1355 391 1402 in
419 1355 586 1418 palatio
603 1392 618 1413 ,
638 1356 692 1402 de
711 1354 902 1418 imperio
935 1355 1198 1402 consuluisse
1224 1355 1376 1402 futuro
1396 1374 1406 1402 :
1424 1372 1526 1402 mo-

249 1426 402 1490 tasque
440 1427 616 1475 secretis
650 1427 816 1474 artibus
851 1426 1021 1484 sortes,
1054 1429 1102 1474 ὃς
1143 1427 1523 1491 nuncupationem

247 1500 471 1564 Principis
498 1500 694 1563 optimi,
723 1502 773 1549 &
801 1499 907 1563 ipsis
931 1499 1262 1548 consultoribus
1297 1500 1524 1548 luctuosos

247 1573 391 1621 exitus
417 1574 681 1637 praedixisse.
711 1576 858 1638 Atque
888 1573 1174 1622 comantibus
1193 1609 1207 1633 ,
1233 1573 1432 1638 quisnam
1470 1591 1521 1621 ea

248 1647 503 1709 tempestate
535 1648 745 1695 omnibus
772 1647 933 1710 vigore
961 1646 1099 1693 animi
1128 1647 1377 1705 antistaret,
1401 1646 1523 1695 visus

249 1721 312 1767 est
340 1722 436 1768 aliis
465 1722 683 1769 excellere
713 1721 984 1769 Theodorus
1004 1756 1018 1778 ‚
1045 1720 1283 1768 secundum
1300 1721 1417 1768 inter
1436 1738 1520 1768 no-

246 1792 386 1839 tarios
420 1795 603 1856 adeptus
632 1792 718 1854 jam
739 1793 937 1857 gradum.
968 1793 1022 1839 Et
1048 1804 1141 1839 erat
1165 1809 1318 1841 revera
1349 1792 1409 1839 ita
1431 1828 1444 1851 ‚
1469 1804 1519 1840 ut

247 1865 423 1926 opinati
448 1866 561 1914 sunt.
599 1868 802 1930 Namque
832 1864 1077 1930 antiquitus
1118 1864 1242 1913 claro
1277 1880 1435 1928 genere
1472 1864 1520 1915 in

246 1937 405 1985 Galliis
434 1954 562 1987 natus
578 1975 592 1998 ,
616 1939 919 1989 &liberaliter
947 1940 1157 1988 educatus
1185 1957 1208 1987 a
1231 1939 1382 2003 primis
1407 1956 1520 2002 pue-

246 2009 358 2057 ritiae
389 2012 680 2072 rudimentis,
713 2013 924 2060 modestia
944 2049 958 2072 ,
989 2011 1246 2076 prudentia,
1268 2012 1520 2059 humanita-

246 2094 290 2130 te
304 2120 318 2142 ‚
339 2086 474 2148 gratia
488 2123 500 2144 ‚
528 2086 662 2134 literis
681 2086 998 2142 ornatissimus,
1020 2085 1189 2147 semper
1206 2085 1361 2132 officio
1388 2085 1521 2132 loco·

245 2171 358 2215 que,
383 2172 513 2218 quem
533 2157 775 2216 retinebat,
789 2156 996 2218 superior
1013 2155 1247 2202 videbatur
1262 2192 1276 2215 ,
1307 2156 1405 2204 altis
1434 2157 1520 2203 hu-·

244 2225 510 2289 milibusque
536 2223 657 2288 juxta
687 2240 906 2291 acceptus.
926 2225 1139 2289 Solusque
1167 2244 1292 2289 paene
1314 2228 1518 2275 omnium

245 2307 365 2355 erat,
386 2298 508 2361 cujus
523 2300 716 2364 linguam
736 2317 831 2348 non
850 2300 1067 2348 infrenem
1081 2335 1095 2356 ‚
1116 2300 1188 2346 sed
1207 2299 1514 2362 dispicientem

247 2387 349 2432 quae
376 2371 634 2436 loqueretur
655 2410 668 2432 ,
698 2374 860 2422 nullius
892 2374 1121 2421 claudebat
1147 2373 1336 2436 periculi
1361 2386 1518 2420 metus.

246 2443 537 2493 Hisaddebat
566 2445 682 2494 idem
712 2446 928 2495 Fidustius
948 2482 963 2507 ,
981 2444 1320 2496 excarnificatus
1344 2445 1431 2510 jam
1461 2445 1517 2493 ad
