1626 2917
242 191 332 237 174
430 166 1360 222 AMMlAN1MARC1-:LL1Ns

238 281 393 346 fingit:
424 298 517 327 non
537 273 769 328 abnuimus
787 318 800 339 ,
824 284 1001 345 (neque
1018 282 1136 329 enim
1160 281 1425 347 ambigitur)
1445 281 1514 331 sa-

236 355 379 400 lutem
412 355 612 401 Valentis
638 356 848 402 &antea
883 354 1038 418 saepius
1067 371 1146 417 per
1179 356 1377 403 occultas
1410 355 1516 403 coi-

239 426 413 483 tiones,
443 427 493 473 &
522 438 628 473 tunc
658 427 702 473 in
730 439 929 474 extrema
963 426 1229 473 demersam:
1260 426 1515 490 ferrumque

239 501 293 545 ad
322 499 521 561 jugulum
544 498 642 561 ejus
671 516 812 561 prope
846 501 1044 547 adactum
1067 516 1090 546 a
1110 499 1370 547 militaribus
1387 536 1402 557 ‚
1417 499 1516 558 fato

237 572 502 619 rcfledtente'
521 573 775 636 depulsum,
805 591 937 638 quem
968 573 1210 621 lacrimosis
1240 573 1285 620 in
1317 568 1513 620 Thracia

238 643 569 691 discriminibus
599 646 848 693 destinarat.
881 648 1084 709 Namque
1117 646 1236 693 &in
1270 646 1515 694 nemoroso

239 717 435 779 quodam
468 715 583 762 inter
616 717 905 764 Antiochiam
939 720 988 766 &
1014 719 1252 765 Seleuciam
1278 719 1384 766 loco
1420 718 1512 765 leni

239 788 392 850 quiete
425 788 524 851 post
551 789 779 837 meridiem
810 790 1071 852 consopitus
1089 826 1102 848 ‚
1125 807 1147 836 a
1170 790 1374 837 Sallustio
1405 802 1516 837 tunc

241 863 437 910 scutario
454 900 467 922 ‚
487 866 546 935 Q
561 863 672 927 saepe
696 865 800 911 alias
833 864 1051 928 appetitus
1077 864 1380 911 insidiantibus
1398 863 1519 910 mul-

239 938 295 985 tis
311 970 327 995 ,
348 939 455 984 vitae
474 938 673 985 terminis
699 955 722 984 a
743 938 1026 1002 primigenio*
1040 951 1143 985 ortu
1163 937 1390 1001 adscriptis
1407 937 1519 985 ‘ausa

241 1012 451 1059 immania
478 1011 751 1058 frenantibus
775 1011 1006 1058 evadebat.
1031 1005 1098 1058 Ut
1133 1010 1211 1058 sub
1241 1011 1520 1074 Principibus

243 1088 509 1133 Commodo
530 1088 578 1133 &
598 1087 769 1131 Severo
792 1102 1115 1148 nonnunquam
1135 1084 1388 1142 accidebat,
1404 1096 1522 1150 quo·

242 1178 341 1208 rum
365 1160 531 1206 summa
557 1158 606 1205 vi
636 1158 745 1205 salus
771 1159 928 1205 crebro
949 1158 1321 1221 oppugnabatur:
1342 1159 1452 1205 adeo
1470 1170 1521 1205 ut

242 1234 342 1297 post
365 1232 566 1279 intestina
590 1232 785 1293 pericula
813 1231 952 1277 multa
972 1231 1021 1282 &
1040 1230 1161 1276 varia
1180 1266 1192 1286 ‚
1212 1229 1321 1276 alter
1350 1230 1395 1276 in
1417 1248 1517 1277 am-

242 1304 531 1371 phitheatrali
551 1321 685 1352 cavea
712 1341 725 1361 ‚
764 1321 864 1352 cum
882 1303 1120 1351 ‘affuturus
1157 1304 1410 1366 spectaculis
1444 1305 1519 1351 in-

243 1381 405 1429 troiret
420 1417 432 1439 ‚
458 1398 481 1426 a
510 1379 764 1439 Quintiano
784 1378 983 1425 senatore
1003 1378 1170 1424 illicitae
1191 1377 1409 1440 cupidinis
1428 1380 1518 1425 ho-

245 1455 393 1513 mine,
423 1454 477 1500 ad
499 1452 771 1498 debilitatem
804 1467 929 1514 paene
955 1449 1155 1514 pugione
1183 1450 1521 1499 vulneraretur:

246 1527 357 1574 alter
389 1524 657 1586 inopinabili
682 1524 872 1586 impetu,
891 1528 1094 1584 tempore
1118 1521 1265 1569 aetatis'
1288 1535 1520 1581 extremo,

246 1618 271 1647 a
291 1599 531 1647 Saturnino
568 1598 833 1645 centurione
866 1595 1056 1643 consilio
1086 1595 1301 1642 Plautiani
1325 1595 1522 1659 praefeffi

247 1675 297 1720 in
329 1672 540 1720 cubiculo
569 1670 715 1731 jacens
737 1669 1057 1729 confoderetur
1074 1706 1087 1726 ,
1107 1669 1152 1714 ni
1180 1668 1340 1714 tuliffet
1360 1667 1523 1731 suppe-

248 1748 330 1793 tias
363 1744 479 1791 filius
505 1744 773 1792 adolescens.
808 1742 1038 1804 Quocirca
1067 1741 1198 1788 etiam
1233 1740 1395 1787 Valens
1430 1752 1524 1789 erat

250 1818 383 1865 venia
405 1817 560 1880 dignus
574 1855 586 1875 ‚
611 1817 769 1875 vitam,
788 1833 919 1880 quam
939 1826 1139 1877 ereptum
1155 1813 1218 1860 ire
1239 1809 1391 1875 perfidi
1410 1829 1522 1875 pro-

248 1892 462 1957 perabant
480 1927 493 1948 ‚
513 1890 638 1936 omni
669 1890 839 1937 cautela
867 1888 1122 1936 defendens.
1149 1886 1232 1933 Sed
1246 1884 1520 1947 inexpiabile

249 1963 362 2010 illud
388 1976 480 2008 erat
496 1999 507 2019 ,
532 1963 655 2025 quod
684 1962 889 2025 regaliter
906 1961 1132 2024 turgidus,
1155 1958 1247 2022 pari
1273 1957 1522 2019 eodemque

249 2037 345 2099 jure
366 2072 381 2093 ‚
414 2036 522 2082 nihil
562 2036 676 2081 inter
715 2035 754 2081 se
787 2033 1045 2080 distantibus
1074 2031 1240 2078 meritis
1261 2065 1273 2085 ,
1308 2041 1526 2076 nocentes

241 2108 601 2171 innocentesque
625 2109 813 2170 maligna
837 2105 1122 2152 insectatiOne
1142 2103 1523 2164 volucriter'per-

250 2182 434 2245 urgebat
470 2199 480 2227 :
510 2193 558 2226 ut
591 2181 693 2226 dum
727 2180 870 2226 adhuc
903 2178 1177 2223 dubitaretur
1211 2175 1264 2220 de
1297 2173 1521 2230 crimine,

251 2258 522 2318 Imperatore
555 2271 647 2300 non
679 2253 907 2300 dubitante
935 2251 988 2296 de
1018 2266 1151 2312 poena
1172 2284 1184 2304 ‚
1215 2248 1448 2294 damnatos
1480 2245 1525 2293 se

252 2329 431 2392 quidam
464 2328 582 2387 prius
607 2326 846 2381 discerent,
867 2341 998 2388 quam
1019 2321 1248 2384 suspectos.
1279 2319 1522 2368 Adolesce-

252 2401 327 2447 bat
354 2413 498 2445 autem
532 2397 796 2444 obstinatum
820 2397 911 2459 ejus
945 2393 1220 2458 propffsitum
1251 2394 1524 2439 admovente

253 2473 450 2521 stimulos
472 2472 681 2534 avaritia,
703 2475 749 2521 ὃς
769 2473 865 2533 sua,
883 2472 931 2518 &2
951 2486 1134 2530 eorum,
1159 2467 1236 2533 qui
1257 2480 1364 2517 tunc
1382 2465 1429 2513 in
1449 2479 1522 2511 re-
