1626 2917
334 204 553 251 RERUM
588 203 925 250 GESTARUM
959 201 1063 247 LIB.
1096 201 1260 247 XVIII.
1345 202 1432 271 167

150 311 253 369 iti,
275 311 391 374 apud
420 327 552 374 quem
579 309 640 374 (fi
664 327 768 357 vere
796 308 885 357 dici
916 307 1105 373 debeat)
1133 309 1270 355 multa
1301 309 1432 355 Con—

153 385 338 431 stantius
368 383 548 446 potuit,
570 383 777 429 antedi&
799 383 987 445 magistri
1017 382 1217 446 equitum
1248 381 1432 427 salutem

151 455 316 502 acriter
333 454 634 520 impugnantis
648 490 660 510 ‚
681 454 855 501 ratione
878 453 1032 501 bifaria
1051 471 1062 501 ε
1082 453 1205 517 quod
1224 452 1430 499 omnium

152 527 273 575 solus
296 545 378 574 nec
399 529 500 590 opis
530 527 622 588 ejus
645 528 826 590 egebat,
853 539 903 574 ut
932 526 1090 584 ceteri,
1112 528 1162 574 δε
1189 526 1328 574 domo
1356 525 1431 573 sua

152 619 250 649 non
281 603 457 649 cederet
476 601 750 653 Antiochiae,
772 618 902 663 quam
933 600 1230 647 molestissime
1261 599 1432 663 flagita-

149 677 241 724 bat.
271 677 366 738 Qui
394 689 443 723 ut
470 677 656 723 coluber
681 676 811 736 copia
840 675 962 722 virus
993 675 1268 730 exuberans,
1298 686 1433 720 nato-

149 763 250 794 rum
273 748 601 794 multitudinem
631 746 764 793 etiam
796 759 887 791 tum
915 763 1028 808 aegre
1056 745 1324 807 serpentium
1352 762 1430 791 ex-

145 817 294 864 'citans
324 819 378 864 ad
419 819 674 864 nocendum
695 853 708 874 ‚
741 817 971 863 emittebat
1011 817 1312 864 cubicularios
1339 815 1430 877 jam

148 890 328 936 adultos
348 903 428 948 :,ut
454 891 569 937 inter
591 890 829 936 ministeria
852 890 955 936 vitae
978 889 1255 948 secretioris,
1285 890 1430 953 graci-

146 960 273 1008 litate
298 962 430 1010 vocis
457 962 624 1024 semper
644 961 820 1024 puerilis
848 964 896 1009 ὅ(
924 961 1120 1019 blandae,
1149 963 1268 1024 apud
1301 962 1430 1025 prin-

147 1035 260 1098 cipis
278 1053 404 1083 aures
425 1035 610 1081 nimium
632 1035 799 1096 patulas
824 1034 1199 1082 existimationem
1222 1035 1309 1082 viri
1332 1035 1431 1083 for-

148 1108 205 1154 tis
227 1108 398 1155 invidia
427 1108 555 1172 gravi
586 1107 831 1170 pulsarent:
852 1111 897 1155 &
927 1109 1053 1154 brevi
1082 1107 1189 1170 juffa
1209 1108 1429 1158 fecerunt.

145 1180 322 1227 Horum
359 1183 408 1228 &
440 1180 643 1227 similium
680 1181 815 1227 taedio
851 1180 979 1243 juvat
1016 1193 1211 1228 veterem
1250 1181 1428 1230 laudare

144 1252 497 1310 Domitianum,
517 1252 622 1316 qui,
649 1252 754 1300 licet
775 1253 908 1316 patris
933 1254 1165 1316 fratrisque
1184 1254 1398 1302 diffimilis
1412 1292 1428 1315 ‚

145 1326 412 1374 memoriam
434 1325 631 1373 nominis
655 1326 717 1372 sui
739 1327 996 1388 inexpiabili
1017 1327 1305 1375 detestatione
1326 1346 1428 1391 per-

143 1398 284 1452 fudit3
308 1411 454 1445 tamen
474 1399 766 1460 receptiffima
789 1399 1000 1446 inclaruit
1026 1399 1120 1462 lege
1137 1436 1149 1456 ‚
1172 1417 1257 1461 qua
1282 1402 1427 1448 mina-

148 1470 258 1516 citer
287 1470 601 1528 interdixerat,
628 1487 683 1517 ne
715 1470 829 1516 intra
857 1470 1074 1517 terminos
1106 1471 1426 1531 jt1risdiffionis

121 1542 125 1544 ’
143 1541 365 1590 Romanae
384 1542 590 1590 castraret
610 1542 837 1606 quisquam
861 1561 1046 1605 puerum
1067 1563 1078 1590 ε
1097 1545 1221 1608 quod
1244 1546 1288 1593 ni
1310 1563 1426 1594 con-

145 1615 331 1678 tigiffet‚
359 1616 457 1679 quis
485 1633 643 1663 eorum
671 1615 805 1662 ferret
831 1615 1064 1675 examina,
1084 1633 1277 1678 quorum
1309 1636 1424 1681 pau-

145 1687 256 1734 citas
288 1688 468 1735 difficile
494 1687 740 1734 toleratur?
764 1687 920 1732 Afilum
956 1687 1016 1733 est
1045 1700 1192 1735 tamen
1223 1689 1423 1749 cautius,

143 1777 226 1820 ne„
250 1773 299 1808 ut
317 1759 534 1824 fingebat,
554 1761 700 1806 rursus
722 1759 888 1807 accitus
907 1759 1022 1806 idem
1049 1761 1282 1808 Ursicinus
1301 1776 1423 1811 metu

143 1834 304 1881 cuneta
336 1835 560 1894 turbaret,
594 1835 666 1882 sed
697 1851 798 1882 cum
832 1834 927 1882 fors
964 1835 1140 1898 copiam
1171 1838 1422 1899 detulisset,

141 1920 374 1969 raperetur
400 1908 454 1955 ad
480 1920 687 1955 mortem.
717 1910 825 1954 Haec
861 1909 1197 1972 opperientibus
1230 1911 1342 1969 illis,
1373 1916 1423 1962 &

144 1980 329 2044 ancipiti
359 1981 636 2044 cogitatione
665 1980 892 2040 distriffis,
912 1982 1045 2029 nobis
1079 1984 1196 2045 apud
1221 1984 1424 2033 Samosa-

143 2064 259 2110 tam,
290 2053 587 2117 Commageni
622 2054 849 2118 quondam
887 2054 1014 2117 regni
1050 2054 1326 2104 clariffimam
1361 2058 1424 2104 se-

144 2125 273 2181 dem,
298 2142 534 2189 parumper
563 2126 872 2183 morantibus,
903 2143 1085 2189 repente
1118 2129 1234 2176 novi
1270 2143 1422 2177 motus

143 2196 400 2243 rumoribus
422 2196 560 2245 denfis
583 2198 826 2244 audiuntur
846 2198 896 2245 &
923 2198 1137 2248 consertis
1151 2218 1167 2257 3
1185 2218 1302 2265 quos
1333 2204 1422 2250 do-

145 2267 265 2316 cebit
287 2268 503 2316 orationis
521 2271 810 2334 progrediens
829 2283 991 2320 textus.

209 2343 264 2387 V.
282 2342 540 2389 Antoninus
557 2344 756 2407 quidam,
771 2361 827 2391 ex
847 2358 1092 2393 mercatore
1113 2346 1334 2409 opulento
1352 2364 1425 2395 ra-

145 2412 365 2462 tionarius
391 2416 621 2477 apparitor
641 2415 981 2479 Mesopotamiae
1009 2419 1161 2477 ducis,
1182 2433 1290 2467 tunc
1313 2436 1422 2482 pro-

145 2485 313 2552 testor,
331 2487 598 2538 exercitatus
628 2490 677 2538 δι
701 2489 920 2554 prudens,
946 2507 1116 2554 perque
1136 2507 1295 2540 omnes
1323 2491 1424 2541 illas

1052 2564 1153 2622 Lai
