1626 2917
185 144 276 190 260
378 140 730 189 AMMIANI
765 140 1271 188 MARCELLINI

180 247 480 311 petulantior,
501 245 753 311 aversisque
772 247 951 294 residuis
973 250 1020 296 δέ
1037 249 1231 296 telorum
1252 249 1466 298 varietate

180 321 398 378 confixis,
419 320 573 368 babitu
601 319 688 380 jam
709 322 922 367 Romano
950 322 1242 369 cadaveribus
1265 323 1464 386 spoliatis

176 392 332 440 armati
347 428 360 448 ‚
383 392 482 440 viso
504 393 692 455 propius
717 392 968 457 Fritigerno
988 393 1231 455 junxerunt
1259 395 1393 442 semet
1415 411 1464 443 ut

175 465 389 527 morigeri
425 465 562 524 socii,
595 466 841 529 urbemque
876 466 1067 513 clausam
1106 467 1463 515 obsidionalibus

175 537 386 583 aerumnis
414 537 645 599 urgebant.
681 540 732 585 In
762 556 852 601 qua
885 539 1147 586 difficultate
1180 539 1347 587 diutius
1379 558 1461 603 po-

172 609 266 663 firi,
288 609 437 671 passim
460 611 510 658 ἃ,
541 611 796 672 promiscue
827 613 1347 676 ruebantteminensque
1378 613 1464 659 ali-

171 698 369 745 quorum
391 684 572 730 audacia
596 683 768 746 peribat
789 684 957 742 inuita,
979 685 1198 749 multique
1220 685 1385 750 sagittis
1411 687 1463 734 &

170 755 328 802 rotatis
355 773 433 818 per
457 756 616 804 fundas
642 757 862 819 lapidibus
888 757 1142 807 interibant.
1172 759 1308 806 Tunc
1329 759 1462 806 Friti-

171 844 335 890 gernus
356 829 512 876 frustra
541 847 642 877 cum
668 843 738 876 tot
769 831 968 878 cladibus
996 832 1226 879 colluuari
1253 832 1460 880 homines

168 900 364 964 ignaros·
393 902 626 948 obsidendi
661 904 1004 966 contemplans,
1040 904 1190 951 remia
1226 904 1288 951 ibi
1322 922 1459 952 manu

167 972 438 1033 sufficiente,
465 974 589 1021 abire
619 976 808 1040 negotio
835 976 1098 1040 imperfe80
1124 976 1278 1036 suasit,
1305 980 1458 1024 Pacem

152 1044 245 1110 fibi
262 1044 333 1109 ‘ff
351 1066 441 1094 cum
453 1050 684 1109 parietibus
703 1065 977 1108 memorans,
999 1049 1284 1114 suadensque,
1302 1063 1354 1097 ut
1370 1067 1458 1113 po-

165 1119 382 1182 pulandas
411 1122 585 1186 opimas
616 1122 823 1187 regiones
853 1125 903 1170 &
930 1123 1087 1170 uberes
1113 1123 1277 1188 absque
1302 1124 1457 1172 discri-

165 1192 289 1240 mine
315 1195 434 1253 ullo‚
465 1211 629 1242 vacuas
652 1194 865 1257 praefidiis
888 1195 1121 1243 etiamtum
1154 1197 1456 1246 adorirentur.

166 1268 368 1314 Laudato
398 1267 513 1331 regis
541 1268 761 1326 confilio,
792 1283 927 1331 quem
955 1268 1261 1331 cogitatorum
1290 1283 1456 1318 norant

164 1338 264 1384 sore
294 1337 468 1386 socium
489 1340 713 1388 efficacem
729 1376 743 1399 ‚
761 1356 839 1402 per
858 1340 1151 1388 Thraciarum
1180 1340 1293 1389 latus
1316 1358 1455 1390 omne

165 1411 345 1473 disperfi
372 1424 501 1459 caute
531 1412 872 1476 gradiebantur,
909 1412 1122 1459 dedititiis
1152 1413 1230 1461 vel
1261 1414 1454 1477 captivis

166 1484 301 1532 vicos
328 1484 489 1532 uberes
508 1484 867 1541 ostendentibus,
891 1501 970 1531 eos
989 1485 1245 1548 praecipue,
1263 1487 1342 1534 ubi
1370 1487 1455 1535 ali-

165 1572 424 1607 mentorum
446 1560 633 1623 reperiri
658 1560 781 1608 satias
801 1559 1062 1607 dicebatur:
1083 1576 1140 1607 eo
1165 1560 1354 1609 maxime
1374 1563 1454 1608 ad·-

162 1631 371 1693 jumento
409 1648 570 1697 praeter
614 1634 850 1698 genuinam
893 1632 1026 1680 ereffi
1059 1632 1295 1693 fiduciam,
1325 1635 1453 1698 quod

161 1706 423 1755 confluebat
444 1708 499 1754 ad
531 1723 609 1754 eos
634 1707 680 1752 in
715 1706 807 1753 dies
837 1721 892 1753 ex
922 1706 1073 1752 eadem
1095 1718 1226 1768 gente
1248 1706 1451 1753 multitu-

162 1779 247 1838 do,
265 1779 434 1826 dudum
455 1796 480 1826 a
500 1779 826 1827 mercatoribus
848 1778 1136 1835 venumdati,
1152 1778 1330 1839 adjeffis
1350 1779 1448 1841 plu·

163 1851 314 1910 rimis,
335 1868 452 1916 quos
483 1852 633 1913 primo
665 1849 924 1914 transgressu
958 1850 1104 1897 necati
1139 1850 1447 1907 inedia,vino

161 1923 267 1970 exili
295 1923 371 1970 vel
397 1923 523 1986 panis
553 1922 701 1970 frustis
734 1934 967 1969 mutavere
1000 1921 1234 1968 viliffimis.
1266 1921 1448 1981 Quibus

160 1995 375 2043 accefi‘ere
421 1995 743 2059 sequendarum
783 1995 879 2041 auri
913 2007 1156 2050 venarum*a
1178 1993 1306 2056 periti
1349 2011 1447 2041 non

156 2069 323 2132 pauci,
352 2069 636 2132 veitigalium
670 2069 865 2132 perferre
897 2068 1020 2131 pofl'e
1053 2085 1148 2114 non
1179 2067 1446 2116 sufficientes

155 2142 347 2190 larcinas
394 2159 549 2206 graves
581 2161 591 2189 z
631 2141 910 2204 susceptique
953 2140 1110 2187 libenti
1149 2140 1446 2188 consensione

157 2216 422 2264 cuneiorum
440 2252 453 2271 ‚
473 2232 639 2279 magno
670 2214 766 2262 usui
797 2214 948 2260 iisdem
975 2212 1099 2260 fuere
1125 2214 1279 2277 ignota
1312 2231 1444 2277 pera-

156 2288 386 2351 grantibus
406 2289 536 2347 loca,
563 2289 820 2337 conditoria
847 2288 1026 2352 frugum
1047 2289 1228 2335 occulta
1254 2291 1302 2336 δι
1330 2289 1445 2335 late-

156 2363 258 2410 bras
279 2362 518 2409 hominum
549 2365 598 2411 ὅ(
619 2363 897 2426 receptacula
922 2362 1160 2409 secretiora
1187 2361 1442 2408 monstran-

150 2435 227 2486 do.
251 2437 347 2486 Nec
367 2434 633 2502 quidquam,
654 2436 733 2484 nisi
750 2434 1017 2486 inaccessum
1033 2436 1082 2484 ὅ(
1106 2434 1309 2496 devium,
1328 2451 1440 2499 prae·
