1626 2917
341 198 562 246 RERUM
597 184 936 244 GESTARUM
971 196 1075 244 ΜΒ.
1105 196 1234 243 xv1.
1366 213 1433 261 99

153 304 335 362 secrati,
354 306 404 353 &
428 303 583 351 similia
609 303 745 351 multa
760 339 775 362 ,
793 320 894 366 quae
917 303 1054 350 elatus
1073 302 1120 350 in
1142 304 1333 351 arduum
1360 304 1435 351 su-

151 380 386 442 percilium
428 390 641 441 tanquam
677 378 794 441 leges
834 368 1098 441 aequiffimas
1134 377 1431 436 observavit,

151 463 370 514 praetereo
386 486 400 509 ‚
423 467 597 498 memor
611 487 624 508 ‚
643 467 693 497 ea
716 467 786 497 me
804 449 1020 509 retuliffe,
1046 467 1147 498 cum
1166 449 1434 500 incidissent.

151 521 349 569 Proinde
395 523 586 569 Romam
625 521 868 586 ingressus,
903 521 1103 596 imperiiv
1120 518 1434 585 virtutumque

150 595 355 643 omnium
373 596 508 643 larem
525 631 539 655 ‚
562 613 662 643 cum
685 594 873 642 venisset
890 595 945 642 ad
971 594 1130 641 Rostra
1146 631 1160 652 ‚
1183 595 1435 658 perspeftis·

151 670 310 717 fimum
345 669 498 733 priscae
537 668 751 732 potentiae
788 668 937 715 forum
970 667 1230 730 obstupuit:
1265 686 1434 733 perque

151 759 290 791 omne
321 744 461 801 latus,
491 759 587 806 quo
619 741 661 788 se
686 742 810 789 oculi
847 741 1162 799 contulissent,
1190 741 1438 790 miraculo—

152 832 254 862 rum
274 815 484 862 denfitate
511 814 775 878 praestrifihis
792 849 805 871 ‚
826 813 1049 860 allocutus
1078 814 1356 862 nobilitatem
1386 816 1436 862 in

153 889 305 945 curia,
324 889 630 951 populumque
662 903 686 933 e
718 885 959 941 tribunali,
987 886 1033 931 in
1062 886 1273 947 palatium
1308 904 1436 935 rece-

154 972 257 1022 ptus
276 958 437 1008 favore
460 959 726 1021 multiplici,
747 957 900 1004 laetitia
928 955 1154 1003 fruebatur
1178 972 1330 1020 optata
1352 978 1362 1007 :
1384 963 1436 1009 δε

153 1033 266 1094 saepe
294 1049 397 1079 cum
421 1031 640 1096 equestres
669 1031 818 1077 ederet
842 1029 972 1076 ludos
989 1065 1003 1087 ,
1025 1029 1259 1077 dicacitate
1291 1032 1436 1094 plebis

152 1106 487 1165 obleflabatur‚
507 1121 591 1153 nec
617 1104 842 1168 superbae,
876 1119 959 1150 nec
989 1119 1013 1149 a
1045 1102 1247 1151 libertate
1273 1106 1436 1154 coalita

152 1177 457 1236 desciscentis,
485 1190 744 1226 reverenter
773 1175 962 1223 modum
992 1175 1081 1238 ipse
1103 1192 1288 1240 quoque
1310 1178 1439 1225 debi-

152 1263 246 1298 tum
273 1250 464 1298 servans.
499 1250 608 1298 Non
634 1249 751 1296 enim
768 1285 782 1307 ‚
802 1261 852 1296 ut
881 1265 962 1311 per
990 1247 1197 1296 civitates
1231 1249 1332 1297 alias
1348 1288 1358 1306 ‚
1381 1250 1438 1298 ad

151 1322 384 1370 arbitrium
402 1322 527 1370 suum
555 1321 795 1370 certamina
818 1319 935 1367 finiri
964 1321 1212 1383 patiebatur
1233 1338 1243 1367 :
1264 1322 1365 1379 sed,
1386 1337 1437 1370 ut

152 1412 253 1443 mos
285 1394 372 1453 est,
399 1395 538 1443 variis
569 1394 738 1442 casibus
769 1394 1067 1456 permittebat.
1100 1395 1282 1442 Deinde
1318 1395 1436 1444 intra

152 1468 319 1531 septem
346 1468 571 1514 montium
609 1467 834 1524 culmina,
863 1483 942 1529 per
977 1466 1253 1514 acclivitates
1289 1469 1437 1530 plani-

153 1541 351 1604 tiemque
381 1540 523 1603 posita
551 1539 673 1587 urbis
703 1539 901 1587 membra
921 1539 1187 1587 collustrans
1209 1540 1258 1587 &
1279 1540 1438 1588 subur-

153 1612 290 1671 bana,
319 1613 538 1678 quidquid
566 1613 739 1660 viderat
767 1612 961 1676 primum
979 1648 993 1671 ‚
1027 1611 1071 1658 id
1101 1612 1294 1660 eminere
1320 1613 1436 1662 inter

154 1685 239 1732 alia
265 1687 423 1733 cundia
451 1686 677 1749 sperabat:
706 1685 833 1734 Jovis
860 1685 1026 1748 Tarpei
1049 1684 1260 1743 delubra,
1290 1703 1435 1750 quan-

155 1769 249 1804 tum
276 1759 461 1806 terrenis
487 1759 639 1807 divina
669 1759 932 1821 praecellunt
951 1777 960 1806 :
982 1758 1158 1806 lavacra
1178 1757 1225 1804 in
1248 1759 1435 1806 modum

155 1829 497 1891 provinciarum
524 1830 739 1878 exstrufia
759 1848 770 1877 :
794 1829 1111 1892 amphitheatri
1138 1829 1306 1876 molem
1326 1829 1435 1877 soli-

131 1928 135 1931 ·
156 1903 302 1950 datam
323 1903 476 1966 lapidis
507 1903 738 1952 Tiburtini
767 1919 1008 1966 compage,
1026 1903 1081 1950 ad
1104 1902 1231 1964 cujus
1251 1902 1435 1950 summi-

153 1985 289 2021 tatem
313 1991 427 2038 aegre
464 1975 581 2023 visio
615 1977 808 2022 humana
839 1975 1125 2023 conscendit:
1157 1976 1435 2033 Pantheum,

155 2047 282 2094 velut
306 2048 539 2110 regionem
569 2060 750 2095 teretem
781 2047 977 2110 speciosa
1005 2046 1266 2094 celsitudine
1291 2047 1437 2095 forni-

155 2133 322 2176 catam3
339 2120 565 2184 elatosque
586 2121 803 2178 vertices,
823 2121 901 2184 qui
921 2119 1088 2167 scanfili
1104 2118 1305 2183 suggestu
1324 2137 1436 2168 con·

157 2192 362 2257 surgunt,
381 2194 585 2256 priorum
604 2194 860 2257 principum
883 2193 1156 2240 imitamenta
1177 2205 1436 2256 portantes,

159 2268 210 2314 &
242 2267 377 2315 Urbis
408 2267 651 2331 templum,
681 2267 922 2330 forumque
956 2266 1109 2325 Pacis,
1147 2269 1197 2315 &
1232 2267 1438 2331 Pompeji

159 2340 410 2396 theatrum,
430 2343 480 2389 &
498 2343 661 2388 odeum
679 2376 692 2398 ,
715 2345 763 2390 ὅ(
784 2341 965 2388 stadium
980 2377 992 2399 ‚
1013 2340 1186 2404 aliaque
1206 2341 1323 2388 inter
1341 2342 1438 2388 haec

159 2411 322 2458 decora
339 2413 460 2461 urbis
477 2427 667 2460 aeternae.
691 2416 859 2460 Verum
880 2430 980 2461 cum
1001 2414 1056 2460 ad
1079 2413 1262 2475 Trajani
1285 2414 1438 2460 forum

160 2482 369 2546 venisset,
387 2483 653 2550 singularem
676 2484 751 2537 ,sub
781 2485 904 2533 omni
933 2486 1058 2535 coelo
1083 2485 1339 2534 stru&uram
1355 2521 1369 2546 ,
1391 2498 1440 2534 ut

1076 2561 1181 2606 Gz
