<?xml version="1.0" encoding="UTF-8"?>
<!DOCTYPE html PUBLIC "-//W3C//DTD XHTML 1.0 Transitional//EN"
    "http://www.w3.org/TR/xhtml1/DTD/xhtml1-transitional.dtd">
<html xmlns="http://www.w3.org/1999/xhtml" xml:lang="en" lang="en">
 <head>
  <title>
</title>
<meta http-equiv="Content-Type" content="text/html;charset=utf-8" />
  <meta name='ocr-system' content='tesseract 3.04.00' />
  <meta name='ocr-capabilities' content='ocr_page ocr_carea ocr_par ocr_line ocrx_word'/>
</head>
<body>
  <div class='ocr_page' id='page_1' title='image "./rerumgestarumqui00ammiuoft_0148.png"; bbox 0 0 1626 2917; ppageno 0'>
   <div class='ocr_carea' id='block_1_1' title="bbox 137 171 1204 234">
    <p class='ocr_par' dir='ltr' id='par_1_1' title="bbox 137 171 1204 234">
     <span class='ocr_line' id='line_1_1' title="bbox 137 171 1204 234; baseline 0.005 -16"><span class='ocrx_word' id='word_1_1' title='bbox 137 185 201 234; x_wconf 84' lang='lat'><strong>90</strong></span> <span class='ocrx_word' id='word_1_2' title='bbox 360 171 689 219; x_wconf 80' lang='lat' dir='ltr'><strong>AMMIANI</strong></span> <span class='ocrx_word' id='word_1_3' title='bbox 732 173 1204 222; x_wconf 75' lang='lat' dir='ltr'>MARCELLINJ</span> 
     </span>
    </p>
   </div>
   <div class='ocr_carea' id='block_1_2' title="bbox 106 271 1454 2527">
    <p class='ocr_par' dir='ltr' id='par_1_2' title="bbox 121 271 1441 1431">
     <span class='ocr_line' id='line_1_2' title="bbox 121 271 1426 346; baseline 0.002 -20"><span class='ocrx_word' id='word_1_4' title='bbox 121 271 295 327; x_wconf 36' lang='lat' dir='ltr'><strong>*ratorii</strong></span> <span class='ocrx_word' id='word_1_5' title='bbox 318 278 645 343; x_wconf 70' lang='lat' dir='ltr'><strong>praestruxisse:</strong></span> <span class='ocrx_word' id='word_1_6' title='bbox 670 278 945 344; x_wconf 80' lang='lat' dir='ltr'><strong>instabatque</strong></span> <span class='ocrx_word' id='word_1_7' title='bbox 972 281 1013 329; x_wconf 92' lang='lat' dir='ltr'><strong>ei</strong></span> <span class='ocrx_word' id='word_1_8' title='bbox 1041 281 1237 346; x_wconf 86' lang='lat' dir='ltr'><strong>strepens</strong></span> <span class='ocrx_word' id='word_1_9' title='bbox 1264 280 1426 329; x_wconf 61' lang='lat' dir='ltr'><strong>immas</strong></span> 
     </span>
     <span class='ocr_line' id='line_1_3' title="bbox 138 352 1426 420; baseline 0.002 -21"><span class='ocrx_word' id='word_1_10' title='bbox 138 353 213 400; x_wconf 87' lang='lat' dir='ltr'><strong>nia</strong></span> <span class='ocrx_word' id='word_1_11' title='bbox 254 371 407 402; x_wconf 86' lang='lat' dir='ltr'><strong>comes</strong></span> <span class='ocrx_word' id='word_1_12' title='bbox 442 352 704 401; x_wconf 86' lang='lat' dir='ltr'><strong>Veriffimus</strong></span> <span class='ocrx_word' id='word_1_13' title='bbox 742 354 961 414; x_wconf 86' lang='lat' dir='ltr'><strong>nomine,</strong></span> <span class='ocrx_word' id='word_1_14' title='bbox 1004 372 1193 420; x_wconf 85' lang='lat' dir='ltr'><strong>arguens</strong></span> <span class='ocrx_word' id='word_1_15' title='bbox 1242 371 1426 412; x_wconf 88' lang='lat' dir='ltr'><strong>coram,</strong></span> 
     </span>
     <span class='ocr_line' id='line_1_4' title="bbox 138 425 1428 492; baseline 0.002 -20"><span class='ocrx_word' id='word_1_16' title='bbox 138 425 266 489; x_wconf 89' lang='lat' dir='ltr'><strong>quod</strong></span> <span class='ocrx_word' id='word_1_17' title='bbox 295 443 321 473; x_wconf 87' lang='lat' dir='ltr'><strong>a</strong></span> <span class='ocrx_word' id='word_1_18' title='bbox 348 426 551 491; x_wconf 85' lang='lat' dir='ltr'><strong>gregario</strong></span> <span class='ocrx_word' id='word_1_19' title='bbox 583 425 638 474; x_wconf 84' lang='lat' dir='ltr'><strong>ad</strong></span> <span class='ocrx_word' id='word_1_20' title='bbox 667 444 880 492; x_wconf 89' lang='lat' dir='ltr'><strong>magnum</strong></span> <span class='ocrx_word' id='word_1_21' title='bbox 911 428 1084 476; x_wconf 85' lang='lat' dir='ltr'><strong>militiae</strong></span> <span class='ocrx_word' id='word_1_22' title='bbox 1112 429 1289 477; x_wconf 89' lang='lat' dir='ltr'><strong>culmen</strong></span> <span class='ocrx_word' id='word_1_23' title='bbox 1317 444 1428 475; x_wconf 89' lang='lat' dir='ltr'><strong>eve-</strong></span> 
     </span>
     <span class='ocr_line' id='line_1_5' title="bbox 139 499 1429 564; baseline 0 -20"><span class='ocrx_word' id='word_1_24' title='bbox 139 499 261 556; x_wconf 73' lang='grc' dir='ltr'>ἂιις,</span> <span class='ocrx_word' id='word_1_25' title='bbox 285 500 376 546; x_wconf 93' lang='lat' dir='ltr'><strong>hoc</strong></span> <span class='ocrx_word' id='word_1_26' title='bbox 398 515 581 563; x_wconf 89' lang='lat' dir='ltr'><strong>quoque</strong></span> <span class='ocrx_word' id='word_1_27' title='bbox 611 516 707 546; x_wconf 90' lang='lat' dir='ltr'><strong>non</strong></span> <span class='ocrx_word' id='word_1_28' title='bbox 731 512 974 548; x_wconf 88' lang='lat' dir='ltr'><strong>contentus</strong></span> <span class='ocrx_word' id='word_1_29' title='bbox 991 513 1041 547; x_wconf 88' lang='lat' dir='ltr'><strong>ut</strong></span> <span class='ocrx_word' id='word_1_30' title='bbox 1066 518 1243 564; x_wconf 88' lang='lat' dir='ltr'><strong>parvo,</strong></span> <span class='ocrx_word' id='word_1_31' title='bbox 1271 501 1429 546; x_wconf 90' lang='lat' dir='ltr'><strong>locum</strong></span> 
     </span>
     <span class='ocr_line' id='line_1_6' title="bbox 139 571 1431 635; baseline 0.001 -19"><span class='ocrx_word' id='word_1_32' title='bbox 139 583 368 633; x_wconf 80' lang='lat' dir='ltr'><strong>appeteret</strong></span> <span class='ocrx_word' id='word_1_33' title='bbox 389 571 700 634; x_wconf 81' lang='lat' dir='ltr'><strong>principalem.</strong></span> <span class='ocrx_word' id='word_1_34' title='bbox 736 573 822 619; x_wconf 88' lang='lat' dir='ltr'><strong>Sed</strong></span> <span class='ocrx_word' id='word_1_35' title='bbox 852 573 1101 635; x_wconf 80' lang='lat' dir='ltr'><strong>specialiter</strong></span> <span class='ocrx_word' id='word_1_36' title='bbox 1121 590 1225 620; x_wconf 86' lang='lat' dir='ltr'><strong>eum</strong></span> <span class='ocrx_word' id='word_1_37' title='bbox 1244 571 1431 620; x_wconf 55' lang='lat' dir='ltr'><strong>inseila-</strong></span> 
     </span>
     <span class='ocr_line' id='line_1_7' title="bbox 140 643 1432 707; baseline -0.001 -19"><span class='ocrx_word' id='word_1_38' title='bbox 140 643 270 689; x_wconf 87' lang='lat' dir='ltr'><strong>batur</strong></span> <span class='ocrx_word' id='word_1_39' title='bbox 284 645 442 691; x_wconf 87' lang='lat' dir='ltr'><strong>Dorus</strong></span> <span class='ocrx_word' id='word_1_40' title='bbox 462 643 641 707; x_wconf 89' lang='lat' dir='ltr'><strong>quidam</strong></span> <span class='ocrx_word' id='word_1_41' title='bbox 662 643 928 691; x_wconf 64' lang='lat' dir='ltr'><strong>eit—medico</strong></span> <span class='ocrx_word' id='word_1_42' title='bbox 951 643 1249 690; x_wconf 87' lang='lat' dir='ltr'><strong>scutariorum</strong></span> <span class='ocrx_word' id='word_1_43' title='bbox 1266 679 1278 701; x_wconf 89' lang='lat'>,</span> <span class='ocrx_word' id='word_1_44' title='bbox 1298 659 1432 706; x_wconf 85' lang='lat' dir='ltr'><strong>quem</strong></span> 
     </span>
     <span class='ocr_line' id='line_1_8' title="bbox 139 715 1436 779; baseline -0.002 -17"><span class='ocrx_word' id='word_1_45' title='bbox 139 716 381 762; x_wconf 82' lang='lat' dir='ltr'>nitentium</span> <span class='ocrx_word' id='word_1_46' title='bbox 409 733 557 763; x_wconf 86' lang='lat' dir='ltr'><strong>rerum</strong></span> <span class='ocrx_word' id='word_1_47' title='bbox 588 717 902 763; x_wconf 76' lang='lat' dir='ltr'><strong>centurionem</strong></span> <span class='ocrx_word' id='word_1_48' title='bbox 933 715 1011 762; x_wconf 90' lang='lat' dir='ltr'><strong>sub</strong></span> <span class='ocrx_word' id='word_1_49' title='bbox 1042 715 1304 779; x_wconf 77' lang='lat' dir='ltr'><strong>Magnentio</strong></span> <span class='ocrx_word' id='word_1_50' title='bbox 1333 715 1436 760; x_wconf 84' lang='lat' dir='ltr'><strong>Ro-</strong></span> 
     </span>
     <span class='ocr_line' id='line_1_9' title="bbox 142 785 1436 851; baseline -0.002 -17"><span class='ocrx_word' id='word_1_51' title='bbox 142 805 225 834; x_wconf 79' lang='lat' dir='ltr'><strong>mae</strong></span> <span class='ocrx_word' id='word_1_52' title='bbox 244 789 540 849; x_wconf 61' lang='lat' dir='ltr'><strong>provectum,</strong></span> <span class='ocrx_word' id='word_1_53' title='bbox 555 789 788 836; x_wconf 83' lang='lat' dir='ltr'><strong>retulimus</strong></span> <span class='ocrx_word' id='word_1_54' title='bbox 809 787 1025 836; x_wconf 87' lang='lat' dir='ltr'><strong>accusaffe</strong></span> <span class='ocrx_word' id='word_1_55' title='bbox 1044 788 1317 851; x_wconf 86' lang='lat' dir='ltr'><strong>Adelphium</strong></span> <span class='ocrx_word' id='word_1_56' title='bbox 1333 785 1436 833; x_wconf 86' lang='lat' dir='ltr'><strong>urbi</strong></span> 
     </span>
     <span class='ocr_line' id='line_1_10' title="bbox 141 858 1438 924; baseline 0 -19"><span class='ocrx_word' id='word_1_57' title='bbox 141 859 426 922; x_wconf 68' lang='lat' dir='ltr'><strong>praefefhnm,</strong></span> <span class='ocrx_word' id='word_1_58' title='bbox 449 873 498 907; x_wconf 91' lang='lat' dir='ltr'><strong>ut</strong></span> <span class='ocrx_word' id='word_1_59' title='bbox 531 861 695 908; x_wconf 85' lang='lat' dir='ltr'><strong>altiora</strong></span> <span class='ocrx_word' id='word_1_60' title='bbox 727 873 1019 924; x_wconf 79' lang='lat' dir='ltr'><strong>coeptantem.</strong></span> <span class='ocrx_word' id='word_1_61' title='bbox 1049 861 1258 924; x_wconf 86' lang='lat' dir='ltr'><strong>Cumque</strong></span> <span class='ocrx_word' id='word_1_62' title='bbox 1289 875 1357 906; x_wconf 90' lang='lat' dir='ltr'><strong>res</strong></span> <span class='ocrx_word' id='word_1_63' title='bbox 1389 858 1438 904; x_wconf 87' lang='lat' dir='ltr'><strong>in</strong></span> 
     </span>
     <span class='ocr_line' id='line_1_11' title="bbox 142 932 1437 997; baseline -0.001 -18"><span class='ocrx_word' id='word_1_64' title='bbox 142 932 484 995; x_wconf 84' lang='lat' dir='ltr'><strong>inquifitionem</strong></span> <span class='ocrx_word' id='word_1_65' title='bbox 515 934 719 987; x_wconf 83' lang='lat' dir='ltr'><strong>veniret,</strong></span> <span class='ocrx_word' id='word_1_66' title='bbox 752 932 1308 997; x_wconf 56' lang='lat' dir='ltr'><strong>necesiariisquenegotio</strong></span> <span class='ocrx_word' id='word_1_67' title='bbox 1336 945 1437 979; x_wconf 89' lang='lat' dir='ltr'><strong>ten·-</strong></span> 
     </span>
     <span class='ocr_line' id='line_1_12' title="bbox 142 1002 1438 1068; baseline -0.001 -18"><span class='ocrx_word' id='word_1_68' title='bbox 142 1004 223 1061; x_wconf 85' lang='lat' dir='ltr'><strong>tis,</strong></span> <span class='ocrx_word' id='word_1_69' title='bbox 249 1002 534 1065; x_wconf 56' lang='lat' dir='ltr'><strong>obiectorum</strong></span> <span class='ocrx_word' id='word_1_70' title='bbox 565 1006 779 1068; x_wconf 83' lang='lat' dir='ltr'><strong>probatio</strong></span> <span class='ocrx_word' id='word_1_71' title='bbox 807 1006 1084 1068; x_wconf 80' lang='lat' dir='ltr'><strong>speraretur,</strong></span> <span class='ocrx_word' id='word_1_72' title='bbox 1112 1021 1324 1068; x_wconf 83' lang='lat' dir='ltr'><strong>tanquam</strong></span> <span class='ocrx_word' id='word_1_73' title='bbox 1357 1019 1438 1063; x_wconf 84' lang='lat' dir='ltr'><strong>per</strong></span> 
     </span>
     <span class='ocr_line' id='line_1_13' title="bbox 146 1075 1439 1142; baseline -0.001 -20"><span class='ocrx_word' id='word_1_74' title='bbox 146 1076 336 1123; x_wconf 83' lang='lat' dir='ltr'><strong>saturam</strong></span> <span class='ocrx_word' id='word_1_75' title='bbox 372 1077 521 1124; x_wconf 84' lang='lat' dir='ltr'><strong>subito</strong></span> <span class='ocrx_word' id='word_1_76' title='bbox 562 1078 847 1125; x_wconf 81' lang='lat' dir='ltr'><strong>cubiculariis</strong></span> <span class='ocrx_word' id='word_1_77' title='bbox 885 1077 1247 1142; x_wconf 82' lang='lat' dir='ltr'><strong>suffragantibus,</strong></span> <span class='ocrx_word' id='word_1_78' title='bbox 1285 1088 1335 1122; x_wconf 90' lang='lat' dir='ltr'><strong>ut</strong></span> <span class='ocrx_word' id='word_1_79' title='bbox 1363 1075 1439 1121; x_wconf 91' lang='lat' dir='ltr'><strong>lo-</strong></span> 
     </span>
     <span class='ocr_line' id='line_1_14' title="bbox 148 1149 1440 1212; baseline 0 -19"><span class='ocrx_word' id='word_1_80' title='bbox 148 1149 370 1211; x_wconf 82' lang='lat' dir='ltr'><strong>quebatur</strong></span> <span class='ocrx_word' id='word_1_81' title='bbox 395 1151 601 1212; x_wconf 81' lang='lat' dir='ltr'><strong>pertinax</strong></span> <span class='ocrx_word' id='word_1_82' title='bbox 631 1167 823 1208; x_wconf 87' lang='lat' dir='ltr'><strong>rumor,</strong></span> <span class='ocrx_word' id='word_1_83' title='bbox 854 1151 904 1198; x_wconf 90' lang='lat'>&amp;</span> <span class='ocrx_word' id='word_1_84' title='bbox 933 1149 1129 1197; x_wconf 85' lang='lat' dir='ltr'><strong>vinculis</strong></span> <span class='ocrx_word' id='word_1_85' title='bbox 1159 1149 1260 1196; x_wconf 90' lang='lat' dir='ltr'><strong>sunt</strong></span> <span class='ocrx_word' id='word_1_86' title='bbox 1291 1161 1440 1194; x_wconf 69' lang='lat' dir='ltr'><strong>exutae</strong></span> 
     </span>
     <span class='ocr_line' id='line_1_15' title="bbox 149 1222 1441 1288; baseline -0.002 -20"><span class='ocrx_word' id='word_1_87' title='bbox 149 1222 352 1285; x_wconf 87' lang='lat' dir='ltr'><strong>personae</strong></span> <span class='ocrx_word' id='word_1_88' title='bbox 369 1257 382 1280; x_wconf 90' lang='lat'>‚</span> <span class='ocrx_word' id='word_1_89' title='bbox 415 1239 516 1286; x_wconf 79' lang='lat' dir='ltr'><strong>quae</strong></span> <span class='ocrx_word' id='word_1_90' title='bbox 536 1222 867 1287; x_wconf 80' lang='lat' dir='ltr'><strong>stringebantur</strong></span> <span class='ocrx_word' id='word_1_91' title='bbox 885 1236 935 1270; x_wconf 84' lang='lat' dir='ltr'><strong>ut</strong></span> <span class='ocrx_word' id='word_1_92' title='bbox 964 1222 1181 1280; x_wconf 85' lang='lat' dir='ltr'><strong>consciae‚</strong></span> <span class='ocrx_word' id='word_1_93' title='bbox 1210 1223 1259 1270; x_wconf 87' lang='lat'>&amp;</span> <span class='ocrx_word' id='word_1_94' title='bbox 1279 1222 1441 1288; x_wconf 72' lang='lat' dir='ltr'><strong>Dorus</strong></span> 
     </span>
     <span class='ocr_line' id='line_1_16' title="bbox 150 1295 1439 1354; baseline -0.001 -11"><span class='ocrx_word' id='word_1_95' title='bbox 150 1295 367 1353; x_wconf 83' lang='lat' dir='ltr'><strong>evanuit,</strong></span> <span class='ocrx_word' id='word_1_96' title='bbox 399 1296 448 1344; x_wconf 86' lang='lat'>&amp;</span> <span class='ocrx_word' id='word_1_97' title='bbox 480 1296 737 1344; x_wconf 83' lang='lat' dir='ltr'><strong>Veriffimus</strong></span> <span class='ocrx_word' id='word_1_98' title='bbox 772 1296 898 1344; x_wconf 85' lang='lat' dir='ltr'><strong>illico</strong></span> <span class='ocrx_word' id='word_1_99' title='bbox 934 1297 1100 1354; x_wconf 88' lang='lat' dir='ltr'><strong>tacuit,</strong></span> <span class='ocrx_word' id='word_1_100' title='bbox 1131 1296 1259 1346; x_wconf 87' lang='lat' dir='ltr'><strong>velut</strong></span> <span class='ocrx_word' id='word_1_101' title='bbox 1291 1296 1439 1343; x_wconf 72' lang='lat' dir='ltr'><strong>aulaeo</strong></span> 
     </span>
     <span class='ocr_line' id='line_1_17' title="bbox 150 1358 1048 1431; baseline -0.001 -16"><span class='ocrx_word' id='word_1_102' title='bbox 150 1368 358 1431; x_wconf 85' lang='lat' dir='ltr'><strong>depofito</strong></span> <span class='ocrx_word' id='word_1_103' title='bbox 391 1368 545 1415; x_wconf 84' lang='lat' dir='ltr'><strong>scenae.</strong></span> <span class='ocrx_word' id='word_1_104' title='bbox 1044 1358 1048 1362; x_wconf 43' lang='grc'><em>’</em></span> 
     </span>
    </p>

    <p class='ocr_par' dir='ltr' id='par_1_3' title="bbox 153 1439 1454 2156">
     <span class='ocr_line' id='line_1_18' title="bbox 218 1439 1444 1504; baseline -0.001 -17"><span class='ocrx_word' id='word_1_105' title='bbox 218 1441 319 1488; x_wconf 85' lang='lat' dir='ltr'><strong>VII.</strong></span> <span class='ocrx_word' id='word_1_106' title='bbox 361 1440 519 1486; x_wconf 88' lang='lat' dir='ltr'><strong>Iisdem</strong></span> <span class='ocrx_word' id='word_1_107' title='bbox 551 1439 708 1487; x_wconf 88' lang='lat' dir='ltr'><strong>diebus</strong></span> <span class='ocrx_word' id='word_1_108' title='bbox 739 1440 907 1504; x_wconf 88' lang='lat' dir='ltr'><strong>allapso</strong></span> <span class='ocrx_word' id='word_1_109' title='bbox 936 1457 1120 1489; x_wconf 89' lang='lat' dir='ltr'><strong>rumore</strong></span> <span class='ocrx_word' id='word_1_110' title='bbox 1152 1439 1444 1489; x_wconf 83' lang='lat' dir='ltr'><strong>Constantius</strong></span> 
     </span>
     <span class='ocr_line' id='line_1_19' title="bbox 153 1513 1454 1577; baseline -0.002 -15"><span class='ocrx_word' id='word_1_111' title='bbox 153 1514 310 1562; x_wconf 60' lang='lat' dir='ltr'><strong>doctus</strong></span> <span class='ocrx_word' id='word_1_112' title='bbox 325 1548 339 1572; x_wconf 93' lang='lat'>‚</span> <span class='ocrx_word' id='word_1_113' title='bbox 362 1513 536 1560; x_wconf 76' lang='lat' dir='ltr'><strong>obseffo</strong></span> <span class='ocrx_word' id='word_1_114' title='bbox 556 1513 674 1577; x_wconf 86' lang='lat' dir='ltr'><strong>apud</strong></span> <span class='ocrx_word' id='word_1_115' title='bbox 694 1515 897 1561; x_wconf 83' lang='lat' dir='ltr'><strong>Senonas</strong></span> <span class='ocrx_word' id='word_1_116' title='bbox 918 1513 1084 1561; x_wconf 84' lang='lat' dir='ltr'><strong>Caesari</strong></span> <span class='ocrx_word' id='word_1_117' title='bbox 1103 1515 1321 1562; x_wconf 84' lang='lat' dir='ltr'><strong>auxilium</strong></span> <span class='ocrx_word' id='word_1_118' title='bbox 1347 1529 1454 1560; x_wconf 68' lang='lat' dir='ltr'><strong>non⁴</strong></span> 
     </span>
     <span class='ocr_line' id='line_1_20' title="bbox 154 1585 1446 1641; baseline 0 -8"><span class='ocrx_word' id='word_1_119' title='bbox 154 1586 298 1633; x_wconf 78' lang='lat' dir='ltr'><strong>tuliffe</strong></span> <span class='ocrx_word' id='word_1_120' title='bbox 332 1585 599 1633; x_wconf 86' lang='lat' dir='ltr'><strong>Marcellum</strong></span> <span class='ocrx_word' id='word_1_121' title='bbox 617 1621 630 1641; x_wconf 89' lang='lat'>‚</span> <span class='ocrx_word' id='word_1_122' title='bbox 656 1603 759 1632; x_wconf 85' lang='lat' dir='ltr'><strong>eum</strong></span> <span class='ocrx_word' id='word_1_123' title='bbox 793 1586 1073 1634; x_wconf 88' lang='lat' dir='ltr'><strong>sacramento</strong></span> <span class='ocrx_word' id='word_1_124' title='bbox 1100 1587 1298 1635; x_wconf 86' lang='lat' dir='ltr'><strong>solutum</strong></span> <span class='ocrx_word' id='word_1_125' title='bbox 1322 1586 1446 1634; x_wconf 89' lang='lat' dir='ltr'><strong>abire</strong></span> 
     </span>
     <span class='ocr_line' id='line_1_21' title="bbox 155 1657 1446 1723; baseline -0.001 -18"><span class='ocrx_word' id='word_1_126' title='bbox 155 1658 272 1722; x_wconf 78' lang='lat' dir='ltr'><strong>juffit</strong></span> <span class='ocrx_word' id='word_1_127' title='bbox 303 1658 349 1705; x_wconf 88' lang='lat' dir='ltr'><strong>in</strong></span> <span class='ocrx_word' id='word_1_128' title='bbox 373 1658 509 1704; x_wconf 84' lang='lat' dir='ltr'><strong>larem</strong></span> <span class='ocrx_word' id='word_1_129' title='bbox 530 1676 539 1704; x_wconf 91' lang='lat'>:</span> <span class='ocrx_word' id='word_1_130' title='bbox 567 1657 669 1720; x_wconf 84' lang='lat' dir='ltr'><strong>qui,</strong></span> <span class='ocrx_word' id='word_1_131' title='bbox 700 1658 914 1722; x_wconf 80' lang='lat' dir='ltr'><strong>tanquam</strong></span> <span class='ocrx_word' id='word_1_132' title='bbox 939 1657 1100 1719; x_wconf 76' lang='lat' dir='ltr'><strong>injuria</strong></span> <span class='ocrx_word' id='word_1_133' title='bbox 1119 1660 1247 1723; x_wconf 72' lang='lat' dir='ltr'><strong>gravi</strong></span> <span class='ocrx_word' id='word_1_134' title='bbox 1265 1659 1446 1722; x_wconf 86' lang='lat' dir='ltr'><strong>percul-</strong></span> 
     </span>
     <span class='ocr_line' id='line_1_22' title="bbox 157 1730 1449 1794; baseline 0.002 -17"><span class='ocrx_word' id='word_1_135' title='bbox 157 1730 253 1784; x_wconf 88' lang='lat' dir='ltr'><strong>sus,</strong></span> <span class='ocrx_word' id='word_1_136' title='bbox 276 1730 478 1794; x_wconf 81' lang='lat' dir='ltr'><strong>quaedam</strong></span> <span class='ocrx_word' id='word_1_137' title='bbox 502 1730 550 1776; x_wconf 84' lang='lat' dir='ltr'><strong>in</strong></span> <span class='ocrx_word' id='word_1_138' title='bbox 571 1731 795 1778; x_wconf 84' lang='lat' dir='ltr'><strong>Julianum</strong></span> <span class='ocrx_word' id='word_1_139' title='bbox 828 1731 1126 1789; x_wconf 87' lang='lat' dir='ltr'><strong>moliebatur,</strong></span> <span class='ocrx_word' id='word_1_140' title='bbox 1149 1732 1328 1779; x_wconf 87' lang='lat' dir='ltr'><strong>auribus</strong></span> <span class='ocrx_word' id='word_1_141' title='bbox 1352 1734 1449 1779; x_wconf 88' lang='lat' dir='ltr'><strong>Au-</strong></span> 
     </span>
     <span class='ocr_line' id='line_1_23' title="bbox 160 1802 1450 1869; baseline 0.002 -19"><span class='ocrx_word' id='word_1_142' title='bbox 160 1803 273 1869; x_wconf 81' lang='lat' dir='ltr'><strong>gusti</strong></span> <span class='ocrx_word' id='word_1_143' title='bbox 295 1802 490 1850; x_wconf 80' lang='lat' dir='ltr'><strong>confisus</strong></span> <span class='ocrx_word' id='word_1_144' title='bbox 510 1839 524 1862; x_wconf 91' lang='lat'>‚</span> <span class='ocrx_word' id='word_1_145' title='bbox 541 1804 587 1850; x_wconf 90' lang='lat' dir='ltr'><strong>in</strong></span> <span class='ocrx_word' id='word_1_146' title='bbox 609 1821 745 1851; x_wconf 85' lang='lat' dir='ltr'><strong>omne</strong></span> <span class='ocrx_word' id='word_1_147' title='bbox 765 1804 1019 1868; x_wconf 87' lang='lat' dir='ltr'><strong>patentibus</strong></span> <span class='ocrx_word' id='word_1_148' title='bbox 1042 1804 1226 1851; x_wconf 88' lang='lat' dir='ltr'><strong>crimen.</strong></span> <span class='ocrx_word' id='word_1_149' title='bbox 1250 1805 1450 1867; x_wconf 87' lang='lat' dir='ltr'><strong>Ideoque</strong></span> 
     </span>
     <span class='ocr_line' id='line_1_24' title="bbox 162 1875 1449 1940; baseline 0 -16"><span class='ocrx_word' id='word_1_150' title='bbox 162 1892 265 1924; x_wconf 86' lang='lat' dir='ltr'><strong>cum</strong></span> <span class='ocrx_word' id='word_1_151' title='bbox 286 1875 530 1924; x_wconf 82' lang='lat' dir='ltr'><strong>discederet</strong></span> <span class='ocrx_word' id='word_1_152' title='bbox 546 1912 560 1935; x_wconf 86' lang='lat'>,</span> <span class='ocrx_word' id='word_1_153' title='bbox 578 1877 816 1924; x_wconf 77' lang='lat' dir='ltr'><strong>Eutherius</strong></span> <span class='ocrx_word' id='word_1_154' title='bbox 841 1877 1102 1940; x_wconf 84' lang='lat' dir='ltr'><strong>praepofitus</strong></span> <span class='ocrx_word' id='word_1_155' title='bbox 1121 1877 1319 1925; x_wconf 85' lang='lat' dir='ltr'><strong>cubiculi</strong></span> <span class='ocrx_word' id='word_1_156' title='bbox 1338 1878 1449 1925; x_wconf 87' lang='lat' dir='ltr'><strong>mit-</strong></span> 
     </span>
     <span class='ocr_line' id='line_1_25' title="bbox 162 1948 1450 2015; baseline 0.002 -19"><span class='ocrx_word' id='word_1_157' title='bbox 162 1948 271 1996; x_wconf 87' lang='lat' dir='ltr'><strong>titur</strong></span> <span class='ocrx_word' id='word_1_158' title='bbox 290 1949 432 1996; x_wconf 83' lang='lat' dir='ltr'><strong>statim</strong></span> <span class='ocrx_word' id='word_1_159' title='bbox 455 1949 556 2012; x_wconf 87' lang='lat' dir='ltr'><strong>post</strong></span> <span class='ocrx_word' id='word_1_160' title='bbox 571 1985 585 2008; x_wconf 87' lang='lat'>‚</span> <span class='ocrx_word' id='word_1_161' title='bbox 601 1967 721 2007; x_wconf 83' lang='lat' dir='ltr'><strong>eum,</strong></span> <span class='ocrx_word' id='word_1_162' title='bbox 742 1950 773 1996; x_wconf 89' lang='lat' dir='ltr'><strong>fi</strong></span> <span class='ocrx_word' id='word_1_163' title='bbox 795 1951 904 2015; x_wconf 82' lang='lat' dir='ltr'><strong>quid</strong></span> <span class='ocrx_word' id='word_1_164' title='bbox 921 1949 1118 2007; x_wconf 80' lang='lat' dir='ltr'><strong>finxerit,</strong></span> <span class='ocrx_word' id='word_1_165' title='bbox 1139 1949 1450 1998; x_wconf 63' lang='lat' dir='ltr'><strong>convicturus.</strong></span> 
     </span>
     <span class='ocr_line' id='line_1_26' title="bbox 165 2021 1449 2081; baseline 0 -13"><span class='ocrx_word' id='word_1_166' title='bbox 165 2023 332 2068; x_wconf 84' lang='lat' dir='ltr'><strong>Verum</strong></span> <span class='ocrx_word' id='word_1_167' title='bbox 360 2022 435 2068; x_wconf 90' lang='lat' dir='ltr'><strong>ille</strong></span> <span class='ocrx_word' id='word_1_168' title='bbox 456 2023 547 2070; x_wconf 88' lang='lat' dir='ltr'><strong>hoc</strong></span> <span class='ocrx_word' id='word_1_169' title='bbox 576 2022 774 2070; x_wconf 82' lang='lat' dir='ltr'><strong>nesciens</strong></span> <span class='ocrx_word' id='word_1_170' title='bbox 791 2059 804 2081; x_wconf 90' lang='lat'>‚</span> <span class='ocrx_word' id='word_1_171' title='bbox 835 2039 941 2069; x_wconf 79' lang='lat' dir='ltr'><strong>mox</strong></span> <span class='ocrx_word' id='word_1_172' title='bbox 964 2021 1088 2069; x_wconf 90' lang='lat' dir='ltr'><strong>venit</strong></span> <span class='ocrx_word' id='word_1_173' title='bbox 1109 2022 1449 2080; x_wconf 85' lang='lat' dir='ltr'><strong>Mediolanum,</strong></span> 
     </span>
     <span class='ocr_line' id='line_1_27' title="bbox 164 2093 1450 2156; baseline 0 -15"><span class='ocrx_word' id='word_1_174' title='bbox 164 2093 360 2156; x_wconf 85' lang='lat' dir='ltr'><strong>strepens</strong></span> <span class='ocrx_word' id='word_1_175' title='bbox 382 2096 430 2142; x_wconf 65' lang='grc' dir='ltr'>ἃ</span> <span class='ocrx_word' id='word_1_176' title='bbox 448 2094 723 2142; x_wconf 84' lang='lat' dir='ltr'><strong>tumultuans</strong></span> <span class='ocrx_word' id='word_1_177' title='bbox 739 2131 752 2154; x_wconf 83' lang='lat'>‚</span> <span class='ocrx_word' id='word_1_178' title='bbox 770 2107 820 2142; x_wconf 90' lang='lat' dir='ltr'><strong>ut</strong></span> <span class='ocrx_word' id='word_1_179' title='bbox 843 2108 937 2142; x_wconf 89' lang='lat' dir='ltr'><strong>erat</strong></span> <span class='ocrx_word' id='word_1_180' title='bbox 965 2094 1194 2142; x_wconf 85' lang='lat' dir='ltr'><strong>vanidicus</strong></span> <span class='ocrx_word' id='word_1_181' title='bbox 1212 2095 1263 2142; x_wconf 87' lang='lat'>&amp;</span> <span class='ocrx_word' id='word_1_182' title='bbox 1281 2095 1450 2142; x_wconf 82' lang='lat' dir='ltr'><strong>amenti</strong></span> 
     </span>
    </p>

    <p class='ocr_par' dir='ltr' id='par_1_4' title="bbox 106 2167 1454 2527">
     <span class='ocr_line' id='line_1_28' title="bbox 106 2167 1452 2231; baseline 0.002 -18"><span class='ocrx_word' id='word_1_183' title='bbox 106 2175 113 2182; x_wconf 85' lang='lat'><strong><em>&#39;</em></strong></span> <span class='ocrx_word' id='word_1_184' title='bbox 165 2167 389 2231; x_wconf 84' lang='lat' dir='ltr'><strong>propior,</strong></span> <span class='ocrx_word' id='word_1_185' title='bbox 430 2169 638 2217; x_wconf 75' lang='lat' dir='ltr'><strong>admifi‘us</strong></span> <span class='ocrx_word' id='word_1_186' title='bbox 675 2169 722 2216; x_wconf 91' lang='lat' dir='ltr'><strong>in</strong></span> <span class='ocrx_word' id='word_1_187' title='bbox 759 2168 1102 2227; x_wconf 85' lang='lat' dir='ltr'><strong>confistorium‚</strong></span> <span class='ocrx_word' id='word_1_188' title='bbox 1140 2167 1360 2214; x_wconf 85' lang='lat' dir='ltr'><strong>Julianum</strong></span> <span class='ocrx_word' id='word_1_189' title='bbox 1402 2180 1452 2216; x_wconf 91' lang='lat' dir='ltr'><strong>ut</strong></span> 
     </span>
     <span class='ocr_line' id='line_1_29' title="bbox 166 2241 1453 2306; baseline 0.001 -19"><span class='ocrx_word' id='word_1_190' title='bbox 166 2258 405 2305; x_wconf 89' lang='lat' dir='ltr'><strong>procacem</strong></span> <span class='ocrx_word' id='word_1_191' title='bbox 432 2242 657 2290; x_wconf 68' lang='lat' dir='ltr'><strong>insimulat</strong></span> <span class='ocrx_word' id='word_1_192' title='bbox 677 2242 883 2306; x_wconf 82' lang='lat' dir='ltr'><strong>:jamque</strong></span> <span class='ocrx_word' id='word_1_193' title='bbox 905 2242 960 2289; x_wconf 93' lang='lat' dir='ltr'><strong>ad</strong></span> <span class='ocrx_word' id='word_1_194' title='bbox 988 2242 1268 2305; x_wconf 81' lang='lat' dir='ltr'><strong>evagandum</strong></span> <span class='ocrx_word' id='word_1_195' title='bbox 1293 2241 1453 2298; x_wconf 86' lang='lat' dir='ltr'><strong>altius,</strong></span> 
     </span>
     <span class='ocr_line' id='line_1_30' title="bbox 169 2314 1454 2378; baseline -0.002 -17"><span class='ocrx_word' id='word_1_196' title='bbox 169 2314 413 2362; x_wconf 87' lang='lat' dir='ltr'><strong>validiores</strong></span> <span class='ocrx_word' id='word_1_197' title='bbox 443 2315 523 2361; x_wconf 81' lang='lat' dir='ltr'><strong>sibi</strong></span> <span class='ocrx_word' id='word_1_198' title='bbox 553 2316 711 2378; x_wconf 88' lang='lat' dir='ltr'><strong>pinnas</strong></span> <span class='ocrx_word' id='word_1_199' title='bbox 744 2331 896 2378; x_wconf 85' lang='lat' dir='ltr'><strong>aptare</strong></span> <span class='ocrx_word' id='word_1_200' title='bbox 918 2333 929 2362; x_wconf 80' lang='lat' dir='ltr'>z</span> <span class='ocrx_word' id='word_1_201' title='bbox 948 2315 1009 2362; x_wconf 90' lang='lat' dir='ltr'><strong>ita</strong></span> <span class='ocrx_word' id='word_1_202' title='bbox 1037 2314 1154 2361; x_wconf 87' lang='lat' dir='ltr'><strong>enim</strong></span> <span class='ocrx_word' id='word_1_203' title='bbox 1189 2331 1289 2361; x_wconf 87' lang='lat' dir='ltr'><strong>cum</strong></span> <span class='ocrx_word' id='word_1_204' title='bbox 1323 2327 1454 2360; x_wconf 82' lang='lat' dir='ltr'><strong>motu</strong></span> 
     </span>
     <span class='ocr_line' id='line_1_31' title="bbox 169 2385 1454 2454; baseline -0.002 -19"><span class='ocrx_word' id='word_1_205' title='bbox 169 2390 367 2453; x_wconf 86' lang='lat' dir='ltr'><strong>quodam</strong></span> <span class='ocrx_word' id='word_1_206' title='bbox 393 2390 600 2452; x_wconf 86' lang='lat' dir='ltr'><strong>corporis</strong></span> <span class='ocrx_word' id='word_1_207' title='bbox 626 2390 894 2454; x_wconf 82' lang='lat' dir='ltr'><strong>loquebatur</strong></span> <span class='ocrx_word' id='word_1_208' title='bbox 927 2387 1111 2453; x_wconf 84' lang='lat' dir='ltr'><strong>ingenti.</strong></span> <span class='ocrx_word' id='word_1_209' title='bbox 1145 2389 1255 2435; x_wconf 78' lang='lat' dir='ltr'><strong>Haec</strong></span> <span class='ocrx_word' id='word_1_210' title='bbox 1282 2403 1338 2434; x_wconf 91' lang='lat' dir='ltr'><strong>eo</strong></span> <span class='ocrx_word' id='word_1_211' title='bbox 1368 2385 1454 2432; x_wconf 87' lang='lat' dir='ltr'><strong>fin·-</strong></span> 
     </span>
     <span class='ocr_line' id='line_1_32' title="bbox 167 2460 1452 2527; baseline -0.003 -17"><span class='ocrx_word' id='word_1_212' title='bbox 167 2475 299 2527; x_wconf 86' lang='lat' dir='ltr'><strong>gente</strong></span> <span class='ocrx_word' id='word_1_213' title='bbox 318 2462 524 2511; x_wconf 84' lang='lat' dir='ltr'><strong>licentius</strong></span> <span class='ocrx_word' id='word_1_214' title='bbox 539 2498 555 2522; x_wconf 89' lang='lat'><em>,</em></span> <span class='ocrx_word' id='word_1_215' title='bbox 576 2462 815 2511; x_wconf 85' lang='lat' dir='ltr'><strong>Eutherius</strong></span> <span class='ocrx_word' id='word_1_216' title='bbox 830 2499 846 2522; x_wconf 93' lang='lat'>‚</span> <span class='ocrx_word' id='word_1_217' title='bbox 864 2475 913 2510; x_wconf 90' lang='lat' dir='ltr'><strong>ut</strong></span> <span class='ocrx_word' id='word_1_218' title='bbox 929 2461 1196 2526; x_wconf 82' lang='lat' dir='ltr'><strong>postulavit,</strong></span> <span class='ocrx_word' id='word_1_219' title='bbox 1215 2460 1420 2508; x_wconf 58' lang='lat' dir='ltr'><strong>inducitis</strong></span> <span class='ocrx_word' id='word_1_220' title='bbox 1436 2487 1452 2512; x_wconf 89' lang='lat'>‚</span> 
     </span>
    </p>
   </div>
  </div>
 </body>
</html>
