1626 2917
292 117 515 165 RERUM
549 116 891 165 GESTARUM
926 117 1029 164 LlB.
1066 116 1241 165 XXIV.
1362 135 1417 183 19

130 224 258 274 fuiffe
276 226 409 274 castra
428 229 716 274 Lucanorum
738 227 973 274 invadenti
994 226 1202 275 Luscino.
1221 228 1417 294 Hocque

130 301 234 348 ideo
260 300 479 348 creditum
512 300 573 347 est
589 337 603 358 ‚
628 300 751 364 quod
775 301 820 346 in
841 301 1076 365 congressu
1100 301 1300 366 flagranti
1321 305 1417 353 sca-

129 370 193 420 las
226 374 395 420 vehens
430 374 551 420 visus
598 373 893 421 formidandae
937 376 1152 424 vastitatis
1188 390 1418 438 armatus,

128 446 344 510 postridie
390 463 493 495 cum
543 447 847 495 recenseretur
882 449 1104 497 exercitus
1122 485 1136 509 ,
1184 451 1419 514 praecipuo

128 519 274 567 fludio
297 520 504 585 quaesitus
522 558 534 580 ,
557 521 748 584 reperiri
774 537 872 568 non
898 521 1071 584 potuit:
1102 539 1202 570 cum
1228 523 1270 570 se
1297 525 1418 572 ultro

128 593 338 653 offerret,
371 594 403 640 fi
438 595 565 642 miles
591 595 737 642 fuiffet
756 631 768 654 ,
794 595 1096 643 memorabilis
1120 596 1327 645 conscius
1348 598 1418 646 fa-

127 667 199 714 ἐὶί.
221 668 304 714 Sed
324 679 372 714 ut
391 683 498 715 tunc
514 704 527 726 ‚
545 668 621 732 qui
649 668 753 716 esset
785 668 967 731 pulchri
991 668 1207 716 facinoris
1231 672 1416 732 austor,

123 739 306 802 penitus
335 739 396 786 est
426 740 683 803 ignoratum
705 776 720 799 ,
753 741 814 786 ita
836 758 956 787 nunc
977 741 1237 788 enituerunt
1256 743 1312 798 ii,
1338 744 1418 807 qui

125 811 273 860 fecere
292 812 526 860 fortiflime
545 849 560 873 ‚
583 813 938 861 obfidionalibus
955 814 1141 861 coronis
1162 815 1346 873 donati,
1367 819 1416 865 δέ

126 902 211 948 pro
245 886 474 934 concione
504 885 669 932 laudati
704 896 910 932 veterum
932 902 1074 934 more.
1099 886 1305 934 Tandem
1335 906 1415 936 nu-

128 959 228 1006 data
248 958 444 1006 reseratis
471 958 665 1006 aditibus
696 958 848 1005 multis
863 994 876 1016 ,
907 957 1079 1021 lapsura
1100 959 1330 1008 invaditur
1351 962 1416 1009 ci-

128 1033 276 1079 vitas:
306 1034 354 1081 &
386 1031 476 1078 fine
507 1030 633 1079 sexus
673 1031 928 1078 discrimine
966 1031 1044 1079 vel
1074 1033 1213 1082 aetatis
1236 1070 1248 1092 ,
1279 1036 1417 1099 quid-

125 1104 236 1167 quid
262 1103 453 1167 impetus
481 1104 647 1168 reperit
667 1139 681 1162 ‚
701 1103 896 1166 potestas
922 1102 1142 1151 iratorum
1169 1105 1379 1154 absumsit
1400 1123 1414 1156 t

124 1176 201 1223 alii
228 1176 357 1224 exitii
385 1176 661 1224 imminentis
687 1176 849 1222 timore
867 1212 881 1235 ,
906 1192 1009 1223 cum
1045 1176 1152 1225 hinc
1173 1178 1287 1242 ignis
1306 1217 1322 1237 ‚
1347 1180 1415 1227 in·

125 1251 179 1297 de
214 1248 456 1298 muerones
482 1263 693 1314 urgerent
715 1285 727 1307 ‚
753 1250 961 1296 ultimum
994 1249 1151 1297 flentes
1174 1288 1189 1310 ‚
1221 1270 1244 1299 e
1273 1255 1415 1304 muris

124 1324 209 1370 affl
240 1322 312 1370 sua
343 1322 501 1386 sponte
532 1321 785 1384 praecipites
810 1359 824 1381 ‚
862 1322 1160 1386 membrisque
1198 1326 1414 1376 omnibus

125 1395 338 1443 infirmati
359 1432 373 1455 ,
399 1395 534 1443 vitam
555 1409 702 1442 morte
722 1393 1013 1441 funestiorem
1031 1396 1252 1460 paulisper
1268 1435 1281 1457 ‚
1303 1400 1412 1447 dum

127 1471 442 1525 caederentur,
478 1480 680 1532 egerunt.
730 1469 965 1515 Extraftus
1000 1469 1063 1516 est
1096 1484 1238 1517 autem
1274 1474 1413 1521 vivus

128 1559 229 1588 cum
264 1541 521 1589 satellitibus
551 1554 693 1587 LXXX
729 1541 954 1588 Nabdates
986 1541 1293 1604 praesidiorum
1317 1563 1413 1592 rna-

124 1614 289 1678 gister,
317 1631 448 1678 quem
479 1613 682 1732 Obiassm
714 1613 795 1659 fibi
825 1630 928 1659 cum
960 1613 1056 1660 aliis
1093 1613 1262 1662 servari
1294 1617 1414 1678 juffit

125 1687 340 1736 intaclum
368 1686 546 1734 serenus
645 1699 824 1749 perator
848 1687 897 1732 &
921 1685 1130 1734 clemens.
1149 1688 1309 1736 Divisa
1331 1691 1413 1738 ita-

125 1767 216 1825 qu'e
247 1759 471 1824 perpensis
493 1759 662 1806 meritis
693 1762 741 1807 ὃς
761 1759 992 1806 laboribus
1014 1762 1163 1822 praeda
1182 1796 1195 1817 ‚
1220 1762 1343 1826 ipse,
1361 1779 1412 1813 ut

124 1848 220 1882 erat
237 1851 382 1898 parvo
404 1846 647 1882 contentus
666 1870 678 1891 ‚
699 1848 871 1880 mutum
892 1851 1082 1896 puerum
1106 1835 1309 1884 oblatum
1329 1840 1411 1888 fibi

125 1907 316 1970 suscepit
334 1906 681 1971 gesticularium,
702 1907 857 1965 multa,
881 1925 980 1970 quae
1005 1906 1211 1968 callebat,
1229 1912 1411 1960 nutibus

126 1980 439 2029 venustiffimis
459 1981 759 2043 explicantem
779 2017 793 2040 ‚
821 1983 869 2029 &
897 1981 1038 2028 tribus
1058 1983 1198 2030 aureis
1216 1987 1412 2035 nummis

126 2067 264 2117 partae
288 2054 490 2101 victoriae
509 2054 741 2117 praemium
760 2053 1008 2116 jucundum
1022 2091 1035 2113 ‚
1051 2068 1099 2102 ut
1117 2057 1411 2119 existimabat,

127 2129 178 2174 &
196 2139 385 2191 gratum.
404 2129 472 2173 Ex
493 2127 746 2190 virginibus
766 2124 932 2184 autem,
954 2145 1056 2192 quae
1076 2129 1286 2192 speciosae
1309 2132 1410 2180 sunt

128 2212 269 2261 captae
289 2217 302 2256 ,·
320 2210 368 2245 ut
393 2201 441 2246 i‘n
470 2200 643 2247 Perside
666 2236 679 2258 ‚
702 2201 778 2248 ubi
816 2201 1082 2248 feminarum
1114 2203 1408 2266 pulchritudo

125 2270 340 2325 excellit²‚
362 2287 445 2318 nec
465 2274 741 2319 contrectare
763 2273 954 2335 aliquam
979 2273 1155 2332 voluit,
1180 2290 1262 2323 nec
1285 2277 1411 2323 vide-

124 2359 198 2390 re:
237 2343 542 2392 Alexandrum
580 2347 774 2393 imitatus
805 2348 853 2394 Sc
881 2346 1146 2396 Africanum
1165 2384 1178 2406 ‚
1210 2351 1286 2413 qui
1313 2351 1410 2397 haec

125 2416 433 2477 declinabant,
464 2435 518 2467 ne
547 2418 854 2485 frangerentur
882 2421 1150 2485 cupiditate,
1179 2424 1257 2487 qui
1278 2423 1319 2471 se
1338 2424 1409 2476 in—

1059 2497 1090 2540 B
1129 2513 1151 2541 2
