1626 2917
277 192 497 239 RERUM
535 190 875 238 GESTARUM
911 190 1014 236 LlB.
1051 190 1215 236 XXffl.
1301 210 1387 229 »τῆ

1298 226 1380 254 >m

105 295 219 344 auffi
246 295 485 343 sublimius.
516 296 608 356 Qui
638 295 736 358 post
757 296 893 342 multa
913 296 1109 359 gloriose
1139 298 1187 343 &
1212 296 1393 344 fortiter

105 371 219 434 gesta
233 407 246 428 ‚
264 369 469 433 superato
501 370 718 417 Nicatore
740 371 926 418 Seleuco
944 407 956 427 ‚
982 370 1173 433 ejusdem
1194 371 1398 418 Alexan-

105 444 176 490 dri
205 441 450 490 successore
467 479 480 502 ,
508 443 580 491 cui
607 442 899 490 victoriarum
927 444 1135 491 crebritas
1160 443 1250 490 hoc
1276 444 1394 490 indi-

106 515 229 561 derat
250 530 606 579 cognomentum
624 553 635 573 ,
658 516 952 580 praesidiisqtte
969 518 1271 566 Macedonum
1292 517 1398 579 pul·

105 587 184 645 fis,
204 587 294 650 ipse
314 588 597 651 tranquillius
617 605 766 652 agens,
788 604 1060 652 temperator
1089 589 1403 637 obedientium

75 708 84 714 ,
110 660 197 708 fuit
226 662 275 709 &
296 661 460 708 arbiter
483 661 607 708 lenis.
638 661 849 723 Denique
873 663 972 724 post
994 660 1184 710 finitima
1211 663 1403 722 cunita,

109 734 156 782 vi
180 733 254 780 vel
273 734 492 796 aequitatis
523 735 884 782 consideratione
902 772 915 792 ‚
948 736 1022 782 vel
1044 750 1166 783 metu
1199 736 1403 794 suba6la,

109 805 345 854 civitatum
374 808 425 854 &
457 808 704 854 castrorum
739 808 1112 872 castellorumque
1142 809 1405 857 munimen-

107 881 166 928 tis
192 879 373 942 oppleta
406 879 604 938 Perside,
630 881 950 944 affuefaCtaque
979 882 1134 929 timori
1163 882 1247 929 esse
1267 898 1403 929 acco-

112 954 164 1000 lis
195 952 434 1009 omnibus,
453 969 568 1015 quos
599 965 726 999 antea
755 946 1050 1012 formidabat,
1084 954 1278 1001 medium
1310 953 1404 1016 ipse

113 1043 248 1090 agens
282 1025 454 1072 cursum
489 1026 655 1082 aetatis,
681 1025 854 1086 placida
880 1039 1025 1073 morte
1059 1027 1253 1074 deceffit.
1291 1027 1404 1073 Cer·

111 1099 327 1161 tatimque
358 1098 622 1145 summatum
655 1100 704 1145 &
739 1099 861 1163 vulgi
895 1099 1120 1146 sententiis
1153 1098 1405 1146 concinen-

113 1171 252 1225 tibus,
282 1170 427 1227 astris,
450 1182 499 1217 ut
527 1169 603 1233 ipfi
638 1170 916 1227 existimant,
940 1172 1049 1218 ritus
1075 1172 1140 1218 sui
1172 1170 1408 1218 consecra-

112 1245 238 1290 tione
272 1243 520 1305 permixtus
551 1243 612 1289 est
647 1243 851 1290 omniurn
886 1245 1072 1307 primus.
1106 1245 1239 1292 Unde
1269 1243 1324 1290 ad
1358 1242 1407 1288 id

112 1331 287 1380 tempus
322 1333 444 1380 reges
478 1315 675 1378 ejusdem
705 1318 848 1381 gentis
878 1317 1161 1379 praetumidi,
1191 1315 1407 1379 appellari

119 1389 160 1438 se
196 1391 426 1453 patiuntur
461 1390 577 1436 Solis
609 1391 765 1436 fratres
803 1394 852 1438 &
887 1394 1060 1438 Lunae:
1089 1403 1226 1454 utque
1260 1394 1409 1452 Impe-

123 1465 345 1511 ratoribus
381 1463 542 1510 nostris
575 1464 771 1526 Augusta
805 1465 1085 1527 nuncupatio
1119 1464 1318 1511 amabilis
1348 1463 1411 1510 est

115 1538 165 1584 δέ
195 1549 349 1598 optata
369 1556 381 1589 ·,
403 1536 460 1582 ita
494 1536 672 1599 regibus
707 1536 952 1593 Parthicis,
987 1535 1166 1596 abjeffis
1199 1538 1248 1584 &
1274 1536 1411 1599 igno-

118 1609 282 1656 bilibus
313 1621 471 1667 antea,
497 1608 771 1655 incrementa
791 1607 1056 1671 dignitatum
1085 1607 1291 1654 felicibus
1321 1610 1412 1652 Ar·
1480 1634 1483 1637 ·

120 1681 229 1729 sacis
261 1680 470 1743 auspiciis
496 1680 709 1727 accefl'ere
739 1679 815 1725 vel
844 1679 1055 1726 maxima.
1097 1681 1411 1740 Quamobrem

118 1752 316 1799 numinis
347 1769 447 1799 eum
481 1753 583 1799 vice
608 1765 880 1798 venerantur
908 1754 958 1800 δε
989 1752 1177 1809 colunt,
1212 1752 1411 1816 eousque

118 1825 377 1890 propagatis
403 1825 681 1874 honoribus„
702 1837 749 1869 ut
775 1825 828 1869 ad
856 1823 997 1870 nostri
1020 1824 1284 1872 memoriam
1313 1839 1412 1869 non

120 1897 199 1943 nifi
233 1896 462 1944 Arsacides
495 1897 532 1944 is
565 1897 643 1952 fit,
676 1895 905 1959 quisquam
941 1895 987 1942 in
1022 1896 1304 1959 suscipiendo
1338 1913 1412 1942 re-

118 1989 211 2036 gno
233 1971 402 2019 cunitis
428 1984 726 2034 anteponatur
751 1988 760 2015 :
785 1972 834 2016 ὃς
860 1970 904 2015 in
926 1968 1124 2031 qualibet
1152 1968 1276 2015 civili
1299 1985 1412 2015 con-

122 2046 399 2103 certatione,
425 2063 525 2109 quae
556 2046 720 2091 affidue
749 2044 865 2106 apud
898 2060 976 2089 eos
1010 2043 1256 2100 eveniunt,
1282 2043 1413 2091 velut

122 2117 398 2183 sacrilegium
442 2118 629 2183 quisque
672 2129 861 2172 caveat,
899 2133 955 2162 ne
993 2116 1173 2163 dextera
1213 2115 1288 2163 sua
1325 2118 1415 2161 Ar-

123 2192 311 2239 saciden]
344 2211 464 2240 arma
489 2194 729 2256 gestantem
750 2189 873 2237 feriat
905 2190 980 2236 vel
1012 2189 1251 2252 privatum.
1280 2188 1414 2235 Satis-

122 2281 212 2328 que
241 2265 437 2322 constat,
471 2266 587 2311 hanc
606 2276 782 2329 gentem
815 2279 975 2325 regna,
995 2263 1176 2326 populis
1208 2262 1256 2311 vi
1289 2262 1416 2324 supe-

124 2338 228 2384 ratis
259 2338 597 2400 compluribus,
631 2336 824 2383 dilatasse
858 2335 1051 2398 adusque
1085 2335 1415 2398 Propontidem

127 2410 176 2456 &
195 2409 439 2456 Thracias:
474 2410 546 2456 sed
573 2411 658 2457 alte
687 2409 947 2472 spirantium
981 2409 1146 2455 ducum
1174 2408 1377 2471 superbia
1398 2442 1415 2464 ,

128 2482 316 2530 licenter
340 2483 621 2548 grassantium
643 2500 721 2547 per
742 2482 1017 2547 longinqua,
1039 2482 1249 2530 aerumnis
1275 2481 1415 2528 maxi-
