1626 2917
233 123 291 171 82
444 124 778 171 AMMIANI
826 126 1306 175 MARCELLINI

229 229 320 278 lata
341 230 559 279 vecordia
578 230 776 278 diversas
797 231 984 296 legimus
1005 234 1181 281 vexaffe
1210 235 1414 282 fortunas
1436 252 1445 282 ε
1466 236 1516 284 &

229 305 472 352 onerosior
500 302 734 352 Plautiano
757 343 773 362 ,
802 306 880 368 qui
906 306 1135 369 praefecius
1164 307 1318 354 itidem
1340 307 1418 353 sub
1438 308 1514 354 Se·

229 394 348 424 vero
367 412 382 436 ,
415 377 529 425 ultra
558 378 749 425 mortale
769 390 945 425 tumens
967 380 1125 426 cuncta
1150 379 1443 437 confuderat,
1469 379 1515 427 ni

227 450 377 513 gladio
412 450 587 512 perisset
619 451 783 497 ultore.
822 452 932 498 Haec
965 450 1195 499 lacrimosa
1215 487 1229 509 ‚
1261 469 1361 515 quae
1400 452 1515 499 inci-

225 531 349 566 tante
377 519 594 566 Petronio
613 520 690 567 sub
709 519 896 567 Valente
924 519 1118 567 clausere
1139 521 1298 569 multas
1324 538 1512 585 pauper-

223 593 341 639 tinas
387 595 437 641 &
474 594 650 641 nobiles
687 594 852 640 domos
878 629 891 652 ‚
926 593 1372 659 impendentiumque
1417 594 1512 657 spes

225 666 430 714 atrocior
449 702 462 726 ,
495 666 848 730 provincialium
879 668 928 715 ὃ(
957 667 1147 714 militum
1181 667 1302 729 paria
1331 684 1513 731 gemen-

224 741 339 787 tium
366 741 558 788 sensibus
579 741 680 788 imis
702 740 957 787 baerebant:
987 742 1033 788 δι
1056 740 1204 799 votis,
1225 740 1329 788 licet
1347 741 1512 788 obscu-

223 814 285 862 ris
317 817 367 863 &
396 814 545 863 tacitis
562 851 576 871 ‚
597 813 872 878 permutatio
892 813 1024 860 status
1051 812 1277 876 praesentis
1305 830 1395 877 ope
1423 831 1510 862 nu-

219 888 357 935 minis
383 888 572 946 summi,
611 887 835 936 concordi
864 885 1030 950 gemitu
1070 887 1353 949 poscebatur.
1391 891 1509 949 Quae

219 960 474 1024 Procopius
500 960 687 1007 latenter
707 959 931 1023 accipiens
948 996 961 1017 ‚
981 959 1301 1024 arbitratusque
1315 997 1329 1019 ‚
1350 962 1428 1008 ubi
1447 962 1509 1009 fe-

217 1033 346 1080 licius
393 1032 608 1081 acciderit
648 1031 788 1079 fatum
812 1067 826 1090 ‚
874 1032 1062 1095 negotio
1108 1031 1201 1080 levi
1243 1033 1298 1080 ad
1334 1035 1507 1096 apicem

217 1105 403 1153 summae
430 1103 658 1168 potestatis
684 1104 840 1152 affumi
858 1140 873 1163 ‚
908 1103 1155 1152 subsidebat
1185 1116 1233 1152 ut
1265 1107 1508 1168 praedatrix

217 1177 355 1226 bestia
369 1213 382 1235 ‚
401 1176 502 1223 viso
523 1212 536 1235 ,
560 1177 685 1239 quod
704 1176 803 1239 capi
824 1187 1026 1238 poterat,
1051 1175 1258 1238 protinus
1279 1190 1504 1242 eruptura.

218 1250 313 1298 Cui
335 1251 432 1297 haec
453 1281 467 1305 ‚
482 1260 587 1312 qnae
609 1249 883 1307 maturabat,
903 1249 1104 1308 ardenti,
1120 1249 1214 1296 fors
1230 1251 1344 1299 hanc
1365 1269 1506 1300 mate-

217 1323 329 1372 riam
365 1322 486 1370 dedit
520 1321 755 1386 impendio
789 1321 1112 1384 tempestivam.
1139 1323 1384 1375 Consumta
1414 1326 1505 1373 hie-

217 1415 318 1456 me,
339 1395 552 1444 festinans
583 1395 638 1442 ad
671 1395 844 1460 Syriam
879 1395 1042 1442 Valens
1061 1430 1073 1452 ‚
1094 1394 1273 1460 jamque
1296 1396 1406 1444 fines
1428 1399 1505 1446 Bi-

215 1472 475 1535 thynorum
496 1469 729 1533 ingreffus,
761 1469 955 1516 docetur
979 1469 1274 1516 relationibus
1303 1471 1465 1518 ducum
1486 1507 1503 1530 ,

216 1556 397 1607 gentem
422 1543 687 1590 Gothorum
707 1558 761 1589 ea
780 1540 1037 1603 tempestate
1057 1540 1288 1600 intactam,
1307 1542 1502 1607 ideoque

217 1616 499 1665 saeviffimam
516 1652 529 1676 ,
561 1614 892 1678 conspirantem
920 1613 968 1659 in
1005 1631 1145 1661 unum
1169 1614 1223 1661 ad
1247 1617 1502 1677 pervaden-

216 1690 274 1737 da
308 1691 454 1753 parari
484 1688 718 1738 collimitia
735 1687 1057 1735 Thraciarum:
1086 1687 1265 1750 hocque
1285 1690 1472 1752 cognito
1491 1722 1503 1741 ,

214 1776 267 1811 ut
285 1764 598 1827 impraepedito
619 1763 710 1826 ipse
733 1774 962 1828 pergeret,
981 1778 1074 1825 quo
1107 1761 1345 1817 tendebat,
1380 1762 1499 1809 suffi-

213 1838 340 1887 ciens
368 1838 567 1903 equitum
597 1836 902 1899 adjumentum
932 1837 981 1883 &
1007 1834 1206 1898 peditum
1240 1835 1357 1882 mitti
1382 1835 1497 1895 juffit

212 1912 270 1960 ad
287 1911 420 1970 loca,
451 1910 498 1956 in
527 1909 689 1973 quibus
718 1907 936 1956 barbarici
965 1907 1235 1955 timebantur
1272 1908 1497 1957 excursus.

209 1986 410 2034 Dimoto
448 1985 596 2047 itaque
632 1982 814 2047 longius
839 1980 1074 2043 Principe,
1099 1981 1352 2043 Procopius
1383 2001 1495 2030 aeru-

209 2059 328 2106 mnis
347 2057 564 2104 diuturnis
582 2056 783 2114 attritus,
802 2057 852 2103 &
876 2055 951 2102 vel
968 2067 1165 2101 atrocem
1189 2067 1382 2101 mortem
1403 2056 1494 2103 cle-

209 2132 480 2181 mentiorem
503 2145 624 2179 ratus
649 2131 799 2188 malis,
818 2130 977 2192 quibus
999 2127 1288 2175 afflietabatur
1308 2165 1322 2186 ‚
1352 2130 1492 2177 aleam

210 2203 516 2267 periculorum
545 2201 749 2249 omnium
793 2199 899 2263 jecit
942 2200 1126 2262 abrupte
1148 2218 1158 2246 ε
1204 2214 1493 2264 extremaque

208 2277 297 2339 jam
326 2275 499 2338 perpeti
529 2292 813 2339 nequaquam
844 2275 1004 2321 timens
1024 2310 1036 2331 ‚
1060 2286 1284 2336 praeeunte
1321 2275 1492 2337 perdita

209 2349 388 2396 ratione
421 2347 589 2395 facinus
612 2349 815 2395 adoritur
842 2346 1169 2394 audaciflimum
1190 2382 1204 2405 ,
1232 2346 1491 2396 Divitenses

203 2420 603 2486 Tungricanosque
626 2412 853 2482 juniores,
884 2421 937 2466 ad
958 2420 1236 2483 procinEtum
1257 2433 1489 2485 urgentem
1519 2420 1539 2436 ‘
