1626 2917
163 119 254 180 256
354 81 1248 163 AMM1AN1MARC‘ELL1N1

161 226 231 274 sus
254 262 264 282 ‚
284 237 332 272 ut
353 227 402 272 δε
424 222 620 285 imperiis
644 221 873 279 obediret,
893 222 941 267 &
961 218 1135 281 regibus
1155 215 1315 264 validis
1337 213 1442 277 jun-

160 312 369 364 geretur,
408 297 616 344 incedens
657 294 829 357 segnius
851 329 864 351 ‚
900 292 1281 354 Marcianopolim
1315 289 1439 336 tarde

163 372 373 434 pervenit
405 368 637 415 itineribus
673 367 814 414 lentis.
848 367 939 413 Ubi
963 365 1083 413 aliud
1111 364 1286 411 acceffit
1319 376 1442 410 atro·

163 446 258 492 cius
281 481 296 502 ,
323 444 448 506 quod
480 441 644 488 arsuras
670 441 715 486 in
742 457 984 488 commune
1013 439 1200 486 exitium
1233 438 1350 485 faces
1368 436 1442 482 fu-

163 517 290 564 riales
326 516 542 562 accendit.
585 513 790 560 Alavivo
824 514 874 561 &
907 512 1155 576 Fritigerno
1187 512 1242 559 ad
1276 509 1444 558 convi-

162 591 290 638 vium
336 588 584 651 corrogatis
606 623 619 645 ,
654 587 901 649 Lupicinus
937 587 990 634 ab
1027 585 1183 649 oppidi
1218 584 1447 632 moenibus

164 663 405 710 barbaram
428 662 603 723 plebem
632 661 844 723 opposito
873 659 1015 706 milite
1046 657 1208 721 procul
1238 657 1450 713 arcebat,

166 736 357 782 introire
392 735 446 781 ad
476 735 774 797 comparanda
813 734 956 781 victui
988 731 1258 788 necessaria,
1292 743 1341 776 ut
1378 727 1450 774 di-

167 807 286 854 tioni
319 806 478 852 noslrae
511 806 758 852 obnoxiam
791 808 840 853 &
868 806 1169 856 concordem,
1192 821 1270 867 per
1297 818 1451 865 preces

167 881 333 947 assidue
359 879 658 942 postulantem
682 898 693 927 :
715 880 913 944 ortisque
943 878 1188 940 majoribus
1213 877 1364 939 jurgiis
1383 875 1451 920 in-

167 967 236 1000 ter
273 953 546 1000 habitatores
583 955 632 1000 &
672 952 841 999 vetitos
863 987 877 1008 ‚
915 951 1110 1013 adusque
1148 949 1452 996 neceffitatem

167 1026 400 1090 pugnandi
429 1026 488 1070 est
523 1036 727 1070 ventum.
764 1023 1033 1085 Efferatique
1065 1021 1212 1068 acrius
1244 1018 1455 1074 barbari,

171 1116 277 1145 cum
310 1097 647 1145 necessitudines
677 1097 895 1143 hostiliter
932 1096 1028 1158 rapi
1064 1095 1311 1151 sentirent,
1348 1093 1455 1154 spo-

171 1171 337 1217 liarunt
356 1169 631 1216 interfectam
651 1169 843 1215 militum
868 1186 1064 1216 manum.
1087 1168 1229 1230 Quod
1250 1166 1457 1214 accidens

171 1245 290 1290 idem
325 1244 571 1306 Lupicinus
600 1243 758 1289 latenti
783 1243 944 1290 nuntio
972 1245 1125 1291 doctus
1141 1280 1153 1302 ,
1175 1244 1279 1289 dum
1306 1242 1352 1287 in
1374 1257 1458 1287 ne-

174 1319 320 1382 potali
347 1317 495 1364 mensa
522 1315 705 1364 ludicris
735 1317 1112 1379 concrepantibus
1150 1316 1226 1362 diu
1262 1315 1458 1361 discum-

174 1395 286 1440 bens
317 1392 431 1438 vino
459 1389 683 1437 marcebat
710 1391 761 1438 &
789 1390 953 1437 somno
981 1407 993 1436 ε
1028 1389 1170 1437 futuri
1209 1388 1460 1448 conjiciens

179 1466 349 1511 exitum
370 1500 384 1520 ‚
405 1463 609 1510 satellites
636 1478 825 1520 omnes,
843 1463 921 1526 qui
951 1479 1035 1525 pro
1063 1462 1280 1525 praetorio
1310 1462 1460 1508 hono·

178 1537 238 1584 ris
270 1540 320 1585 &
350 1536 501 1583 tutelae
534 1535 660 1582 causa
695 1535 829 1583 duces
853 1536 1250 1598 praestolabantur,
1272 1533 1460 1582 occidit.
1484 1570 1486 1572 ψ

181 1613 373 1673 Hocque
387 1608 602 1671 populus,
619 1607 699 1672 qui
717 1625 872 1655 muros
894 1609 1141 1667 obsidebat,
1155 1609 1361 1655 dolenter
1383 1623 1460 1654 ac-

179 1696 314 1746 cepto
331 1718 345 1741 ‚
366 1683 422 1730 ad
446 1681 689 1728 vindiEtam
710 1681 995 1728 detentorum
1016 1698 1194 1746 regum,
1216 1693 1266 1729 ut
1296 1680 1459 1742 opina-

182 1756 339 1813 batur,
359 1752 570 1816 paulatim
595 1752 858 1815 augescens,
875 1753 1015 1800 multa
1033 1754 1283 1800 minabatur
1307 1753 1356 1799 &
1380 1751 1461 1798 sae-

182 1846 256 1877 va.
279 1831 430 1891 thue
456 1838 548 1874 erat
573 1825 844 1889 Fritigernus
868 1826 1064 1889 expediti
1093 1816 1269 1873 confilii
1285 1861 1300 1884 ‚
1333 1824 1460 1870 veri-

183 1915 283 1961 tus,
304 1919 360 1948 ne
381 1912 608 1948 teneretur
635 1900 800 1947 obsidis
825 1900 928 1948 vice
960 1917 1059 1947 cum
1082 1900 1239 1947 ceteris
1263 1934 1277 1956 ‚
1310 1898 1462 1945 excla-

184 1973 329 2021 mavit
346 2009 360 2031 ‚
388 1972 597 2036 graviore
624 1972 912 2034 pugnandum
943 1971 1086 2018 exitio
1101 2008 1116 2029 ,
1136 1971 1184 2017 ni
1207 1969 1298 2033 ipse
1323 1970 1376 2015 ad
1397 1970 1463 2015 le-

185 2046 399 2093 niendum
428 2046 589 2110 vulgus
618 2046 832 2093 sineretur
858 2045 978 2092 exire
1013 2062 1113 2092 cum
1148 2043 1309 2091 sociis:
1338 2041 1465 2105 quod

186 2121 443 2168 arbitratum
477 2120 764 2167 humanitatis
794 2120 940 2183 specie
973 2121 1174 2167 duCtores
1209 2117 1311 2164 suos
1336 2116 1466 2163 occi-

188 2194 283 2251 sos,
310 2193 356 2239 in
380 2193 621 2239 tumultum
641 2192 814 2239 exarsit.
840 2194 1029 2255 Hocque
1053 2191 1292 2253 impetrato
1310 2187 1464 2253 egreffi

188 2285 346 2317 omnes
365 2304 378 2326 ,
408 2269 673 2331 exceptique
705 2285 805 2316 cum
833 2267 985 2330 plausu
1014 2267 1063 2314 δι
1098 2264 1289 2328 gaudiis,
1315 2264 1467 2310 ascen-

188 2342 243 2389 fis
280 2340 404 2405 equis
439 2341 685 2387 evolarunt
707 2378 719 2399 ,
757 2339 925 2386 moturi
963 2338 1251 2384 incitamenta
1292 2334 1467 2381 diversa

188 2404 423 2461 bellorum.
454 2413 563 2462 Haec
607 2413 685 2461 ubi
705 2411 818 2460 fama
851 2427 1082 2461 rumorum
1101 2408 1252 2458 nutrix
1280 2407 1468 2471 maligna
