1626 2917
337 151 556 198 RERUM
593 150 928 196 GESTARUM
962 149 1063 195 ΜΒ.
1098 147 1225 194 XIV.
1363 163 1421 208 37

1361 251 1389 298 lc

145 274 246 304 nem
274 258 476 304 “asianis
503 255 671 320 publici
701 255 833 302 nimis
864 253 1087 318 urgentis,
1111 252 1300 299 eundem
1329 269 1356 314 p
1379 268 1425 298 a·

145 343 297 378 cuerat
316 330 519 387 Gallum,
538 342 616 385 ut,
646 328 816 376 auxilio
843 327 1073 374 destitutus
1092 362 1107 384 ‚
1125 325 1215 372 fine
1236 325 1331 371 ullo
1352 325 1425 370 in·-

142 399 296 446 teriret
320 400 562 447 obstaculo.
594 399 711 447 Huic
747 398 974 445 sententiae
1010 397 1288 445 versabilium
1319 397 1425 442 adu-
1466 444 1469 446 ,

142 472 340 520 latorum
367 473 688 538 refragantibus
720 473 865 537 globis
897 472 1045 535 (inter
1077 489 1192 536 quos
1226 488 1317 518 erat
1338 474 1423 517 Ar-

142 542 266 591 betio
297 546 352 592 ad
381 545 673 592 insidiandum
700 562 800 591 acer
826 546 872 590 &
899 543 1111 606 flagrans,
1132 545 1180 591 ὃ(
1211 543 1423 590 Eusebius

143 628 253 664 tunc
270 617 532 681 praepofitus
553 617 748 664 cubiculi
768 654 781 673 ‚
800 616 980 664 effusior
1003 617 1057 662 ad
1077 615 1357 680 nocendum)
1379 616 1424 662 id

140 690 422 747 occurrebat,
438 688 612 737 Caesare
626 689 873 737 discedente
888 689 1140 736 Ursicinum
1161 688 1206 735 in
1230 689 1423 736 Oriente

138 759 392 822 perniciose
416 760 758 825 relinquendum
772 797 785 819 ‚
802 761 833 806 fi
855 760 1002 807 nullus
1020 760 1148 818 effer,
1168 760 1245 823 qui
1266 760 1420 823 prohi-

136 830 268 882 beret
285 871 299 892 ‚
332 836 492 883 altiora
510 835 839 882 meditaturum.
860 833 1103 896 Iisdemque
1132 834 1288 880 residui
1309 833 1420 897 regii

141 908 355 956 accessere
374 909 590 971 spadones
608 943 620 965 ,
635 923 830 970 quorum
861 923 910 953 ea
942 905 1197 969 tempestate
1224 906 1322 967 plus
1343 906 1419 951 ha·

141 979 279 1027 bendi
307 979 522 1043 cupiditas
555 979 668 1026 ultra
701 978 939 1025 mortalem
971 979 1158 1025 modum
1196 977 1421 1024 adolesce-

140 1053 248 1109 bat,
278 1052 393 1099 inter
429 1052 669 1099 ministeria
700 1051 806 1100 vitae
836 1050 1084 1099 secretioris
1122 1067 1202 1113 per
1230 1066 1420 1097 arcanos

138 1123 339 1175 susurros
371 1124 641 1171 nutrimenta
668 1123 778 1171 ficiis
811 1123 1073 1171 criminibus
1113 1122 1418 1170 subserentes:

138 1198 214 1262 qui
232 1200 508 1262 ponderibus
525 1199 711 1246 invidiae
729 1198 950 1263 gravioris
965 1198 1111 1244 virum
1130 1197 1417 1243 fortissimum

138 1272 489 1335 opprimebant,
517 1272 792 1320 subolescere
822 1271 1012 1334 imperio
1036 1271 1212 1317 adultos
1248 1269 1339 1329 ejus
1367 1268 1416 1314 si-

137 1346 224 1392 lios
254 1346 522 1394 mussitantes
543 1382 558 1404 ‚
586 1347 748 1394 decore
782 1362 1026 1408 corporum
1057 1345 1327 1392 favorabiles
1366 1346 1416 1393 ὃς

138 1429 266 1465 aetate
285 1454 301 1475 ,
330 1435 409 1481 per
440 1417 732 1480 multiplicem
760 1430 996 1464 armaturae
1025 1417 1251 1464 scientiam
1289 1417 1416 1481 agili-

139 1503 365 1553 tatemque
397 1491 703 1538 membrorum
752 1490 868 1537 inter
903 1490 1168 1554 quotidiana
1206 1491 1414 1553 proludia

139 1562 391 1620 exercitus,
438 1561 645 1609 consulto
687 1562 878 1609 consilio
914 1562 1122 1625 cognitos
1147 1580 1157 1608 :
1205 1563 1415 1621 Gallum,

140 1635 297 1697 suopte
323 1634 505 1699 ingenio
528 1648 725 1693 trucem,
747 1652 826 1698 per
848 1634 1096 1698 suppositos
1124 1635 1337 1698 quosdam
1359 1637 1415 1684 ad

138 1705 262 1761 saeva>
274 1705 474 1754 facinora
495 1706 598 1755 ideo
617 1707 862 1754 animatum
879 1743 893 1766 ,
911 1719 961 1755 ut
980 1724 1035 1756 eo
1055 1708 1185 1771 digna
1208 1709 1414 1758 omnium

138 1777 349 1824 ordinum
385 1777 676 1825 detestatione
705 1777 846 1825 exoso
864 1813 877 1836 ,
907 1778 961 1824 ad
992 1779 1184 1842 magistri
1211 1780 1413 1843 equitum

137 1849 301 1897 liberos
323 1848 597 1912 principatus
617 1849 803 1913 insignia
828 1849 1162 1899 transferantur.
1184 1853 1303 1899 Cum
1320 1853 1415 1901 haec

137 1920 333 1985 taliaque
368 1920 578 1970 sollicitas
604 1923 695 1985 ejus
724 1940 849 1970 aures
882 1924 1230 1985 everberarent,
1267 1943 1415 1989 expo-

139 1991 236 2038 sitas
263 1990 433 2054 semper
460 1993 715 2055 hujusmodi
744 1995 996 2042 rumoribus
1017 1997 1065 2043 &
1085 2009 1310 2058 patentes,
1331 2017 1414 2049 νει-

141 2066 206 2113 ria
225 2067 377 2114 animo
392 2078 485 2113 tum
506 2067 715 2116 miscente
734 2068 917 2116 confilia
931 2104 946 2127 ‚
964 2070 1140 2117 tandem
1159 2071 1204 2119 id
1225 2084 1274 2119 ut
1293 2074 1413 2137 opti·-

138 2159 264 2188 mum
298 2141 413 2188 faeni
448 2141 617 2206 elegit:
652 2143 702 2189 &
734 2142 987 2189 Ursicinum
1021 2144 1213 2206 primum
1264 2148 1320 2193 ad
1372 2147 1417 2195 se

138 2212 292 2261 venire
323 2213 497 2260 summo
517 2231 618 2261 cum
646 2214 822 2261 honore
856 2216 1085 2263 mandavit
1104 2253 1119 2274 ,
1155 2235 1204 2265 ea
1238 2218 1414 2282 specie,

137 2297 188 2332 ut
223 2301 306 2347 pro
338 2302 483 2332 rerum
516 2286 626 2334 tunc
652 2286 905 2349 urgentium
935 2301 1070 2350 captu
1103 2289 1415 2352 disponeretur

141 2359 362 2406 concordi
381 2360 594 2418 confiliO,
624 2360 787 2424 quibus
813 2362 978 2409 virium
1003 2362 1289 2413 incrementis
1309 2368 1411 2413 Par·

138 2432 356 2482 thicarum
385 2434 586 2500 gentium
612 2452 734 2483 arma
766 2435 1032 2485 minantium
1065 2437 1257 2501 impetus
1290 2439 1414 2491 stane

1020 2511 1109 2573 C}
