1626 2917
216 155 301 217 138
429 154 762 202 AMMIANI
805 154 1277 202 MARCELLINE

210 263 399 319 lassatis,
425 280 478 308 ex
507 264 678 309 horreis
709 265 917 308 Romano
946 265 1116 324 populo
1145 262 1367 309 destinatis
1392 261 1486 307 frua

210 350 408 382 mentum
441 336 593 381 dedit:
628 336 850 398 pauloque
889 335 1037 398 postea
1076 354 1175 382 cum
1214 335 1489 399 provenisset

206 408 400 470 segetum
421 408 578 470 copia,
603 409 771 471 integre
796 409 884 454 sine
905 409 992 454 ulla
1021 408 1204 453 restituit
1229 425 1369 454 mora.
1399 410 1483 451 Ve-

206 497 305 525 rum
339 479 554 541 quoniam
591 479 714 525 denis
750 479 913 525 modiis
953 478 1132 540 singulis
1177 478 1328 524 solidis
1366 477 1486 523 indi-

204 553 411 616 gentibus
443 553 752 610 venumdafis,
785 565 949 598 emerat
980 551 1068 615 ipse
1102 551 1486 610 tricenos‚inter-

206 626 338 686 pretii
380 625 701 687 compendium
744 625 796 670 ad
832 624 1049 686 Principis
1101 625 1304 669 aerarium
1357 623 1487 670 misit.

207 697 405 761 Ideoque
428 698 768 745 Valentinianus
788 714 867 760 per
895 697 1267 742 nundinationem
1288 695 1484 757 suspica-

207 781 281 815 tus
309 786 491 831 parum,
513 788 643 833 quam
673 782 965 832 oportuerat,
989 769 1160 815 miffum
1177 805 1189 825 ,
1217 786 1316 815 eum
1339 770 1487 814 bono-

207 858 304 887 rum
341 855 464 902 parte
492 844 737 890 mulElavit.
769 843 838 889 Ad
867 841 993 903 cujus
1022 844 1190 889 cladem
1221 858 1489 905 exaggeran-

207 914 306 959 dam
332 913 376 960 id
402 932 584 978 quoque
616 915 764 961 iisdem
791 915 943 961 diebus
974 915 1193 962 acciderat
1222 931 1314 959 non
1345 914 1493 959 minus

208 985 395 1032 exitiale.
433 987 667 1033 Amantius
697 986 912 1049 haruspex
941 1003 990 1032 ea
1019 986 1271 1048 tempestate
1300 1002 1391 1046 prae
1417 1000 1492 1029 ce-

206 1057 313 1103 teris
337 1070 494 1116 notus,
527 1060 780 1106 occultiore
812 1060 984 1105 indicio
1020 1059 1249 1120 proditus,
1277 1057 1401 1119 quod
1430 1056 1499 1101 ob.

207 1148 347 1194 prava
378 1132 579 1194 quaedam
609 1131 858 1193 implenda,
887 1132 939 1176 ad
971 1130 1304 1176 sacrificandum
1335 1129 1389 1174 ab
1407 1143 1492 1174 eo-

208 1205 308 1250 dem
349 1204 452 1251 effet
498 1205 657 1251 ascitus
688 1205 906 1267 Hymetio
927 1241 940 1260 ‚
971 1203 1262 1266 induftusque
1296 1203 1340 1248 in
1375 1201 1491 1260 judi-

208 1277 352 1335 cium,
378 1294 646 1340 quamquam
668 1277 884 1323 incurvus
904 1276 980 1322 sub
1002 1276 1197 1338 equuleo
1221 1275 1370 1327 staret,
1391 1291 1491 1336 per-

209 1350 346 1397 tinaci
383 1351 569 1413 negabat
599 1350 822 1396 instantia.
858 1351 968 1410 Quo
1000 1348 1248 1405 infitiante,
1277 1348 1491 1395 secretio-

210 1424 332 1471 ribus
359 1423 521 1470 chartis
551 1423 606 1469 ab
640 1423 733 1483 ejus
764 1424 904 1470 domo
935 1423 1150 1485 prolatis,
1181 1423 1493 1469 commonito·

209 1498 325 1545 rium
352 1510 576 1561 repertum
603 1498 662 1543 est
683 1515 816 1543 manu
850 1496 1058 1558 scriptum
1078 1495 1281 1560 Hymetii
1298 1530 1310 1551 ‚
1334 1508 1490 1557 peten-

212 1570 294 1626 tis,
322 1584 369 1617 ut
389 1570 618 1617 obsecrata
647 1571 732 1615 ritu
762 1569 985 1615 sacrorum
1017 1568 1281 1614 solemnium
1314 1567 1497 1613 numina·

212 1659 313 1705 erga
334 1642 374 1689 se
406 1645 698 1704 Imperatores
730 1640 1001 1687 delenirent:
1024 1639 1150 1701 cujus
1178 1639 1342 1685 extima
1370 1651 1496 1701 parte

213 1716 417 1781 quaedam
446 1715 674 1763 inveffiva
707 1716 966 1778 legebantur
996 1714 1041 1760 in
1070 1715 1321 1777 Principem
1343 1751 1355 1769 ,
1378 1727 1424 1759 ut
1446 1715 1498 1760 &⁸

214 1807 399 1836 avarum
433 1791 482 1837 &
517 1789 837 1836 truculentum.
871 1789 978 1834 Haec
1017 1788 1354 1834 Valentinianus
1380 1787 1494 1832 rela-

213 1864 338 1910 tione
367 1863 563 1924 judicum
590 1865 776 1920 doctus,
796 1863 991 1925 asperius
1018 1863 1404 1925 interpretantium
1428 1861 1497 1908 fa·-

214 1938 302 1995 ἃᾶ,
342 1938 499 2001 vigore
539 1938 682 1984 nimio
719 1937 764 1982 in
796 1937 1029 2000 negotium
1063 1937 1180 1997 juffit
1219 1936 1400 1999 inquiri.
1441 1938 1494 1982 Et

214 2010 320 2073 quia
341 2011 583 2057 Frontinus
605 2009 884 2058 consiliarius
905 2010 1112 2057 antedicti
1130 2046 1142 2067 ,
1161 2010 1356 2056 minister
1372 2008 1496 2054 fuiffe

214 2095 449 2145 conceptae
484 2082 757 2145 precationis
793 2084 1084 2146 arguebatur,
1110 2081 1315 2129 concisus
1355 2080 1497 2143 virgis

217 2167 350 2217 atque
382 2155 635 2212 confess'us,
667 2155 895 2217 ablegatus
919 2155 980 2201 est
1004 2154 1050 2201 in
1083 2154 1281 2200 exsilium
1317 2154 1370 2199 ad
1400 2153 1497 2198 Bri-

215 2239 379 2273 tannos
400 2244 410 2272 ε
433 2227 663 2274 Amantius
690 2243 801 2273 vero
823 2226 1052 2272 damnatus
1072 2225 1222 2287 postea
1250 2242 1397 2271 rerum
1420 2241 1498 2270 ca·

217 2298 420 2363 pitalium
455 2299 639 2345 interiit.
675 2298 779 2344 Post
813 2299 926 2345 hanc
956 2298 1175 2360 gestorum
1208 2297 1359 2343 seriem
1393 2299 1497 2359 Hy-

219 2372 379 2420 metius
412 2373 465 2418 ad
496 2373 712 2434 oppidum
742 2372 896 2417 dusius
930 2370 1220 2427 Ocriculum,
1251 2370 1498 2416 audiendus

223 2447 277 2496 ab
312 2445 522 2509 Ampelio
554 2446 653 2492 urbi
686 2444 895 2508 praefecto
929 2444 981 2491 de
1015 2443 1261 2490 Maximino
1296 2442 1497 2500 vicario,
