1626 2917
257 129 479 178 RERUM
512 126 855 176 GESTARUM
887 126 989 184 Lm„
1023 126 1205 175 XXXI.
1292 128 1388 193 289

96 234 166 286 {iti
191 226 415 299 vcupiditas
447 235 738 293 incendebat,
759 235 893 282 secuti
917 234 1051 282 ceteri
1084 251 1174 297 prae
1205 234 1246 280 se
1274 235 1391 282 fere-

95 311 205 358 bant
232 308 516 372 aequiparaffe
548 307 804 353 discrimina
830 307 1090 368 potiorum:
1115 323 1305 367 namque
1326 306 1390 352 se·

96 383 294 431 mineces
316 382 477 444 aliqui,
503 394 575 426 aut
601 379 770 442 magnis
791 379 949 425 obtriti
982 379 1286 441 ponderibus,
1313 378 1391 425 vel

97 455 271 505 confixi
301 453 458 516 jaculis
490 453 665 515 pe&ora
691 452 997 498 volvebantur
1016 469 1027 498 z
1049 452 1260 498 nonnulli
1288 451 1389 499 sca-

97 529 163 575 las
187 528 396 574 vehendo
412 563 426 583 ,
444 525 760 587 ascensumque
782 525 824 571 in
849 542 1001 570 muros
1023 540 1073 570 ex
1102 526 1238 572 latere
1260 524 1389 572 omni

98 615 305 664 parantes
322 636 335 658 ‚
357 599 435 646 sub
458 599 670 644 oneribus
694 598 793 660 ipsis
812 598 1142 653 obruebantur,
1166 598 1390 645 contrusis

99 690 180 736 per
212 688 406 735 pronum
439 671 573 728 saxis,
602 673 650 718 ὅ(
678 671 989 717 columnarum
1023 670 1310 733 fragmentis,
1339 672 1393 717 <Sc

99 743 335 808 cylindris.
358 744 454 789 Nec
480 759 751 806 quemquam
784 741 1031 788 furentium
1065 745 1242 789 cruoris
1275 744 1391 789 hor-

100 819 237 866 renda
262 817 426 878 species
445 819 497 864 ad
523 816 662 863 serum
686 817 821 879 usque
852 818 965 863 diem
990 819 1042 862 ab
1064 817 1292 863 alacritate
1322 816 1392 862 fa-

100 891 250 938 ciendi
271 889 448 936 fortiter
462 889 719 936 avertebat:
740 889 829 936 hoc
853 890 1088 942 incitante,
1109 891 1233 951 quod
1255 889 1392 935 etiam

101 963 387 1010 defensorum
411 962 629 1022 plurimos
654 962 809 1008 cadere
832 963 1013 1008 (liversis
1045 963 1201 1008 iffibus
1227 962 1393 1009 viden-

101 1051 168 1086 tes
186 1036 357 1082 eminus
380 1035 655 1081 laetabantur.
677 1039 735 1080 lta
759 1036 847 1080 fine
871 1036 1023 1097 requie
1046 1036 1134 1081 ulla
1158 1035 1228 1082 vel
1251 1036 1394 1081 modo

101 1129 188 1177 pro
217 1111 444 1157 moenibus
477 1111 524 1156 &
557 1122 715 1156 contra
753 1109 918 1155 moenia
949 1109 1202 1172 ingentibus
1233 1110 1396 1156 animis

101 1185 397 1249 pugnabatur.
424 1185 478 1228 Et
497 1182 600 1243 quia
627 1183 755 1229 nullo
779 1182 938 1228 ordine
959 1181 1043 1241 jam
1062 1219 1074 1239 ,
1096 1183 1164 1228 sed
1189 1200 1265 1244 per
1283 1200 1397 1245 pro-

103 1258 258 1307 cursus
291 1257 570 1319 pugnabatur
605 1258 651 1302 &
688 1256 883 1317 globos,
915 1257 1037 1317 quod
1076 1255 1397 1316 desperationis

105 1347 201 1381 erat
222 1332 391 1395 signum
414 1343 628 1376 extremae
644 1365 656 1383 ,
678 1329 798 1375 flexo
820 1329 863 1374 in
890 1329 1112 1388 vesperam
1135 1329 1202 1375 die
1224 1330 1398 1393 digreffi

105 1421 267 1451 omnes
313 1403 480 1449 rediere
519 1403 571 1448 ad
615 1403 808 1448 tentoria
847 1402 988 1448 tristes
1004 1435 1017 1459 ,
1055 1403 1398 1451 inconsideratae

107 1476 344 1524 dementiae
380 1476 491 1522 alter
523 1476 709 1521 alterum
740 1489 1002 1538 arguentes,
1032 1476 1155 1535 quod
1192 1493 1314 1531 non,
1346 1489 1398 1523 ut

108 1548 299 1597 suaserat
337 1560 465 1594 antea
506 1547 804 1610 Fritigernus,
841 1547 1142 1594 obsidionales
1180 1565 1400 1597 aerumnas

107 1621 280 1684 ubique
309 1619 608 1667 declinarunt.

123 1726 130 1733 -
174 1697 259 1742 XV
270 1693 537 1740 LConverfi
557 1692 655 1756 post
676 1691 770 1739 haec
790 1708 866 1753 per
886 1707 1022 1738 omne
1041 1704 1216 1755 tempus
1235 1694 1402 1753 noetis,

109 1779 160 1815 ut
179 1765 346 1813 aestivae
372 1782 465 1811 non
487 1765 672 1828 longum
687 1802 699 1821 ,
719 1765 772 1810 ad
792 1765 1029 1810 vulnerum
1053 1782 1180 1812 curas
1200 1768 1402 1828 artesque

111 1838 319 1888 me'dendi
340 1837 544 1902 gentiles,
565 1838 732 1883 reddita
751 1836 848 1883 luce
869 1839 913 1882 in
941 1837 1085 1885 varias
1105 1839 1402 1886 consiliorum

110 1912 212 1960 vias
239 1912 588 1968 diducebantur‚
608 1909 820 1973 quorsum
843 1910 1075 1955 tenderent
1096 1911 1369 1976 ambigentes
1388 1926 1402 1958 ε

112 1984 351 2045 multisque
394 1983 565 2029 dicimis
607 1984 655 2029 &
691 1982 995 2030 controversis
1012 2017 1023 2037 ‚
1058 1998 1282 2045 occupare
1320 1984 1404 2030 sta-

114 2070 248 2104 tuunt
270 2055 557 2111 Perinthum3
577 2055 738 2100 exinde
765 2071 954 2116 quaeque
979 2054 1234 2101 divitiarum
1261 2055 1405 2102 refer-

115 2143 183 2177 tat
199 2129 467 2175 docentibus
487 2126 641 2173 omnia
661 2126 873 2190 perfugis,
894 2127 1023 2173 etiam
1045 2128 1304 2183 domorum,
1328 2144 1406 2174 ne-

119 2204 226 2250 dum
250 2203 449 2259 urbium,
468 2202 643 2247 interna
659 2206 906 2247 noscentes.
931 2202 1057 2246 Hanc
1078 2201 1214 2247 secuti
1233 2202 1407 2247 senten-

118 2274 253 2330 tiam,
277 2290 406 2335 quam
437 2274 592 2319 utilem
623 2268 954 2330 existimarunt,
985 2272 1218 2319 itineribus
1244 2272 1405 2327 lentis,

118 2347 352 2403 miscentes
373 2347 528 2393 cunEta
548 2341 919 2408 populationibus
939 2346 1226 2395 &incendiis
1241 2381 1254 2403 ,
1276 2345 1408 2392 nullo

146 2416 148 2419 ¹
180 2424 407 2471 Ammian.
432 2420 669 2471 Marcellin.
699 2425 794 2468 Vol.
816 2424 881 2470 ll,
1193 2422 1236 2468 T
