1626 2917
324 153 542 200 RERUM
575 152 908 199 GESTARUM
938 150 1042 198 LIB.
1071 151 1265 199 XXVII.
1337 168 1424 214 127

151 262 321 309 nendi:
355 262 471 309 inter
506 279 624 326 quos
661 262 920 308 Valerianus
953 259 1038 306 fui't
1075 259 1429 306 domesticorum

151 338 354 384 omnium
380 337 550 400 primus
566 373 578 393 ‚
600 340 649 385 &
671 336 950 398 Natuspardo
976 335 1152 399 quidam
1179 333 1388 381 scutarius
1405 368 1422 390 ‚

151 409 347 455 exsertus
366 411 424 456 ita
452 410 640 455 bellator
660 445 672 465 ‚
702 420 749 454 ut
779 408 949 454 Sicinio
980 407 1121 455 veteri
1140 419 1424 468 comparetur

123 491 128 499 '
149 483 200 529 &
228 483 397 546 Sergio.
418 483 581 545 Hisque
599 482 675 529 tali
704 481 878 529 casuum
904 481 1159 527 diversitate
1192 478 1424 542 perfectis,

150 555 312 602 milites
341 558 396 603 ad
429 557 613 603 hiberna
638 593 652 614 ,
685 558 976 618 Imperatores
1012 556 1243 602 Treveros
1273 569 1428 602 revere

149 639 314 675 terunt.

215 702 294 748 XI,
329 702 409 747 Per
433 701 529 748 haec
558 713 760 762 tempora
778 699 992 746 Vulcatio
1020 697 1187 745 Rufino
1221 697 1430 745 absoluto

151 773 245 823 vita
260 809 273 831 ,
298 775 402 820 dum
421 773 769 827 administrarat3
793 773 848 819 ad
869 773 1102 835 regendam
1124 770 1430 833 praefesturam

151 846 471 908 praetorianam
503 846 558 891 ab
592 845 698 891 urbe
732 843 904 890 Probus
937 843 1107 890 accitus
1127 879 1141 902 ‚
1167 844 1430 891 claritudine

151 918 322 981 generis
343 917 620 980 &potentia
649 918 698 964 &
726 933 863 978 opum
894 916 1186 978 amplitudine
1219 918 1430 981 cognitus

150 989 253 1036 orbi
278 990 519 1046 Romano,
551 1005 629 1049 per
658 1004 789 1050 quem
827 986 1093 1034 universum
1128 1005 1256 1051 paene
1287 989 1429 1051 patri-

151 1063 303 1110 monia
331 1061 470 1123 sparsa
488 1060 699 1123 possedit,
713 1058 849 1120 juste,
865 1075 922 1104 an
944 1058 1065 1106 secus
1079 1094 1093 1115 ‚
1112 1076 1205 1107 non
1225 1061 1427 1121 judicioli

149 1135 212 1181 est
232 1133 382 1181 nostri.
407 1134 536 1180 Hunc
560 1132 680 1197 quafi
706 1132 896 1195 genuina
918 1132 1119 1194 quaedam
1137 1167 1150 1189 ‚
1180 1145 1228 1179 ut
1252 1133 1429 1197 fingunt

149 1219 330 1270 poetae,
363 1205 545 1252 fortuna
585 1205 757 1251 vehens
791 1204 1059 1266 praepetibus
1092 1204 1240 1266 pinnis
1260 1241 1273 1264 ‚
1306 1204 1428 1253 nunc

149 1279 400 1328 beneficum
434 1279 695 1326 ostendebat
726 1280 776 1325 δε
808 1277 1232 1326 amicos'sublimius
1259 1281 1429 1343 erigen-

150 1367 239 1401 tem
260 1389 273 1411 ‚
296 1353 531 1416 aliquoties
552 1352 853 1398 infidiatorem
888 1351 1033 1397 dirum
1049 1388 1062 1409 ,
1086 1355 1133 1400 &
1166 1370 1244 1415 per
1268 1371 1430 1401 cruen-

152 1439 219 1473 tas
238 1426 425 1471 noxium
453 1424 701 1470 simultates.
720 1425 774 1469 Et
794 1423 896 1470 licet
915 1424 1064 1486 potuit
1083 1461 1095 1479 ‚
1120 1426 1271 1488 quoad
1290 1427 1428 1485 vixit,

149 1495 349 1560 ingentia
380 1495 632 1567 largiendo,
652 1495 1057 1542 &intervallando
1086 1497 1323 1559 potestates
1360 1499 1427 1545 as-

150 1568 323 1616 fiduas:
355 1582 448 1615 erat
477 1582 624 1615 tamen
655 1569 881 1615 interdum
915 1569 1096 1616 timidus
1124 1571 1177 1616 ad
1209 1572 1393 1620 audaces
1412 1608 1429 1631 o

152 1653 311 1688 contra
331 1639 514 1687 timidos
531 1639 688 1687 celsior
712 1658 723 1686 ε
751 1653 800 1687 ut
819 1640 1046 1688 videretur
1060 1677 1074 1698 ‚
1093 1660 1193 1689 cum
1221 1643 1299 1690 fibi
1320 1643 1430 1692 fide-

150 1727 219 1770 ret
233 1750 247 1773 ‚
268 1715 321 1761 de
345 1714 575 1762 cothurno
605 1713 795 1776 strepere
822 1714 993 1778 tragico
1009 1751 1023 1773 ,
1044 1717 1093 1763 &
1111 1716 1188 1762 ubi
1209 1734 1391 1779 paveret
1412 1755 1427 1779 ‚

150 1788 280 1836 omni
310 1788 525 1835 humilior
555 1787 706 1836 socco.
744 1792 892 1853 Atque
923 1802 972 1835 ut
1003 1791 1253 1839 natantium
1286 1810 1426 1856 genus

151 1864 376 1911 elemento
420 1862 501 1909 suo
536 1862 764 1924 expulsum
788 1898 802 1920 ‚
846 1863 966 1909 haud
999 1864 1169 1912 tamdiu
1208 1865 1344 1929 spirat
1377 1868 1425 1914 in

152 1934 308 1989 terris;
341 1933 399 1980 ita
430 1933 504 1980 ille
533 1935 757 1982 marcebat
786 1934 948 1998 absque
978 1935 1245 1998 praefecturis
1271 1957 1282 1985 :
1316 1956 1426 2003 quas

151 2005 306 2070 jurgiis
333 2005 597 2053 familiarum
628 2006 874 2070 ingentium
900 2009 1115 2071 capessere
1142 2011 1386 2075 cogebatur
1408 2048 1424 2071 ‚

154 2096 381 2143 nunquam
413 2079 724 2126 innocentium
759 2096 837 2142 per
871 2081 1129 2143 cupiditates
1155 2082 1386 2131 immensas
1407 2121 1424 2143 ‚

153 2164 290 2215 utque
310 2152 448 2198 multa
473 2165 778 2215 perpetrarent
797 2151 979 2215 impune
996 2189 1010 2210 ‚
1031 2153 1266 2202 dominum
1294 2155 1422 2203 suum

153 2225 449 2287 mergentium
494 2225 540 2271 in
579 2224 912 2287 rempublicam.
952 2227 1155 2289 Namque
1194 2227 1424 2276 fatendum

153 2296 217 2343 est
237 2331 251 2354 ,
276 2313 499 2360 nunquam
519 2334 534 2356 ‚
563 2297 634 2344 illa
670 2296 1028 2359 magnanimitate
1049 2298 1236 2347 coalitus
1251 2335 1265 2357 ,
1287 2299 1424 2346 clien-

154 2368 190 2414 ti
220 2368 295 2415 vel
323 2368 453 2415 servo
476 2386 602 2432 agere
619 2369 861 2432 quidquam
884 2368 1004 2430 juffit
1031 2371 1238 2420 illicitum
1260 2389 1272 2418 z
1299 2371 1371 2417 sed
1390 2370 1423 2416 ss

152 2455 310 2495 eorum
329 2458 595 2506 quemquam
626 2441 793 2493 crimen
822 2441 963 2491 ullum
984 2455 1265 2508 compererat
1283 2441 1427 2504 admi}
