1626 2917
195 163 283 229 358
409 166 744 214 AMMIANI
791 165 1254 213 MARCELLJNI

189 271 322 317 tiora.
345 272 581 317 Proximos
602 271 669 317 his
693 271 854 317 limites
877 272 1095 332 possident
1118 270 1358 328 Bactriani,
1379 278 1463 317 nai

190 343 257 389 tio
278 345 464 390 antehac
484 343 682 390 bellatrix
706 345 754 391 δι
773 344 1094 406 potentiffima,
1117 346 1334 407 Persisque
1352 344 1463 390 sem-

190 434 269 478 per
298 417 475 471 infesta,
499 429 736 481 antequam
770 419 1047 466 circumlitos
1079 419 1274 484 populos
1305 433 1464 465 omnes

192 490 245 534 ad
273 489 489 536 ditionem
509 490 888 554 gentilitatemque
906 491 1130 538 traherent
1158 491 1351 538 nominis
1372 490 1435 536 sui
1449 506 1464 536 ε

191 578 321 622 quam
357 580 509 610 rexere
539 563 768 610 veteribus
801 564 954 610 seculis
981 563 1111 610 etiam
1138 563 1285 611 Arsaci
1307 561 1464 609 formi-

191 633 358 680 dabiles
382 651 516 697 reges.
550 635 654 697 Ejus
680 636 901 699 pleraeque
919 648 1064 698 partes
1080 670 1093 693 ‚
1115 636 1174 682 ita
1203 648 1252 682 ut
1271 633 1464 697 Margia-

193 721 247 749 na
265 741 277 762 ,
302 706 462 767 procul
482 724 505 752 a
526 707 732 754 litoribus
753 707 851 753 sunt
872 707 1128 770 disparatae,
1149 707 1222 754 sed
1249 706 1372 753 humi
1397 706 1467 769 gi-

193 778 424 839 gnentium
449 778 614 826 fertiles
634 799 643 826 :
663 781 712 828 δε
734 796 894 842 pecus,
921 782 1046 846 quod
1068 781 1160 829 illic
1191 797 1268 843 per
1288 794 1468 840 campe-

193 848 296 896 stria
316 849 416 898 loca
436 851 630 898 vescitur
648 853 697 900 &
727 865 937 900 montana
953 889 966 911 ,
988 854 1196 900 membris
1216 853 1276 899 est
1300 850 1469 915 magnis

196 925 477 985 compactum
514 927 562 974 &
597 926 754 973 validis
783 945 793 973 :
827 940 875 974 ut
909 927 1081 974 indicio
1120 927 1219 973 sunt
1256 925 1411 975 cameli
1443 939 1470 970 a

196 996 460 1044 Mithridate
480 999 641 1046 exinde
658 1000 856 1061 perducti
873 1036 888 1057 ‚
909 1002 957 1049 &
977 1000 1182 1062 primitus
1202 1000 1247 1046 in
1268 997 1472 1046 obfidio-

195 1086 253 1116 ne
272 1070 501 1133 Cyzicena
521 1073 600 1119 visi
622 1073 851 1120 Romanis.
873 1075 1043 1119 Gentes
1065 1073 1215 1120 iisdem
1235 1069 1472 1119 Baetrianis

199 1141 419 1190 obediunt
448 1145 624 1207 plures,
654 1163 759 1209 quas
788 1145 1050 1208 exsuperant
1083 1144 1285 1192 Tochari
1309 1162 1319 1190 :
1343 1145 1392 1191 &
1418 1141 1474 1188 ad

197 1216 334 1262 Italiae
352 1217 539 1278 speciem
557 1221 722 1268 crebris
739 1220 998 1267 fluminibus
1017 1220 1313 1267 inundantur:
1333 1235 1357 1264 e
1375 1216 1473 1280 qui·

198 1288 280 1336 bus
309 1292 502 1338 Artemis
525 1296 572 1340 &
605 1293 828 1353 Zariaspes
859 1307 960 1339 ante
991 1293 1068 1338 fibi
1091 1291 1367 1348 consociati,
1397 1289 1474 1335 iti-

201 1357 392 1421 demque
442 1362 601 1408 Ochus
648 1364 697 1408 &
740 1363 1021 1424 Orgomanes
1063 1360 1199 1422 junffl
1253 1358 1476 1407 convenis

200 1430 327 1493 aquis
354 1447 515 1495 augent
535 1433 744 1481 immania
771 1435 866 1480 Oxi
887 1433 1064 1479 fluenta.
1094 1434 1207 1479 Sunt
1235 1433 1284 1480 &
1310 1430 1384 1476 hic
1408 1428 1480 1481 ci·-v

200 1503 390 1563 vitares,
408 1523 515 1568 quas
535 1524 686 1553 amnes
709 1507 865 1553 diverfi
888 1505 1211 1569 perstringunt,
1227 1503 1294 1550 his
1315 1502 1480 1549 ceden-

201 1586 268 1620 tes
297 1590 347 1622 ut
364 1578 625 1626 melioribus
641 1615 654 1637 ,
672 1580 838 1626 Chatra
854 1614 865 1632 ‚
887 1580 936 1625 ὅ(
954 1577 1119 1624 Charte
1135 1613 1148 1635 ‚
1169 1578 1218 1624 &
1237 1574 1479 1633 Alicodra,

203 1648 255 1694 &
278 1648 449 1697 Astacia
466 1688 478 1709 ‚
512 1654 560 1699 &
595 1652 817 1714 Menapila
833 1687 845 1708 ‚
867 1653 914 1698 &
943 1650 1092 1696 Bactra
1119 1648 1207 1711 ipsa
1225 1683 1238 1703 ‚
1269 1647 1387 1693 unde
1410 1662 1481 1692 re-

204 1738 341 1784 gnum
378 1724 427 1771 &
461 1725 734 1771 vocabulum
769 1724 963 1770 nationis
998 1723 1058 1770 est
1092 1722 1354 1767 institutum.
1388 1719 1480 1767 Sub

204 1794 307 1842 imis
326 1798 547 1843 montium
568 1798 772 1860 pedibus,
793 1813 907 1858 quos
924 1796 1147 1859 appellant
1165 1794 1382 1857 Sogdios:
1408 1792 1483 1841 in·-1

203 1879 272 1913 ter
308 1884 421 1929 quos
466 1885 616 1915 amnes
652 1869 742 1916 duo
783 1867 927 1914 fluunt
968 1868 1149 1915 navium
1185 1863 1482 1926 capaciffimi,

208 1943 418 1989 Araxates
441 1943 488 1988 &
510 1943 715 2006 Dymas,
735 1941 811 2003 qui
833 1958 910 2004 per
937 1940 1040 2003 juga
1068 1938 1292 2001 vallesque
1321 1935 1483 1998 praeci-

207 2015 321 2077 pites
342 2015 387 2061 in
418 2016 702 2079 campestrem
730 2015 957 2077 planitiem
979 2016 1288 2067 decurrentes,
1313 2011 1483 2057 Oxiam

207 2090 393 2136 nomine
425 2091 630 2152 paludem
663 2090 861 2137 efficiunt
894 2089 1027 2150 longe
1063 2089 1234 2148 lateque
1267 2084 1485 2133 diffusam·

208 2161 296 2207 Hic
326 2162 440 2207 inter
473 2163 555 2209 alia
591 2162 756 2223 oppida
790 2161 1069 2207 celebrantur
1100 2157 1399 2214 Alexandria,
1433 2158 1485 2204 &

211 2232 511 2295 Cyreschata,
545 2235 593 2280 ὃς
627 2232 801 2295 Drepsa
845 2230 1124 2292 metropolis.
1162 2229 1241 2274 His
1280 2227 1485 2290 contigui

209 2304 306 2351 sunt
337 2305 487 2362 Sacae‚
524 2306 647 2352 natio
685 2304 804 2363 fera,
842 2302 1080 2366 squalentia
1114 2300 1318 2346 incolens
1350 2299 1484 2353 loca,

208 2375 308 2422 solo
342 2379 495 2439 pecori
519 2378 736 2425 fructuosa
756 2414 770 2436 ,
800 2378 903 2424 ideo
935 2394 1016 2423 nec
1051 2374 1308 2422 civitatibus
1330 2374 1448 2421 culta
1474 2394 1489 2424 ε

210 2450 285 2498 cui
306 2450 554 2498 Ascanimia
581 2467 712 2500 mons
742 2449 974 2509 imminet,
993 2451 1044 2503 ,δὲ
1062 2447 1302 2495 Comedus.
1323 2446 1487 2494 Praeter
