1626 2917
272 158 492 224 RERUM
528 176 868 225 GESTARUM
902 178 1000 224 ma.
1035 177 1214 226 xxtx.
1302 195 1392 244 209

109 280 205 331 haec
239 293 310 329 tot
351 299 403 330 ac
439 283 540 329 talia
575 300 652 345 per
686 283 885 330 turbines
921 284 1138 347 agitantur
1167 285 1357 333 affiduos
1380 321 1395 344 ,

107 354 302 404 Claudio
330 368 507 419 regente
528 355 685 402 urbem
714 366 923 402 aeternam
941 392 954 414 ‚
977 355 1179 415 Tiberis,
1197 357 1274 420 qui
1299 374 1396 404 me-

108 430 182 477 dia
211 429 477 476 intersecans
502 429 667 476 moenia
683 464 697 486 ,
720 428 887 476 cloacis
908 431 956 477 &
976 429 1129 478 fluviis
1159 431 1397 476 abundan-

110 502 230 549 tibus
270 501 421 547 multis
456 501 704 565 Tyrrheno
745 501 854 547 mari
898 502 1107 550 miscetur
1128 538 1141 560 ,
1181 502 1397 551 effufione

110 574 324 623 imbrium
344 571 592 621 exuberans
620 574 786 632 nimia,
811 576 860 621 &
890 573 1018 636 supra
1045 574 1184 622 amnis
1205 575 1399 637 speciem

112 647 272 711 pansus
294 684 308 707 ‚
340 647 494 694 omnia
527 664 652 710 paene
676 648 895 695 contexit.
918 650 973 694 Et
1003 648 1300 712 stagnantibus
1331 645 1400 697 ci-

111 722 261 770 vitatis
282 721 461 768 residuis
493 720 732 779 membris,
753 738 852 784 quae
887 722 1132 768 tenduntur
1167 721 1214 767 in
1250 723 1400 784 plani-

111 796 219 842 tiem
238 794 496 842 molliorem
510 829 524 852 ,
543 806 719 841 montes
736 793 818 840 soli
842 796 892 842 &
914 794 1134 858 quidquid
1155 795 1400 843 insularum

114 868 271 915 celfius
301 867 548 924 eminebat,
568 885 590 914 a
609 867 814 931 praesenti
834 882 954 916 metu
987 869 1327 918 defendebatur:
1350 874 1401 920 δε

114 957 171 987 ne
189 940 319 986 multi
344 940 490 986 inedia
520 942 887 988 contabescerent
904 977 917 997 ,
936 943 1151 989 undarum
1174 945 1403 1006 magnitu-

115 1013 220 1059 dine
241 1012 455 1076 nusquam
483 1013 694 1076 progredi
725 1014 1011 1076 permittente
1027 1050 1039 1071 ‚
1061 1015 1217 1061 lembis
1238 1018 1287 1063 &
1308 1015 1403 1063 sca·-

114 1085 218 1150 phis
244 1083 377 1147 copia
407 1085 718 1148 suggerebatur
745 1087 921 1133 abunde
955 1088 1177 1136 ciborum.
1205 1090 1263 1135 At
1286 1104 1403 1137 vero

89 1156 96 1161 ’
116 1159 196 1206 ubi
223 1157 453 1219 tempestas
479 1157 707 1216 mollivit,
729 1159 780 1206 &
799 1158 967 1205 flumen
984 1160 1240 1208 retinaculis
1260 1163 1402 1225 ruptis

117 1228 248 1276 rediit
271 1228 325 1275 ad
343 1227 522 1276 solitum
545 1227 744 1287 cursum,
763 1229 957 1276 absterso
976 1244 1096 1277 metu
1118 1232 1227 1278 nihil
1250 1233 1403 1295 postea

117 1302 353 1350 molestum
401 1302 747 1365 exspefitabatur.
786 1304 871 1350 Hic
911 1303 1001 1366 ipse
1044 1306 1275 1368 praefeffiis
1313 1310 1403 1370 egit

117 1375 360 1423 admodum
387 1375 565 1436 quiete,
591 1375 758 1421 nullam
782 1374 1045 1422 seditionem
1067 1377 1196 1440 super
1223 1382 1403 1441 querela

119 1447 232 1512 justa
260 1448 481 1511 perpeffus
500 1467 511 1495 :
532 1451 580 1496 δε
607 1447 868 1495 instauravit
887 1462 1038 1496 vetera
1057 1450 1261 1513 plurima.
1284 1456 1405 1501 Inter

121 1539 223 1585 quae
251 1521 476 1584 porticum
504 1521 717 1569 excitavit
742 1522 997 1586 ingentem,
1019 1525 1203 1574 lavacro
1234 1529 1404 1592 Agrip-

121 1611 192 1658 pae
222 1594 480 1658 contiguam
500 1631 512 1653 ,
535 1597 735 1642 Eventus
771 1595 886 1642 Boni
921 1598 1284 1659 cognominatam
1305 1637 1317 1658 ‚
1351 1619 1403 1651 ea

122 1682 200 1726 re,
230 1666 355 1731 quod
372 1665 503 1729 hujus
534 1666 732 1714 nominis
753 1683 897 1731 prope
924 1668 1081 1717 vifitur
1106 1672 1339 1737 templum.

190 2551 414 2604 Amtniatz.
441 2547 677 2608 Marcellin.
704 2559 798 2605 Vol.
820 2556 885 2606 II.
1192 2560 1241 2607 O
