1626 2917
329 204 546 251 RERUM
580 201 918 249 GasTARUM
953 201 1056 247 ΜΒ.
1090 201 1232 248 xva.
1338 219 1421 261 ψ

160 307 362 372 magister
381 308 579 371 equitum
600 306 835 354 bellicosus
854 320 956 354 ante
979 306 1073 369 haejc
1092 309 1141 355 &
1164 306 1399 354 industrius
1412 342 1429 363 ,

159 391 342 442 repente
365 379 669 427 commarcuit.
695 380 749 425 Et
771 379 846 441 qui
869 378 978 441 saepe
1006 377 1240 425 universos
1263 378 1315 423 ad
1333 376 1431 423 for-

160 451 263 498 titer
288 451 538 499 faciendum
573 452 834 498 hortabatur
870 454 919 499 &
956 452 1180 515 singulos,
1207 464 1314 500 tunc
1343 450 1431 497 dis-

160 522 311 572 suasor
335 525 561 589 pugnandi
592 537 846 572 contemtus
870 524 1107 571 videbatur
1136 526 1184 572 &
1214 523 1391 571 timidus
1414 558 1433 582 ,

159 609 355 644 mortem
382 598 561 645 fortasse
588 611 789 644 metuens
817 598 1133 644 adventantem
1157 609 1238 645 :ut
1266 597 1311 643 in
1339 598 1433 644 Ta-

160 669 316 733 geticis
353 672 476 718 libris
515 671 706 734 legitur,
741 669 935 732 Vejovis
966 669 1150 717 fulmine
1185 686 1295 717 mox
1330 681 1433 717 tan-

160 743 331 805 gendos
361 745 473 790 adeo
505 743 727 799 hebetari,
747 755 798 789 ut
826 759 907 791 nec
936 747 1155 790 tonitrum
1177 779 1192 801 ‚
1228 761 1311 792 nec
1338 761 1435 791 ma-

159 812 281 876 jores
309 817 483 880 aliquos
506 816 670 880 poffint
697 816 846 862 audire
871 815 1066 880 fragores
1089 834 1098 862 ε
1120 819 1168 864 &
1195 816 1277 863 iter
1303 817 1435 880 igna-

160 888 280 936 viter
316 903 462 953 egerat
490 902 650 953 praeter
684 887 862 934 solitum
885 923 898 946 ,
928 900 977 934 ut
1009 888 1213 935 dustores
1257 888 1433 937 viarum

159 975 407 1023 praeeuntes
428 961 562 1010 alacri
581 961 718 1025 gradu
736 995 750 1018 ,
772 960 928 1007 ultima
949 961 1201 1009 minitando
1222 973 1403 1008 terreret
1417 998 1434 1019 ,

161 1031 211 1078 ni
247 1049 403 1080 omnes
444 1033 747 1095 conspirantes
783 1032 830 1077 in
859 1048 997 1078 unum
1039 1032 1079 1078 se
1118 1032 1221 1079 loca
1257 1033 1434 1095 penitus

160 1102 367 1167 ignorare
386 1104 627 1154 firmarent.
651 1104 746 1164 Qui
773 1103 996 1150 imerdiffi
1013 1116 1259 1151 metuentes
1279 1107 1436 1153 anfio-

160 1176 362 1235 ritatem‚
386 1177 597 1241 nusquam
626 1177 786 1224 deinde
820 1176 918 1223 sunt
949 1178 1177 1239 progreffi.
1213 1182 1330 1226 lnter
1355 1179 1435 1227 has

155 1262 309 1300 >tamen
341 1269 487 1302 moras
524 1253 879 1301 Alamannorum
911 1270 989 1300 rex
1023 1254 1280 1301 Suomarius
1312 1254 1435 1301 ultro

159 1339 265 1371 cum
296 1324 383 1373 suis
413 1325 684 1389 improvisus
704 1325 932 1383 occurrit,
953 1325 1083 1372 ferox
1105 1337 1206 1372 ante
1226 1325 1435 1373 saeviens-

159 1412 248 1459 que
266 1396 313 1442 in
331 1398 489 1445 damna
513 1400 719 1445 Romana
735 1433 749 1455 ‚
770 1397 842 1444 sed
867 1409 958 1443 tum
987 1397 1161 1443 lucrum
1182 1397 1435 1446 existimans

162 1468 462 1532 insperatum,
485 1470 518 1516 fi
549 1469 733 1532 propria
763 1469 953 1517 retinere
996 1469 1341 1532 permitteretur.
1377 1472 1434 1517 Et

161 1542 268 1606 quia
291 1543 440 1591 vultus
458 1543 727 1607 incessusque
755 1543 998 1605 supplicem
1026 1542 1252 1589 indicabat
1269 1579 1284 1599 ,
1302 1542 1434 1591 susce·

162 1624 290 1676 ptus,
306 1614 519 1678 bonoque
534 1613 688 1661 animo
708 1614 790 1661 effe
804 1614 938 1676 juss'us
960 1616 1009 1661 ὃ(
1025 1614 1222 1677 placido,
1242 1614 1352 1660 nihil
1367 1632 1434 1661 ar-

159 1686 299 1734 bitrio
332 1687 410 1734 suo
433 1688 713 1751 relinquens,
734 1705 886 1751 pacem
903 1687 1086 1750 genibus
1109 1688 1306 1735 curvatis
1329 1705 1434 1735 ora-

160 1758 250 1823 bat.
275 1763 330 1808 Et
357 1778 452 1808 eam
476 1777 578 1809 cum
601 1760 884 1808 conceffione
902 1760 1232 1823 praeteritorum
1255 1760 1332 1808 sub
1350 1762 1434 1810 hac

160 1835 324 1883 meruit
342 1835 461 1900 lege,
479 1847 528 1882 ut
551 1835 758 1897 captivos
782 1835 981 1881 redderet
999 1833 1201 1891 nostros,
1223 1835 1297 1892 &,
1318 1852 1432 1897 quo-

161 1908 243 1955 ties
261 1907 313 1955 fit
331 1908 527 1966 necesse,
555 1908 770 1955 militibus
790 1907 998 1956 alimenta
1019 1908 1260 1970 praeberet,
1286 1907 1432 1955 susce-

161 1993 344 2045 ptorum
366 1982 526 2030 vilium
554 1999 681 2028 more
702 1981 951 2030 securitates
971 1981 1193 2044 accipiens
1221 1999 1306 2044 pro
1332 1982 1433 2029 illa-

161 2053 246 2102 tis:
275 2071 383 2118 quas
417 2055 448 2101 fi
470 2071 566 2102 non
597 2054 849 2102 ostendisset
883 2055 930 2101 in
964 2067 1198 2116 tempore,
1229 2053 1356 2100 sciret
1389 2055 1432 2102 se

153 2125 307 2176 Iursus
336 2143 387 2174 ea
414 2127 468 2174 de
495 2144 542 2174 re
575 2126 856 2191 fatigandum.
879 2127 1020 2187 Quod
1044 2127 1106 2174 ita
1132 2126 1249 2173 re&e
1284 2126 1435 2189 dispo-

160 2196 320 2256 situm,
357 2198 418 2245 est
450 2198 754 2263 impraepedite
789 2200 1079 2263 completum.
1112 2199 1313 2245 Hortarii
1346 2215 1433 2244 no-

162 2269 282 2317 mine
311 2272 526 2334 petendus
556 2285 648 2320 erat
679 2271 791 2336 regis
827 2271 1008 2319 alterius
1047 2287 1217 2335 pagus:
1248 2273 1297 2319 &
1328 2271 1434 2334 quia

163 2342 276 2388 nihil
294 2345 527 2392 videbatur
546 2345 685 2393 deesse
705 2357 868 2408 praeter
888 2345 1092 2392 dustores
1106 2376 1119 2400 ‚
1143 2344 1332 2391 Nesticae
1352 2344 1433 2390 tri-

161 2416 290 2463 buno
319 2416 608 2465 scutariorum
628 2453 643 2477 ,
676 2420 726 2466 &
755 2417 1038 2466 Chariettoni
1071 2417 1174 2465 viro
1201 2416 1434 2464 fortitudi-

163 2488 235 2537 nis
265 2488 410 2552 mirae,
429 2490 726 2555 imperaverat
757 2489 932 2553 Caesar,
949 2503 1000 2540 ut
1019 2507 1177 2557 magna
1205 2489 1432 2556 quaefitum
