1626 2917
320 210 545 260 RERUM
577 210 919 259 GESTARUM
949 210 1053 260 LIB.
1077 210 1227 260 XXII.
1327 229 1413 274 321.

128 318 339 386 fuppares
366 319 485 383 ejus,
519 320 687 383 septem
715 319 989 384 navigabiles
1010 319 1110 368 sunt
1141 322 1192 368 &
1222 321 1385 367 undosi
1408 356 1424 380 ,

124 397 293 458 quibus
318 393 508 455 subjeaa
543 392 770 439 vocabula
807 404 982 439 veteres
1008 391 1298 439 indiderunt:
1328 393 1425 439 He-

128 465 398 513 racleoticus
414 501 427 524 ‚
448 465 782 528 Sebennyticus
797 498 810 520 ‚
826 463 1076 510 Bolbiticus
1089 500 1102 522 ‚
1123 463 1398 510 Phatniticus
1411 500 1427 523 ‚

129 537 386 585 Mendesius
406 573 420 595 ‚
461 537 730 591 Taniticus,
762 537 812 582 ὅ(
852 535 1117 582 Pelusiacus.
1149 536 1316 582 Oriens
1344 553 1427 582 au-

127 624 221 658 tem
259 611 393 668 inde,
416 622 466 656 ut
505 609 669 655 diuum
701 608 763 655 est
785 645 797 666 ‚
832 609 1103 671 propellitur
1135 625 1158 654 e
1190 609 1431 672 paludibus

129 683 330 748 adusque
363 684 603 731 cataraEias
626 719 640 740 ,
670 681 921 745 insulasque
941 683 1078 729 efficit
1109 683 1255 745 plures
1278 701 1290 729 :
1313 700 1431 747 qua-—

129 774 233 807 rum
262 759 423 821 aliquae
457 759 518 805 ita
548 757 766 822 porreffis
797 757 926 820 aquis
953 757 1167 802 dicuntur
1196 769 1390 803 extentae
1413 792 1430 816 ,

129 844 183 879 ut
207 831 396 895 lingulas
418 847 534 895 aegre
554 832 692 877 tertio
716 830 787 876 die
806 830 1041 893 relinquat.
1061 831 1181 875 Inter
1200 846 1311 892 quas
1333 830 1433 876 duae

131 905 237 952 sunt
270 905 401 952 clarae
424 940 437 961 ‚
466 906 625 950 Meroe
647 937 662 962 ‚
692 905 742 951 a&
782 903 917 949 Delta
938 939 951 960 ,
975 919 998 948 a
1028 904 1259 966 triquetrae
1288 903 1432 949 literae

131 978 281 1025 forma
307 980 397 1025 hoc
423 978 657 1025 vocabulo
687 977 898 1040 signatius
932 978 1166 1040 appellata.
1199 979 1316 1025 Cum
1350 995 1434 1024 au-

132 1067 225 1098 rem
256 1051 322 1097 sol
352 1068 432 1113 per
465 1051 617 1098 cancri
645 1050 761 1098 sidus
792 1050 987 1112 coeperit
1017 1051 1154 1108 vehi,
1190 1052 1433 1116 augescens

132 1125 327 1188 adusque
355 1125 588 1171 transitum
625 1124 721 1186 ejus
745 1124 792 1170 in
829 1124 988 1171 libram
1009 1160 1022 1182 ‚
1050 1126 1294 1189 diebusque
1325 1144 1436 1174 cen-

132 1213 231 1247 tum
252 1199 465 1246 sublatius
491 1198 660 1257 fluens,
687 1198 912 1246 minuitur
938 1200 1089 1262 postea
1111 1236 1124 1256 ‚
1144 1202 1194 1248 &
1221 1200 1437 1266 mitigatis

133 1272 417 1335 ponderibus
446 1288 665 1336 aquarum
682 1308 695 1330 ‚
727 1273 918 1320 navibus
937 1284 1064 1319 antea
1094 1273 1281 1336 pervios
1301 1275 1437 1337 equi«-

134 1345 294 1392 rabiles
329 1361 515 1406 campos
543 1345 753 1392 ostendit.
788 1346 983 1391 Abunde
1017 1346 1169 1408 itaque
1201 1346 1436 1394 luxurians

135 1417 197 1465 ita
224 1417 286 1464 est
324 1417 522 1475 noxius,
546 1432 594 1463 ut
619 1417 950 1475 insrtifihuosiis,
972 1418 1003 1463 si
1026 1419 1203 1465 venerit
1223 1422 1435 1482 parcior:

135 1491 364 1555 gurgitum
383 1491 505 1537 enim
536 1490 774 1539 nimietate*
796 1492 1054 1537 humeEians
1073 1491 1240 1537 diutius
1270 1506 1435 1553 terras,

136 1566 336 1613 culturas
362 1576 568 1611 moratur
598 1581 840 1628 agrorum:
872 1563 1098 1626 parvitate
1119 1578 1267 1612 autem
1291 1567 1437 1614 mina·

137 1652 214 1687 tur
246 1638 412 1685 steriles
449 1636 626 1700 segetes.
653 1639 859 1699 Eumque
898 1654 1034 1683 nemo
1064 1638 1313 1701 aliquando
1333 1658 1436 1686 *ex-

134 1712 238 1759 tolli
273 1710 436 1758 cubitis
466 1710 600 1756 altius
632 1711 745 1760 XVI
773 1708 990 1772 poffeffor
1009 1711 1201 1772 optavit.
1227 1711 1282 1757 Et
1305 1712 1336 1757 fi
1361 1712 1435 1758 iti-2

136 1784 301 1833 ciderit
321 1782 595 1831 moderatius
614 1819 627 1841 ,
645 1782 886 1846 aliquoties
908 1782 1032 1843 jaiiae
1052 1783 1266 1830 sementes
1291 1785 1339 1831 in
1363 1786 1435 1832 lo⁶

136 1872 210 1906 co·
228 1855 408 1920 pinguis
443 1855 632 1918 caespitis
665 1872 766 1902 cum
796 1868 1042 1918 augmento
1071 1854 1165 1902 fere
1200 1856 1434 1922 septuage-

138 1931 254 1978 simo
279 1928 572 1977 renascuntur
594 1947 605 1976 ε
630 1928 836 1992 solusque
869 1927 1113 1974 fluminum
1138 1946 1267 1977 auras
1291 1934 1434 1978 nullas

137 2003 340 2067 inspirat.
371 2003 597 2050 Exuberat
624 2003 851 2066 AEgyptus
878 2002 1009 2047 etiam
1038 2003 1284 2064 pecudibus
1312 2006 1434 2052 mul-

138 2077 365 2135 tis,inter
401 2094 511 2140 quas
541 2076 768 2123 terrestres
802 2075 903 2121 sunt
935 2076 985 2122 &
1018 2076 1266 2138 aquatiles:
1303 2079 1435 2139 aliae„

139 2167 243 2214 quae
272 2151 400 2198 humi
424 2152 474 2199 &
502 2151 550 2197 in
578 2150 847 2197 humoribus
878 2149 1079 2206 vivunt,
1107 2152 1228 2198 unde
1257 2160 1431 2211 ἀμφίβιοι

141 2222 452 2289 nominantur.
477 2223 532 2269 Et
552 2222 600 2268 in
629 2221 764 2268 aridis
787 2220 970 2284 quidem
1003 2222 1203 2284 capreoli
1234 2223 1432 2270 vescun-

139 2298 245 2353 tur,
272 2298 322 2344 &
351 2296 540 2356 bubali,
573 2298 624 2345 &
654 2295 948 2359 spinturnicia
981 2299 1109 2343 omni
1142 2290 1432 2346 deformitate

141 2370 358 2427 ridicula,
383 2371 561 2435 aliaque
595 2370 795 2417 monstra
812 2405 824 2424 ‚
851 2387 951 2434 quae
975 2388 1209 2418 numerare
1237 2389 1331 2419 non
1359 2390 1429 2419 re-
1494 2390 1524 2395 ff

143 2443 245 2490 fert.
279 2445 400 2490 Inter
429 2444 642 2508 aquatiles
679 2459 829 2491 autem
859 2444 1013 2492 bestias
1043 2445 1303 2492 crocodilus
1325 2446 1430 2492 ubi„

143 2534 234 2584 que
270 2533 351 2579 per
381 2534 460 2565 eos
496 2519 660 2565 traditis
695 2517 925 2576 abundat,
955 2517 1132 2566 exitiale
1175 2520 1428 2583 quadrupes

209 2593 432 2639 Ammian.
458 2594 696 2641 Marcellin.
727 2595 825 2640 Vol.
846 2593 884 2638 I.
1185 2590 1232 2636 X
1262 2595 1265 2599 '
