1626 2917
248 91 332 124 102
453 78 784 124 ΑΜΜΙΑΝΙ
836 79 1313 127 MARCELLth

239 181 403 230 fiducia
421 183 497 229 diu
519 184 656 230 standi
677 182 893 242 conatur,
923 187 1119 249 oppetiit
1144 188 1234 233 telo
1262 186 1380 234 letali
1408 203 1525 235 con-

239 253 369 301 fixus.
392 255 494 302 Post
524 255 652 318 cujus
677 256 932 317 interitum,
954 260 1197 307 Erulorum
1225 263 1525 308 Batavorum-

241 345 328 391 que
351 329 567 376 vexillum
589 330 834 394 direptum,
857 334 979 397 quod
999 333 1250 381 insultando
1275 334 1528 397 tripudian-

240 413 308 448 tes
330 401 504 449 barbari
523 403 683 450 crebro
703 404 926 453 sublatum
944 406 1075 454 altius
1096 407 1408 467 ostendebant,
1426 405 1527 471 post

242 476 488 523 certamina
519 490 751 540 receptum
783 479 845 525 est
871 497 1045 544 magna.

308 550 360 594 II.
399 550 504 610 Qua
536 550 661 598 clade
694 569 795 600 cum
832 553 996 601 ultimo
1031 571 1231 602 moerore
1265 563 1530 617 comperta}

245 622 526 670 correcturus
553 623 693 671 secius
720 624 834 689 gesta
859 627 1160 691 Dagalaiphus
1181 645 1203 674 a
1224 629 1393 676 Parisiis
1422 629 1531 675 mit-

244 692 366 741 titur,
384 697 541 760 quue
559 696 632 743 diu
649 699 899 755 cunctante,
921 699 1231 764 causanteque,
1251 701 1430 749 diffusos
1450 716 1530 764 per

244 766 368 813 varia
393 768 606 818 barbaros
630 770 764 819 semet
794 772 961 819 adoriri
991 790 1086 819 non
1111 774 1256 836 poffe,
1289 774 1531 837 accitoque

244 842 387 903 paulo
426 844 554 906 post,
589 858 638 892 ut
673 863 774 894 cum
808 847 1030 895 Gratiano
1072 848 1304 895 etiamtum
1345 847 1533 910 privato

245 913 483 977 susciperet
501 917 685 982 insignia
704 918 983 975 consulatus;
1008 919 1203 967 Jovinus
1220 917 1419 981 equitum
1437 933 1534 963 ma-

245 987 377 1050 gister
394 990 639 1054 accingitur
652 1010 662 1038 :
677 993 727 1039 δε
741 992 972 1039 instructus
992 992 1270 1055 paratusque,
1289 991 1535 1038 cautiffime

247 1059 498 1108 observans
519 1076 755 1128 utrumque
777 1064 838 1111 sui
862 1065 1050 1129 agminis
1078 1066 1218 1120 latus,
1241 1063 1369 1110 venit
1388 1079 1534 1126 prope

246 1132 401 1181 locum
421 1135 681 1199 Scarponna
701 1157 712 1185 :
733 1139 810 1185 ubi
829 1139 1043 1201 inopinus
1069 1139 1282 1202 majorem
1312 1138 1531 1184 barbaro-

248 1222 350 1252 rum
370 1208 571 1269 plebem,
600 1222 840 1274 antequam
868 1227 1136 1269 armaretur,
1158 1211 1374 1272 temporis
1402 1209 1532 1256 brevi

247 1280 417 1342 puncto
439 1296 716 1344 praeventam
735 1284 788 1331 ad
813 1284 1167 1332 internecionem
1187 1283 1411 1330 exstinxit.
1447 1286 1533 1329 Ex-

250 1350 463 1400 sultantes
495 1353 676 1402 innoxii
706 1357 856 1419 proelii
892 1357 1036 1421 gloria
1069 1356 1233 1402 milites
1264 1355 1318 1401 ad
1352 1354 1536 1401 alterius

249 1425 377 1490 globi
405 1426 645 1488 perniciem
671 1430 865 1488 ducens,
894 1430 1136 1494 sensimque
1161 1429 1370 1476 incedens
1391 1428 1539 1473 rector

251 1498 471 1558 eximius,
489 1499 794 1563 speculatione
821 1504 976 1551 didicit
995 1503 1109 1562 fida,
1136 1502 1317 1565 direptis
1347 1501 1535 1564 propius

249 1571 376 1619 villis
403 1572 688 1622 vastatoriam
708 1593 887 1623 manum
918 1577 1144 1641 quiescere
1174 1592 1313 1638 prope
1334 1574 1499 1620 flumen
1522 1591 1536 1620 :

249 1643 429 1710 jamque
452 1648 717 1703 adventans,
739 1650 1000 1714 abditusque
1023 1651 1069 1696 in
1098 1650 1215 1696 valle
1237 1648 1446 1695 densitate
1465 1664 1533 1693 ar-

249 1720 483 1768 bustorum
505 1723 719 1783 obscura,
738 1726 918 1772 videbat
936 1725 1139 1772 lavantes
1156 1723 1265 1770 alios
1281 1758 1294 1781 ‚
1315 1721 1533 1786 quosdam

250 1810 406 1842 comas
432 1797 662 1846 rutilantes
690 1815 742 1845 ex
768 1816 923 1858 more,
952 1796 1246 1862 potantesque
1270 1794 1533 1843 nonnullos.

251 1870 308 1915 Et
338 1869 485 1917 nactus
507 1869 663 1917 horam
687 1871 918 1935 impendio
946 1869 1281 1933 tempestivam,
1309 1869 1432 1932 {igno
1459 1885 1532 1914 re-

251 1953 387 2004 pente
409 1959 486 2005 per
515 1942 651 1990 lituos
677 1944 812 2003 dato,
831 1943 1110 1991 latrocinalia
1131 1941 1267 1989 castra
1299 1940 1498 2003 perrupit
1520 1956 1534 1987 ε

248 2007 504 2078 ‘contraque
526 2015 771 2074 Germani,
789 2015 926 2073 nihil,
943 2030 1102 2078 praeter
1122 2013 1371 2059 inefficaces
1390 2013 1535 2059 minas

251 2086 464 2150 jactanter
489 2086 692 2134 sonantes
721 2090 769 2135 &
798 2088 1050 2146 fremitum,
1078 2103 1160 2133 nec
1184 2086 1394 2147 expedire
1415 2101 1535 2132 arma

253 2159 464 2223 dispersa,
496 2178 579 2208 nec
612 2179 890 2225 componere
921 2163 1090 2219 aciem,
1117 2177 1198 2207 nec
1231 2161 1452 2223 resurgere
1486 2161 1533 2207 in

254 2232 373 2280 vires
412 2233 784 2295 permittebantur
802 2270 815 2292 ‚
861 2247 1043 2297 urgente
1084 2232 1295 2279 instanter
1343 2232 1534 2280 vic'lore.

256 2307 491 2368 Quocirca
509 2307 644 2355 forati
664 2308 766 2371 pilis
787 2311 834 2358 &
854 2308 1006 2372 gladiis
1034 2307 1231 2355 cecidere
1248 2307 1534 2369 complures,

257 2381 417 2446 absque
438 2381 515 2443 iis,
536 2398 652 2447 quos
673 2382 826 2432 versos
853 2383 896 2430 in
912 2383 1048 2448 pedes
1063 2394 1210 2430 texere
1231 2380 1419 2429 flexuosi
1443 2395 1534 2436 tra-
