1626 2917
210 217 274 266 66
409 213 749 263 AMMIANI
798 212 1301 262 MARCELLINI

213 325 454 390 aliquoties
480 321 728 386 praedixiffe
754 320 910 368 futura.
949 321 1077 383 super
1107 322 1173 369 his
1202 323 1493 372 intendeban-

214 410 286 446 tur
320 398 360 445 ei
395 397 479 443 alia
508 411 691 458 quoque
715 411 738 440 a
767 393 1003 457 proposito
1036 394 1143 458 legis
1171 396 1459 444 abhorrentia
1478 435 1494 456 ,

210 471 286 519 cui
321 467 596 534 praefidebat.
626 469 760 513 Hunc
791 483 870 530 per
903 465 1275 531 subscriptionem
1304 469 1495 530 abjicere

213 543 312 590 sede
354 537 648 595 sacerdotali,
690 538 810 600 paria
850 536 1041 585 sentiens
1083 538 1237 585 ceteris
1258 575 1271 595 ,
1309 537 1494 602 jubente

211 614 444 679 principe,
474 610 678 659 Liberius
713 610 938 669 monitus,
968 610 1304 674 perseveranter
1329 614 1496 661 renite-

208 692 342 739 batur
356 725 370 748 ,
392 704 474 734 nec
493 685 639 732 visum
660 685 891 732 hominem
908 719 921 740 ,
940 701 1022 732 nec
1041 685 1240 733 auditum
1257 686 1464 735 damnare
1480 724 1496 748 ,

211 761 335 811 nefas
368 758 575 806 ultimum
609 758 722 821 saepe
751 757 1203 820 exclamans,haperte
1230 757 1398 806 scilicet
1423 777 1496 807 re—

208 834 445 883 calcitrans
466 831 753 894 Imperatoris
772 829 975 877 arbitrio,
1001 831 1050 876 Id
1068 831 1188 876 enim
1214 831 1289 878 ille
1306 867 1320 888 ‚
1351 833 1494 880 Atha—

213 909 336 956 nafio
357 906 528 969 semper
553 905 766 962 infestus,
790 905 896 952 licet
916 903 1045 952 sciret
1067 904 1324 967 impletum,
1345 921 1496 954 tamen

211 978 472 1029 auctoritate
492 994 675 1040 quoque
689 1014 701 1034 ‚
720 994 807 1039 qua
830 977 1033 1039 potiores
1061 990 1237 1022 aeternae
1256 977 1378 1024 urbis
1399 979 1495 1042 epi-

213 1053 367 1116 scopi,
387 1050 552 1097 firmari
577 1050 792 1096 desiderio
822 1050 1048 1095 nitebatur
1067 1049 1237 1096 ardenti
1257 1067 1380 1114 :quo
1399 1069 1495 1098 non

212 1130 483 1191 impetrato,
517 1124 720 1172 Liberius
760 1138 876 1186 aegre
910 1123 1071 1185 populi
1104 1136 1253 1182 metu,
1284 1124 1364 1187 qui
1401 1125 1496 1187 ejus

212 1216 366 1250 amore
388 1197 626 1262 flagrabat,
648 1213 749 1244 cum
770 1212 927 1260 magna
949 1195 1210 1243 difficultate
1235 1196 1379 1244 noffis
1399 1215 1495 1245 me-

212 1274 292 1322 dio
317 1271 466 1335 potuit
492 1267 749 1332 absportari„

275 1348 394 1392 vlu.
423 1346 478 1390 Et
509 1343 606 1388 haec
634 1342 814 1405 quidem
843 1341 1100 1398 Romae,ut
1119 1341 1314 1388 ostendit
1343 1357 1495 1392 textus

210 1417 439 1481 superior,
462 1416 720 1478 agebantur.
743 1411 1059 1459 Constantium
1078 1429 1192 1460 vero
1210 1414 1494 1476 exagitabant

212 1490 367 1541 affidui
393 1488 568 1545 nuntii,
601 1486 854 1549 deploratas
887 1485 974 1549 jam
1009 1486 1178 1534 Gallias
1212 1487 1493 1551 indicantes,

211 1564 342 1613 nullo
362 1562 581 1608 renitente
608 1561 663 1607 ad
685 1559 1043 1607 internecionem
1066 1560 1257 1608 barbaris
1277 1563 1494 1611 vastanti-

210 1638 292 1684 bus
319 1632 556 1682 universa:
580 1632 850 1696 aestuansque
879 1632 976 1690 diu,
1009 1649 1095 1696 qua
1130 1633 1178 1681 vi
1212 1635 1493 1698 propulsaret

212 1705 562 1768 aerumnas,=ipse
587 1705 632 1750 in
655 1705 778 1751 Italia
803 1704 994 1752 residens
1010 1741 1023 1763 ‚
1048 1717 1096 1752 ut
1119 1707 1355 1769 cupiebat,
1376 1709 1491 1774 (pe-

210 1779 455 1827 riculosum
482 1777 604 1824 enim
639 1777 916 1824 existimabat
945 1776 986 1823 se
1018 1778 1064 1824 in
1095 1791 1263 1840 partem
1301 1795 1490 1829 contru-

209 1853 312 1900 dere
339 1852 474 1916 longe
497 1850 747 1915 dimotam)
768 1852 933 1914 reperit
957 1851 1137 1898 tandem
1155 1845 1390 1902 confilium
1415 1873 1490 1904 re-

207 1927 356 1972 Rum:
395 1926 445 1972 &
480 1923 701 1973 Julianum
744 1923 986 1987 patruelem
1019 1923 1230 1980 fratrem,
1270 1926 1387 1974 haud
1426 1929 1488 1977 ita

207 1999 380 2046 dudum
401 1998 456 2044 ab
482 1996 685 2044 Achaico
712 1997 853 2044 tractu
875 1997 1066 2044 accitum
1084 2033 1097 2055 ‚
1117 1997 1249 2045 etiam
1273 2011 1369 2047 tum
1393 2002 1487 2064 pal-

205 2070 392 2129 liatum,
422 2070 468 2116 in
502 2070 759 2117 societatem
794 2070 966 2133 imperii
1003 2069 1207 2117 asciscere
1241 2073 1484 2136 cogitabat.

204 2145 254 2191 Id
274 2144 351 2191 ubi
375 2156 560 2208 urgente
591 2144 812 2192 malorum
841 2143 1196 2209 impendentium
1223 2147 1343 2193 mole
1370 2164 1485 2194 con-

206 2213 340 2262 feffus
368 2215 427 2262 est
460 2215 706 2278 proximis,
732 2215 1020 2263 succumbere
1051 2228 1121 2262 tot
1159 2217 1484 2268 necessitatibus

202 2298 386 2351 tamque
417 2287 580 2334 crebris
612 2304 755 2334 unum
782 2288 860 2347 se,
884 2288 1008 2352 quod
1034 2304 1260 2351 nunquam
1290 2289 1483 2348 fecerat,

206 2371 358 2421 aperte
386 2357 722 2405 demonstrans:
754 2359 818 2406 illi
850 2360 897 2406 in
926 2359 1263 2407 assentationem
1299 2361 1482 2408 nimiam

198 2432 368 2478 eruditi
386 2430 659 2478 infatuabant
680 2434 912 2479 hominem
931 2469 945 2491 ‚
966 2431 1075 2477 nihil
1093 2432 1177 2477 effe
1204 2431 1259 2478 ita
1278 2432 1480 2495 asperum

205 2503 482 2564 distitanteS,
509 2505 635 2569 quod
665 2518 921 2571 praepotens
951 2504 1043 2568 ejus
1069 2505 1236 2567 virtus,
1266 2506 1479 2564 fortunaff
