1626 2917
204 198 298 261 138
400 198 751 245 AMMIANI
786 198 1300 245 MARCELLINL

202 302 446 367 mugitibus
475 302 674 366 fragores
703 301 990 367 fremitusque
1019 316 1234 352 terrenos.
1253 304 1338 352 Sed
1370 304 1474 354 hinc

204 375 260 422 ad
291 376 463 422 exorsa.

271 449 388 494 VIII.
406 450 463 495 At
477 447 646 506 Caesar,
664 447 852 495 hiemem
869 450 986 512 apud
1003 449 1186 498 Parisios
1203 466 1356 514 agens,
1374 449 1477 496 Ala-

204 538 395 569 mannos
422 523 673 585 praevenire
695 522 840 570 studio
867 523 1114 570 maturabat
1131 523 1299 587 ingenti
1319 558 1333 581 ‚
1361 539 1476 567 non-

204 593 310 638 dum
338 593 384 638 in
406 609 544 641 unum
565 595 745 642 coactos
760 607 781 653 ,’
802 594 873 642 sed
894 596 938 642 in
956 596 1166 643 insaniam
1186 595 1283 657 post
1306 597 1477 658 Argen-

203 676 402 711 toratum
428 665 614 713 audaces
629 682 786 713 omnes
802 668 849 714 δε
871 667 1014 715 saevos
1034 686 1044 715 :
1066 666 1387 731 opperiensque
1403 667 1421 712 J
1428 682 1478 711 u-

202 736 314 783 lium
345 738 538 786 mensem
559 776 574 796 ,
599 740 719 786 unde
751 739 927 786 sumunt
955 740 1177 788 Gallicani
1220 739 1477 802 procinfflis

202 811 413 869 exordia,
444 812 612 860 diutius
631 813 887 876 angebatur.
912 815 1009 861 Nec
1038 813 1158 860 enim
1178 812 1323 876 egredi
1347 824 1479 873 pote-

203 896 297 942 rat,
316 897 550 949 antequam
578 903 632 932 ex
656 886 922 949 Aquitania,
951 887 1105 934 aestatis
1127 885 1379 933 remiffione
1404 882 1479 929 so-

203 955 307 1002 lutis
339 956 579 1020 frigoribus
600 960 647 1006 δε
672 959 842 1021 pruinis
860 995 874 1018 ‚
903 960 1139 1007 veheretur
1169 974 1361 1005 annona.
1393 954 1480 1001 Sed

203 1042 252 1075 ut
273 1029 334 1076 est
354 1031 665 1078 difficultatum
691 1049 816 1095 paene
837 1033 1043 1079 omnium
1067 1032 1252 1096 diligens
1273 1029 1387 1077 ratio
1406 1028 1481 1077 vi-

204 1101 316 1149 &rix
335 1138 350 1160 ‚
377 1105 516 1150 multa
537 1117 684 1150 mente
704 1105 881 1153 versans
902 1108 952 1153 &
972 1105 1092 1154 varia
1111 1140 1126 1164 ,
1147 1107 1192 1150 id
1212 1104 1389 1151 tandem
1409 1118 1480 1148 re-

203 1175 321 1237 perit
338 1174 482 1222 solum
495 1210 507 1232 ‚
526 1188 574 1222 ut
590 1176 694 1223 anni
716 1177 966 1223 maturitate
987 1194 1080 1223 non
1099 1177 1364 1239 exspeslata‚
1381 1174 1478 1220 bar·

203 1247 319 1294 baris
343 1261 600 1295 occurreret
616 1248 882 1311 insperatus,
902 1249 1170 1313 firmatoque
1191 1247 1380 1296 consilio
1401 1259 1476 1292 xx

205 1321 375 1366 dierum
392 1320 684 1380 frumentum,
702 1338 758 1369 ex
779 1339 852 1380 eo,
866 1324 990 1386 quod
1007 1322 1164 1369 eratin
1182 1321 1352 1368 sedibus
1368 1336 1479 1366 con·

204 1390 490 1448 sumendum,
512 1392 567 1437 ad
592 1391 693 1438 usus
716 1391 1052 1440 diuturnitatem
1082 1394 1317 1440 excoctum
1332 1427 1346 1450 ,
1366 1393 1480 1439 buc·

205 1467 411 1515 cellarum
427 1502 440 1525 ‚
462 1479 511 1513 ut
531 1466 668 1530 vulgo
695 1467 942 1530 appellant,
971 1467 1164 1514 humeris
1192 1465 1407 1529 imposuit
1428 1465 1489 1512 li·-

205 1541 405 1588 bentium
424 1540 639 1588 militum:
658 1541 838 1604 hocque
859 1540 1049 1587 subsidio
1067 1540 1229 1600 fretus,
1249 1540 1478 1598 secundis,

206 1627 255 1661 ut
277 1626 401 1671 ante,
422 1613 625 1677 auspiciis
646 1613 872 1676 profeffits
890 1613 972 1673 est,
996 1613 1113 1661 intra
1132 1614 1324 1662 mensem
1344 1613 1480 1677 quin-

207 1702 301 1736 tum
321 1689 397 1736 vel
417 1688 583 1735 sextum
604 1688 709 1735 duas
728 1687 1038 1751 expeditiones
1056 1682 1354 1735 consummari
1373 1688 1480 1750 pos-

208 1761 251 1808 se
267 1772 471 1824 urgentes
493 1763 542 1809 &
564 1761 819 1808 necessarias
837 1760 1084 1808 arbitratus.
1105 1761 1282 1821 Quibus
1301 1760 1480 1824 paratis,

205 1835 317 1897 petit
344 1835 512 1895 primos
531 1834 735 1881 omnium
754 1837 946 1881 Francos
965 1869 978 1892 ‚
997 1850 1076 1880 eos
1097 1834 1309 1880 videlicet
1325 1870 1339 1891 ‚
1360 1850 1476 1897 quos

207 1909 485 1955 consuetudo
509 1907 651 1955 Salios
672 1906 937 1971 appellavit,
959 1906 1086 1953 ausos
1109 1907 1219 1953 olim
1239 1905 1286 1951 in
1308 1907 1479 1952 Roma-

205 1998 269 2027 no
300 1981 398 2027 solo
429 1981 545 2042 apud
573 1979 895 2028 Toxiandriam
927 1979 1082 2026 locum
1114 1978 1362 2025 habitacula
1401 1977 1479 2025 fibi

207 2052 340 2116 figere
359 2053 651 2115 praelicenter.
670 2053 787 2110 Cui,
813 2070 913 2099 cum
930 2054 1142 2115 Tungros
1164 2050 1348 2096 venisset
1361 2085 1373 2108 ,
1394 2066 1479 2096 oc·

207 2124 344 2172 currit
379 2125 542 2187 legatio
578 2125 889 2187 praedi&orum
908 2161 921 2180 ,
956 2123 1236 2185 opinantium
1251 2158 1265 2180 ,
1294 2122 1478 2184 reperiri

206 2198 523 2258 Imperatorem
544 2196 678 2244 etiam
698 2210 792 2243 tum
811 2196 858 2241 in
878 2195 1071 2242 hibernis
1088 2230 1100 2254 ,
1126 2213 1280 2258 pacem
1299 2195 1378 2242 sub
1399 2196 1478 2243 hac

206 2268 300 2332 lege
322 2268 596 2330 praetendens
609 2304 622 2324 ,
641 2281 689 2314 ut
705 2267 979 2331 quiescentes
1000 2284 1077 2315 eos
1095 2280 1306 2331 tanquam
1326 2269 1371 2314 in
1391 2267 1479 2314 suis

207 2357 290 2388 nec
314 2340 535 2388 lacesseret
565 2341 793 2404 quisquam
812 2377 825 2400 ,
845 2357 928 2388 nec
949 2353 1142 2389 vexaret.
1166 2343 1262 2388 Hos
1282 2342 1448 2404 legatos
1464 2375 1478 2398 ,

207 2414 392 2478 negotio
422 2416 553 2478 plene
589 2415 756 2479 digesto
778 2451 792 2474 ,
818 2415 1125 2479 oppositaque
1161 2413 1475 2462 conditionum
