1626 2917
317 232 536 281 RERUM
571 234 911 282 GESTARUM
947 234 1050 282 ΜΒ.
1088 237 1194 283 xx.
1311 252 1396 299 ω

130 339 233 407 post
258 342 579 405 aequinoffium
615 344 838 406 egreditur
875 345 1162 404 autumnale,
1197 345 1404 393 Amidam

132 427 302 478 petens.
329 413 473 476 Cujus
505 433 606 463 cum
634 433 775 479 prope
804 418 993 464 venisset
1023 419 1217 478 moenia,
1238 418 1406 467 favillis

132 487 318 550 oppleta
338 487 597 534 collustrans
614 525 626 546 ‚
654 488 787 535 flebat
823 508 922 538 cum
947 492 1143 554 gemitu,
1171 505 1410 555 reputans,

131 559 285 622 quales
306 559 548 607 miseranda
571 561 731 608 civitas
755 563 995 625 pertulerat
1025 560 1185 612 clades.
1206 565 1272 612 lbi
1299 578 1409 614 tunc

120 631 255 678 forte
269 631 454 677 Ursulus
472 631 675 693 praesens,
695 633 770 696 qui
788 634 994 681 aerarium
1010 636 1231 695 tuebatur,
1248 637 1410 685 dolore

134 703 331 766 percitus
356 704 652 752 exclamavit:
682 710 755 752 En
786 711 932 768 quibus
955 711 1112 754 animis
1133 714 1247 756 urbes
1274 729 1302 756 a
1325 714 1412 756 mi-

135 779 206 822 lite
240 777 538 836 defenduntur,
575 780 642 824 cui
679 795 725 824 ut
749 783 961 826 abundare
975 781 1233 847 stipendium
1253 783 1412 845 poffit,

136 853 296 911 imperii
329 868 421 910 opes
432 851 528 906 jam
554 851 802 912 facist-unt!
831 853 973 911 Quod
1009 853 1171 899 dicium
1193 853 1254 900 ita
1289 872 1414 901 ama-

133 938 235 970 rum
267 921 465 968 militaris
497 923 743 968 multitudo
787 924 937 984 postea
969 926 1085 986 apud
1118 925 1414 974 Chalcedona

137 994 397 1049 recordata,
418 995 472 1039 ad
491 993 582 1054 ejus
602 995 789 1040 exitium
815 994 1110 1043 consurrexit.
1140 997 1314 1044 Exinde
1336 1016 1416 1046 cu-

138 1066 234 1112 neis
268 1065 481 1112 confertis
511 1066 746 1124 incedens,
785 1083 887 1112 cum
925 1067 1154 1112 Bezabden
1195 1070 1415 1117 adventa-

139 1151 231 1198 ret,
250 1138 349 1186 fixis
366 1139 573 1186 tentoriis
589 1175 602 1198 ‚
618 1141 739 1186 vallo
761 1139 1058 1203 fossarumque
1073 1141 1308 1189 altitudine
1327 1144 1417 1191 cir-

140 1209 400 1272 cumseptis,
423 1211 690 1273 obequitans
709 1211 952 1257 castrorum
966 1211 1181 1258 ambitum
1209 1213 1414 1278 longius,

140 1283 389 1330 docebatur
413 1283 630 1330 relatione
653 1285 898 1330 multorum
919 1320 931 1342 ‚
952 1284 1187 1332 instaurata
1219 1286 1303 1332 effe
1337 1286 1418 1333 fir-

140 1354 256 1402 mius
277 1354 378 1400 loca
399 1389 412 1411 ,
430 1371 528 1417 quae
546 1354 731 1418 antehac
759 1354 930 1401 incuria
948 1369 1207 1417 corruperat
1224 1357 1420 1404 vetusta·

141 1427 212 1474 tis.
234 1428 290 1472 Et
316 1442 370 1472 ne
392 1424 501 1487 quid
516 1425 769 1483 omitteret,
790 1428 916 1489 quod
932 1441 1033 1472 ante
1059 1426 1288 1474 fervorem
1317 1445 1420 1475 cer-

143 1500 364 1547 taminum
391 1510 481 1543 erat
500 1497 741 1544 neceffario
767 1498 1151 1560 praestruendum3
1173 1500 1284 1547 viris
1312 1518 1422 1564 pru-—

145 1572 355 1619 dentibus
388 1570 545 1624 miffis,
572 1569 837 1616 conditione
871 1570 1011 1632 posita
1031 1571 1193 1633 dupla,
1232 1572 1423 1636 cogebat

147 1645 366 1693 moenium
387 1643 640 1690 defensores
658 1644 801 1690 redire
822 1644 875 1690 ad
890 1644 989 1691 suos
1004 1680 1017 1703 ‚
1041 1644 1195 1692 alienis
1212 1645 1302 1692 fine
1322 1665 1423 1695 cru-

148 1737 230 1767 ore
254 1718 500 1773 conceffis,
534 1730 608 1763 aut
638 1717 683 1763 in
719 1718 938 1764 ditionem
972 1719 1128 1765 venire
1167 1720 1425 1768 Romanam

147 1792 435 1858 dignitatibus
459 1791 688 1854 augendos
713 1792 762 1838 ὅ(
793 1790 1001 1852 ρτεεῐηὶἰς,
1037 1792 1184 1853 Atque
1216 1808 1319 1838 cum
1355 1792 1424 1839 illi

148 1865 443 1915 destinatione
467 1864 620 1909 nativa
644 1864 940 1910 retinerentur
959 1875 1007 1909 ut
1031 1863 1148 1910 clare
1167 1865 1257 1911 nati
1276 1901 1289 1921 ‚
1307 1866 1427 1928 peri-

151 1939 349 2002 culisque
378 1939 427 1985 δε
464 1935 693 1989 laboribus
732 1936 925 1983 indurati
959 1971 974 1993 ,
1011 1937 1166 1984 cun&a
1201 1938 1428 1987 obsidioni

153 2029 356 2076 congrua
385 2010 668 2074 parabantur.
697 2009 860 2056 Denfis
891 2010 1038 2073 itaque
1065 2011 1297 2058 ordinibus
1325 2028 1427 2059 cum

153 2088 360 2134 tubarum
381 2082 683 2130 incitamentis
718 2083 853 2129 latera
888 2084 1222 2146 oppidicun&a
1242 2085 1428 2132 adortus

153 2159 308 2208 alacris
335 2157 460 2204 miles
480 2193 493 2211 ‚
523 2155 775 2218 legionibus
804 2155 1119 2203 in·testudines
1140 2157 1283 2203 varias
1310 2174 1429 2204 con-

157 2230 370 2297 globatis,
384 2227 604 2292 paulatim*
616 2240 716 2273 tuto
734 2228 1022 2292 progrediens
1037 2228 1242 2276 subruere
1261 2231 1430 2277 moenia

157 2304 422 2353 conabatur:
442 2303 491 2349 δε
505 2301 609 2364 quia
627 2300 821 2346 telorum
833 2316 968 2346 omne
983 2314 1118 2364 genus
1136 2301 1182 2347 in
1198 2301 1432 2348 subeuntes

161 2374 464 2423 effundebatur
477 2409 490 2430 ,
510 2389 628 2419 nexu
647 2371 914 2434 clypeorum
935 2371 1084 2418 soluto
1101 2372 1328 2420 discessum
1344 2373 1432 2430 est,

163 2447 214 2493 in
248 2445 456 2492 receffum
490 2443 751 2490 canentibus
794 2443 939 2506 signis.
980 2444 1155 2491 Laxatis
1184 2445 1342 2491 deinde
1377 2444 1432 2489 acl

167 2519 282 2567 diem
297 2534 432 2562 unum
449 2516 657 2572 induciis,
675 2515 805 2562 tertia
825 2516 923 2563 luce
941 2517 1154 2565 curiosius
1174 2515 1294 2574 tecti,
1312 2516 1434 2563 elatis

229 2593 448 2638 Ammian.
474 2592 710 2639 Marcellinfi
740 2594 786 2637 V
785 2592 838 2638 ol.
858 2592 897 2637 I.
1180 2590 1227 2654 Ω
