1626 2917
304 201 518 248 RERUM
551 199 888 246 GESTARUM
923 198 1035 247 Ltss:
1065 199 1191 247 XIX.
1300 216 1379 264 191

112 304 237 352 sexus
256 304 480 368 utriusque
500 303 628 367 plebe
646 340 660 363 ‚
690 304 738 351 &
763 302 974 350 militibus
997 302 1092 372 aliis
1125 301 1277 366 paucis
1311 303 1391 349 add

111 377 248 440 usque
269 393 501 424 numerum
531 376 718 423 millium
747 390 821 422 XX
845 375 1036 422 concitis
1062 374 1254 423 inclufis.
1287 377 1391 421 Me-

113 450 298 498 debatur
329 466 437 515 ergo
457 449 542 497 suis
571 449 756 513 quisque
776 449 1041 498 vulneribus
1065 466 1148 512 pro
1169 451 1391 514 poffibili-

111 535 226 581 tate,
255 524 330 571 vel
359 522 608 571 curantium
643 523 774 586 copia
805 541 816 570 z
847 541 947 571 cum
977 524 1156 587 quidam
1189 525 1388 589 graviter

112 596 245 645 saucii
264 614 425 645 cruore
448 596 665 644 exhausto
685 597 863 659 spiritus
884 598 1145 647 relii&antes
1167 600 1388 648 efflarent:

112 670 184 717 alii
214 670 405 718 confofli
433 670 726 717 mucronibus
747 669 956 733 prostrati
980 706 993 729 ,
1030 671 1189 718 animis
1209 671 1255 718 in
1275 689 1392 719 ven-

110 758 205 793 tum
228 744 382 792 solutis
405 744 757 808 projiciebantur
777 744 1004 792 exstinffi:
1028 746 1286 810 aliquorum
1313 748 1390 795 fo·-

110 817 216 864 ratis
253 816 453 881 undique
475 816 685 863 membris
719 817 885 863 mederi
907 816 1037 880 periti
1059 819 1269 866 vetabant
1287 855 1303 877 ,
1333 835 1390 867 ne

111 891 428 938 offensionibus
449 891 570 938 caffis
587 890 744 937 animae
759 903 1029 937 vexarentur
1046 891 1212 938 affiicstae
1236 910 1245 936 :
1273 909 1391 939 non-

112 963 224 1010 nulli
243 962 460 1011 vellendis
476 962 637 1027 sagittis
658 962 703 1008 in
727 962 911 1025 ancipiti
932 963 1162 1011 curatione
1183 966 1392 1029 graviora

113 1048 256 1083 morte
287 1035 500 1099 supplicia
529 1033 831 1097 perferebant.

176 1110 246 1155 111.
264 1109 386 1155 Dum
407 1107 526 1170 apud
548 1107 753 1154 Amidam
776 1107 858 1156 hac
883 1108 1074 1172 partium
1096 1109 1391 1159 destinatione

111 1197 352 1246 pugnatur,
371 1180 601 1229 Ursicinus
624 1198 821 1229 moerens
836 1218 850 1239 ,
866 1182 991 1246 quod
1007 1199 1061 1229 ex
1084 1183 1265 1231 alterius
1285 1202 1393 1247 pen-

114 1255 242 1302 debat
271 1252 459 1301 arbitrio
479 1289 492 1309 ,
522 1253 799 1300 au&oritatis
823 1265 933 1300 tunc
963 1253 1009 1300 in
1033 1255 1231 1318 regendo
1252 1256 1393 1303 milite

113 1325 309 1390 potioris
328 1325 612 1373 Sabinianum
633 1360 647 1384 ,
668 1325 797 1372 etiam
815 1337 907 1372 tum
924 1325 1134 1389 sepulcris
1151 1329 1393 1376 haerentem

114 1398 276 1446 crebro
295 1398 533 1452 monebat,
556 1409 605 1444 ut
626 1396 887 1459 compositis
904 1398 1165 1447 velitaribus
1187 1402 1358 1449 cunffis
1376 1439 1393 1461 ,

115 1488 195 1535 per
218 1471 334 1518 imos
352 1471 485 1534 pedes
502 1471 728 1517 montium
757 1471 950 1518 occultis
974 1471 1207 1520 itineribus
1226 1492 1395 1538 prope·

115 1557 290 1592 rarent:
318 1560 411 1609 quo
432 1542 604 1589 levium
634 1559 862 1590 armorum
889 1544 1087 1602 auxilio,
1125 1546 1157 1592 si
1189 1564 1274 1610 qua
1296 1548 1392 1595 fors

115 1618 297 1680 juviffet
311 1654 324 1678 ,
342 1617 605 1665 stationibus
629 1616 912 1679 interceptis,
933 1619 1171 1667 noffiirnas
1191 1620 1392 1669 hostium

119 1692 457 1756 aggrederentur
477 1690 687 1738 excubias
707 1725 720 1748 ,
751 1707 849 1752 quae
874 1689 1046 1755 ingenti
1076 1691 1264 1740 circuitu
1292 1696 1394 1742 val-

120 1765 320 1813 laverant
339 1782 521 1824 muros,
543 1776 616 1811 aut
638 1764 986 1814 laceffitionibus
1007 1767 1173 1814 crebris
1191 1785 1395 1833 occupa-

118 1848 218 1885 rent
233 1831 462 1886 obsidioni
483 1837 661 1884 fortiter
681 1837 967 1887 adhaerentes.
988 1839 1166 1900 Quibus
1187 1842 1337 1889 Sabini
1328 1861 1391 1890 a-

118 1929 200 1958 ΠΨ
182 1939 201 1959 s
226 1912 524 1969 renitebatur,
556 1923 605 1956 ut
642 1909 817 1967 noxiis,
855 1911 998 1974 palam
1028 1911 1209 1976 quidem
1244 1916 1392 1963 literas

118 1983 369 2047 imperiales
383 1982 688 2046 praetendenS‚
704 1981 870 2028 intaifto
886 1983 1053 2048 ubique
1071 1985 1239 2043 milite,
1261 1987 1393 2050 quid-

120 2058 229 2121 quid
250 2057 341 2121 geri
363 2056 595 2120 potuisset,
615 2054 789 2117 impleri
810 2056 967 2103 debere
988 2070 1136 2120 aperte
1161 2055 1390 2118 jubentes:

122 2129 232 2175 clam
261 2145 373 2175 vero
394 2127 531 2175 corde
552 2127 757 2174 altissimo
780 2128 1006 2186 retinens,
1033 2128 1182 2192 saepe
1173 2148 1217 2175 m
1241 2132 1391 2178 comi-

118 2211 213 2244 tatu
233 2198 310 2245 fibi
331 2199 621 2256 mandatum,
640 2211 689 2245 ut
715 2198 861 2245 ansam
882 2216 1062 2245 omnem
1094 2200 1389 2263 adipiscendae

120 2271 263 2319 laudis
290 2272 503 2320 deceffori
531 2272 611 2319 suo
641 2273 813 2318 ardenti
848 2272 990 2319 studio
1012 2273 1167 2336 gloriae
1197 2273 1390 2322 circum-

122 2344 287 2391 cideret
301 2381 315 2402 ‚
348 2345 479 2392 etiam
510 2362 566 2392 ex
586 2345 815 2408 republica
837 2346 1147 2408 proceffuram.
1167 2347 1293 2394 Adeo
1314 2347 1388 2394 vel

123 2436 223 2465 cum
257 2419 398 2466 exitio
427 2421 766 2483 provinciarum
786 2420 1070 2468 festinabatur
1089 2458 1102 2479 ,
1124 2439 1179 2469 ne
1199 2422 1390 2470 bellico-

123 2489 193 2538 sus
232 2490 376 2538 homo
410 2484 712 2541 memorabilis
761 2491 947 2556 alicujus
982 2492 1196 2542 facinoris
1237 2495 1391 2543 auctor
