1626 2917
306 101 526 147 RERUM
556 101 888 149 GESTARUM
920 101 1023 148 ΠΒ.
1051 101 1204 147 XXV.
1320 119 1370 165 53

91 206 327 271 negotium
348 208 516 255 habiles
532 244 545 265 ‚
563 208 640 271 qui
679 208 874 255 maxima
897 225 987 270 prae
1009 207 1165 255 ceteris
1186 206 1374 254 flumina

89 281 357 349 transmeare
392 281 438 328 in
468 281 727 345 regionibus
750 281 954 344 genuinis
973 298 997 327 a
1022 281 1163 343 prima
1184 280 1374 342 pueritia

87 351 189 399 sunt
207 353 418 400 instituti:
439 357 484 402 &
503 371 603 401 cum
625 354 792 400 latendi
809 353 989 416 copiam
1013 354 1229 400 noemma
1245 355 1372 416 quies

86 424 210 472 daret
229 461 243 483 ,
261 437 468 489 tanquam
487 443 510 473 e
527 426 760 472 transenna
791 426 920 472 simul
943 426 1081 472 emiffi
1097 462 1110 481 ‚
1131 426 1203 488 spe
1235 425 1372 472 citius

85 496 205 559 ripas
233 515 522 560 occupavere
551 499 826 547 contrarias:
845 498 1163 561 Persarumque
1183 497 1373 544 concul-

86 570 195 616 catis
228 570 426 633 pluribus
457 574 506 619 ὅ(
540 571 780 626 truncatis,
804 588 921 634 quos
951 571 1050 616 loca
1083 570 1256 616 servare
1281 568 1371 615 dis—

84 644 257 707 positos
276 645 483 693 securitas
515 644 693 707 placido
714 645 922 693 vinxerat
956 643 1117 690 somno
1138 679 1151 699 ‚
1180 643 1372 691 efficacis

83 718 281 765 audaciae
310 719 484 783 iignum
511 718 635 764 elatis
664 717 868 764 manibus
899 715 1209 779 contortisque
1243 715 1370 780 sagu-

84 789 140 836 lis
174 790 480 839 ostendebant.
517 793 620 839 Hoc
653 791 786 855 longe
819 790 1062 853 conspefflo
1082 826 1096 848 ‚
1129 790 1288 836 ardens
1314 789 1371 836 ad

84 865 314 912 transitum
350 866 475 923 miles
504 882 552 912 ea
584 881 713 912 mora
749 864 1068 912 tantummodo
1098 865 1371 921 tenebatur,

87 939 212 1001 quod
228 939 404 987 utribus
421 957 444 986 e
461 939 675 986 caesorum
692 938 950 986 animalium
967 938 1104 986 coriis
1125 955 1368 1002 coagmen-

85 1023 179 1058 tare
211 1025 370 1074 pontes
404 1012 629 1059 architeffi
661 1011 998 1074 promittebant.

148 1085 242 1130 VII.
263 1085 380 1144 Quae
398 1084 500 1129 dum
519 1082 646 1129 vanis
667 1082 907 1129 conatibus
925 1081 1174 1145 agitantur,
1193 1099 1271 1128 rex
1293 1083 1366 1129 Sa·

82 1172 169 1219 por
185 1192 198 1214 ,
216 1158 266 1204 &
291 1156 452 1220 procul
473 1155 627 1203 absens
642 1193 655 1212 ‚
679 1157 728 1203 &
750 1173 850 1204 cum
874 1173 1017 1219 prope
1047 1156 1234 1203 veniffet
1252 1192 1266 1214 ,
1289 1173 1368 1202 ex-

81 1229 364 1292 ploratorum
397 1228 777 1293 perfugarumque
805 1229 924 1275 veris
951 1229 1139 1277 vocibus
1173 1230 1364 1277 doceba-

82 1317 155 1350 tur
180 1301 314 1352 fortia
341 1303 450 1351 fa&a
483 1302 739 1349 nostrorum
758 1337 770 1355 ‚
793 1301 934 1349 foedas
966 1302 1146 1350 suoru-m
1176 1304 1367 1366 strages,

83 1378 133 1424 &
170 1377 436 1439 elephantos
457 1413 472 1434 ,
509 1389 622 1439 quot
647 1393 876 1439 nunquam
912 1393 987 1422 rex
1015 1389 1118 1423 ante
1146 1377 1365 1424 memine-

80 1461 176 1508 rat,
205 1449 460 1496 interfefios
484 1484 497 1506 ,
541 1447 876 1509 exercitumque
915 1447 1171 1494 Romanum
1211 1448 1364 1494 conti-

79 1523 182 1570 nuis
209 1523 437 1570 laboribus
470 1521 723 1568 induratum
742 1556 755 1577 ‚
781 1520 880 1582 post
907 1520 1051 1567 casum
1080 1520 1261 1584 gloriosi
1293 1538 1362 1567 re-

80 1595 217 1642 &oris
244 1612 339 1641 non
369 1594 495 1642 saluti
528 1595 612 1640 suae
629 1630 643 1651 ‚
669 1605 719 1640 ut
748 1593 1025 1640 memorabat
1048 1629 1060 1650 ,
1097 1593 1361 1652 consulere,

78 1667 153 1715 sed
196 1667 406 1717 vindi&ae
426 1704 440 1725 ‚
479 1666 878 1729 difficultatemque
917 1683 1065 1713 rerum
1100 1666 1359 1714 instantium

79 1752 168 1788 aut·
189 1740 380 1788 vinitoria
409 1739 576 1787 summa
592 1776 606 1797 ,
630 1756 703 1786 aut
730 1752 877 1785 morte
900 1739 1184 1786 memorabili
1203 1737 1359 1787 finitu-

79 1829 190 1860 rum.
209 1813 285 1860 Ob
308 1830 408 1876 quae
422 1813 656 1874 reputabat
676 1813 812 1858 multa
829 1814 877 1860 ὅ(
896 1811 1177 1859 formidanda
1196 1830 1206 1859 ε
1224 1812 1359 1859 diffu-

78 1884 170 1931 sum
185 1886 360 1932 abunde
381 1885 567 1932 militem
586 1902 665 1948 per
681 1885 962 1947 provincias,
982 1885 1071 1933 levi
1090 1886 1241 1933 teffera
1262 1886 1360 1934 col-

77 1956 154 2020 ligi
183 1957 329 2020 poffe:
363 1972 572 2022 expertus
592 1961 641 2006 &
667 1958 832 2016 sciens,
853 1959 1071 2022 populum
1102 1958 1227 2006 suum
1258 1960 1358 2024 post

78 2031 274 2078 amiffarn
288 2032 528 2079 maximam
554 2032 729 2095 plebem
754 2032 920 2078 ultimis
941 2032 1185 2080 terroribus
1205 2033 1358 2081 defor-

72 2116 245 2150 matum
262 2123 273 2151 :
291 2104 417 2151 simul
430 2105 728 2167 comperiens,
742 2104 787 2150 in
803 2103 1132 2167 Mesopotamia
1152 2107 1357 2155 relietum

76 2174 196 2222 haud
210 2177 354 2224 multo
372 2177 595 2225 minorem
613 2178 870 2225 exercitum.
890 2178 1006 2237 Quae
1023 2177 1152 2242 super
1168 2181 1320 2228 omnia
1337 2215 1358 2237 ,

78 2249 344 2297 hebetarunt
383 2249 476 2313 ejus
516 2250 692 2297 anxiam
720 2266 914 2297 mentem
948 2267 1042 2298 uno
1074 2252 1259 2315 parique
1278 2269 1356 2298 na-

77 2334 172 2369 tatu
203 2323 433 2388 quingenti
455 2324 542 2371 viri
569 2324 817 2387 transgrefii
843 2324 1062 2372 tumidum
1094 2326 1262 2372 flumen
1281 2326 1355 2371 in-

77 2396 278 2444 columes
298 2432 313 2456 ‚
338 2396 683 2463 custodibusque
722 2396 937 2446 confoffis
955 2433 971 2459 ,
1002 2399 1200 2463 reliquos
1237 2414 1354 2452 con-‚

983 2471 1096 2535 D3
