1626 2917
316 193 535 240 RERUM
569 191 906 239 GESTARUM
941 192 1044 237 LlB.
1079 191 1183 237 XV.
1333 206 1390 252 73

130 299 383 346 referemus.
412 302 461 345 In
491 299 557 346 his
584 299 772 361 Alpibus
796 298 961 345 Cottiis
977 333 989 355 ‚
1011 314 1197 361 quarum
1219 295 1398 342 initium

129 390 153 418 a
178 372 412 435 Segusione
431 372 492 418 est
511 372 682 434 oppido
698 408 710 428 ‚
731 371 991 435 praecelsum
1020 367 1203 434 erigitur
1219 370 1370 433 jugum
1387 403 1402 422 ,

129 446 241 491 nulli
269 446 361 492 fere
396 446 485 493 sine
517 445 769 492 discrimine
804 444 1089 508 penetrabile.
1127 444 1199 491 Est
1230 443 1352 490 enim
1376 458 1401 489 e

130 517 290 564 Galliis
302 518 588 574 ¹venientibus
610 534 751 580 prona
766 518 1015 564 humilitate
1029 517 1252 562 devexum
1266 551 1279 573 ‚
1293 531 1405 576 pen·

129 588 329 636 dentium
347 589 558 637 saxorum
580 589 834 637 altrinsecus
857 588 955 635 visu
975 588 1170 635 terribile
1185 624 1199 647 ‚
1218 586 1406 650 praeser-

130 661 209 707 tim
239 679 385 709 verno
406 677 610 726 tempore
625 699 637 722 ,
659 681 759 710 cum
778 699 794 720 ,
827 663 1027 726 liquente
1058 662 1181 726 gelu,
1206 657 1407 707 nivibus-

130 749 218 795 que
249 733 403 782 solutis
431 735 539 781 flatu
566 735 778 782 calidiore
808 748 1077 794 ventorum,
1106 752 1185 798 per
1210 733 1408 795 diruptas

133 806 344 869 utrinque
371 807 615 871 angustias,
649 809 698 854 &
728 808 907 854 lacunas
941 809 1201 869 pruinarum
1237 821 1409 868 conge-

133 877 197 924 rie
236 879 501 937 latebrosas,
542 879 855 926 descendentes
897 879 1208 926 minitantibus
1248 877 1411 940 plantis

136 951 344 999 homines
374 955 424 1000 δε
446 953 644 1013 jumenta
673 952 916 1015 procidunt
948 954 996 1000 &
1017 963 1222 1014 carpenta
1245 967 1255 995 ε
1278 950 1411 1013 idque

134 1024 381 1070 remedium
400 1025 454 1071 ad
469 1025 706 1071 arcendum
725 1023 909 1070 exitium
929 1036 1154 1087 repertum
1172 1022 1233 1070 est
1251 1021 1412 1078 solum,

136 1096 259 1157 quod
278 1097 486 1161 pleraque
507 1097 713 1146 vehicula
735 1097 868 1144 vastis
887 1096 1067 1144 funibus
1085 1096 1276 1159 illigata,
1292 1110 1414 1158 pone

136 1169 376 1216 cohibente
395 1170 601 1216 virorum
622 1168 696 1215 vel
715 1170 853 1216 boum
872 1168 968 1214 nisu
986 1168 1164 1224 valido,
1179 1168 1256 1214 vix
1275 1165 1414 1229 gressu

136 1253 336 1301 reptante
362 1242 496 1303 paulo
519 1241 658 1287 tutius
687 1241 1021 1288 dovolvuntur.
1052 1242 1106 1286 Et
1125 1239 1250 1296 haec,
1275 1250 1322 1283 ut
1343 1236 1414 1283 di—

136 1312 307 1370 ximus,
329 1312 430 1358 anni
454 1330 600 1360 verno
627 1313 909 1376 contingunt.
931 1312 1089 1357 Hieme
1109 1326 1223 1358 vero
1238 1274 1416 1355 'xhurms

139 1387 326 1433 crustata
347 1386 619 1449 frigoribus,
644 1388 692 1432 &
719 1399 931 1449 tanquam
963 1385 1198 1448 laevigata,
1223 1383 1416 1445 ideoque

140 1459 284 1505 labilis
300 1495 313 1517 ,
332 1459 543 1506 inceffum
574 1459 926 1521 praecipitantem
955 1459 1167 1520 impellit,
1188 1460 1236 1504 &
1256 1457 1417 1520 patulae

140 1533 277 1579 valles
306 1548 384 1594 per
417 1532 550 1593 spatia
575 1532 703 1594 plana
728 1531 867 1596 glacie
899 1531 1077 1594 perfidae
1109 1546 1274 1579 vorant
1301 1548 1419 1578 non-

144 1620 372 1667 nunquam
417 1604 703 1650 transeuntes·
755 1604 816 1650 ob
853 1621 953 1666 quae
987 1605 1196 1651 locorum
1234 1603 1418 1661 callidi,

142 1678 386 1724 eminentes
411 1679 583 1741 ligneos
605 1677 725 1724 stilos
746 1695 824 1740 per
853 1677 1052 1724 cautiora
1072 1677 1174 1725 loca
1192 1676 1415 1740 defigunt,

143 1762 192 1795 ut
217 1765 378 1805 eorum
404 1749 530 1796 series
568 1750 792 1796 viatorem
826 1749 955 1795 ducat
983 1747 1223 1795 innoxium
1245 1748 1353 1812 :qui
1386 1748 1419 1794 fi
1446 1777 1449 1780 -

143 1821 325 1869 nivibus
344 1822 490 1883 operti
508 1821 738 1877 latuerint,
752 1821 977 1867 montanis
997 1820 1290 1867 defluentibus
1310 1820 1420 1869 rivis

144 1893 306 1951 everfi,
333 1893 569 1956 agrestibus
600 1893 779 1955 praeviis
809 1892 988 1939 difficile
1023 1893 1348 1955 pervaduntur.
1379 1896 1419 1938 A

144 1967 390 2015 summitate
420 1982 567 2017 autem
591 1968 722 2029 hujus
739 1968 877 2015 Italici
902 1967 1040 2025 clivi,
1067 1967 1274 2030 planities
1293 1966 1422 2015 adus-

144 2057 232 2103 que
254 2041 489 2088 stationem
509 2041 695 2087 nomine
727 2041 881 2087 Martis
897 2076 909 2097 ‚
933 2057 1010 2102 per
1030 2040 1194 2102 septem
1219 2038 1422 2086 extendi-

145 2124 218 2160 tur
247 2113 383 2160 millia
405 2131 415 2159 :
439 2115 487 2161 &
508 2114 613 2160 hinc
636 2114 719 2159 alia
745 2112 958 2159 celsitudo
984 2112 1197 2169 ereffior,
1215 2128 1421 2175 aegreque

146 2184 401 2246 superabilis
414 2221 426 2244 ,
447 2185 502 2232 ad
522 2187 743 2231 Matronae
767 2185 1011 2248 porrigitur
1029 2183 1246 2230 verticem
1261 2218 1275 2240 ‚
1293 2182 1424 2243 cujus

147 2256 419 2302 vocabulum
435 2256 555 2304 casus
569 2256 747 2302 feminae
766 2255 930 2302 nobilis
944 2256 1078 2303 dedit.
1097 2256 1226 2302 Unde
1246 2255 1422 2302 declive

148 2328 326 2389 quidem
353 2330 437 2376 iter
452 2366 466 2386 ‚
487 2330 558 2376 sed
577 2329 829 2392 expeditius
855 2329 1049 2393 adusque
1073 2328 1298 2376 castellum
1318 2329 1422 2374 Vir-

152 2399 345 2462 gantiam
360 2414 491 2464 patet.
510 2401 651 2464 Hujus
673 2402 918 2464 sepulcrum
939 2402 1098 2466 reguli,
1113 2419 1244 2464 quem
1262 2400 1421 2448 itinera

150 2471 346 2525 struxisse
371 2476 628 2534 retulimus,
655 2475 896 2539 Segusione
923 2476 983 2523 est
1012 2475 1240 2524 moenibus
1265 2473 1424 2539 proxi-
