1626 2917
245 139 463 187 RERUM
500 136 838 185 GESTARUM
870 137 974 182 ΠΒ.
1004 135 1158 183 XXX.
1267 152 1362 195 2²9

72 247 225 299 bulato
246 247 380 294 celeri
401 247 548 294 studio
571 257 733 310 ponte,
754 261 833 308 per
852 255 1021 308 partem
1042 243 1170 290 aliam
1189 242 1361 289 transiit

74 322 118 368 in
144 322 357 382 Quados,
381 321 657 383 speculantes
685 320 865 382 quidem
891 335 946 365 ex
976 317 1163 380 diruptis
1186 317 1363 363 monti-

73 393 156 439 bus
186 392 278 454 ejus
307 393 576 449 adventum,
596 406 689 454 quo
717 389 917 452 plerique
938 389 1154 451 ancipites
1172 388 1361 435 incerti-⁴

73 481 160 527 que
191 464 488 512 accidentium
517 479 622 509 cum
654 462 738 509 suis
774 461 1033 508 caritatibus
1063 461 1325 507 secesserunt
1345 477 1359 506 :

73 538 147 584 sed
175 537 357 600 stupore
386 535 588 593 defixos,
617 552 719 583 cum
748 535 794 581 in
822 534 1084 598 regionibus
1113 534 1222 592 suis,
1244 550 1361 581 con-

74 623 141 657 tra
176 628 313 675 quam
360 610 695 672 opinabantur,
726 607 908 670 augusta
949 619 1182 654 cernerent
1223 606 1361 670 figna.

74 687 327 749 Progressus
353 703 461 749 ergo
488 686 646 733 canlo
670 685 807 747 gradu
826 685 874 730 in
897 695 1113 745 quantum
1142 698 1209 728 res
1231 680 1359 739 tulit,

71 755 361 822 iugulataque
391 769 516 805 aetate
549 757 829 820 promiscua,
855 772 987 818 quam
1019 753 1248 801 etiamtum
1276 769 1361 815 pa-

74 830 241 878 lantem
270 831 437 878 subitus
466 830 714 894 occupavit
739 828 971 886 excursus,
993 829 1043 874 &
1071 826 1196 873 testis
1226 842 1359 872 com-

72 904 209 952 bustis
224 942 237 964 ‚
260 905 390 952 rediit
408 922 508 952 cum
527 903 831 952 incolumibus
858 901 1051 958 cunffis,
1079 917 1195 964 quos
1214 900 1359 946 duxe-

71 989 141 1024 rat
171 977 317 1025 secum
339 976 612 1044 :itidemque
643 978 763 1041 apud
793 977 1012 1024 Acincum
1049 989 1248 1023 moratus
1276 992 1360 1021 au-

72 1061 234 1097 tumno
266 1049 486 1112 praecipiti
501 1085 513 1107 ,
531 1066 612 1112 per
632 1051 794 1096 traslus
815 1047 1087 1111 conglaciari
1115 1047 1359 1111 frigoribus

73 1123 263 1170 assuetos
289 1123 531 1170 commoda
560 1123 786 1186 quaerebat
815 1122 1028 1168 hiberna:
1050 1121 1262 1184 nullaque
1290 1121 1357 1166 se—

73 1196 148 1242 des
166 1196 330 1244 idonea
347 1195 531 1259 reperiri
551 1207 712 1259 praeter
732 1196 953 1242 Sabat-iam
974 1206 1149 1257 poterat
1163 1230 1177 1251 ,
1196 1204 1360 1257 quam-'

73 1272 144 1334 yis
173 1287 230 1317 eo
262 1269 508 1322 invalidam
539 1281 768 1332 tempore,
791 1269 1056 1332 affiduisque
1081 1268 1206 1315 malis
1240 1268 1356 1314 affli-

72 1346 200 1392 &ann
230 1333 364 1392 Unde
384 1345 475 1390 hoc
488 1380 502 1403 ,
520 1343 687 1390 etiamfi
705 1343 851 1405 magni
872 1342 1081 1388 intererat
1094 1376 1106 1399 ‚
1131 1339 1355 1402 paulisper

75 1418 358 1481 sequestrato,
375 1417 564 1480 impigre
580 1428 755 1474 motus,
770 1426 999 1478 peragrata
1018 1413 1215 1460 fluminis
1234 1413 1360 1476 ripa,

75 1491 311 1555 castrisque
342 1490 550 1554 praesidio
588 1489 866 1552 competenti
902 1487 1084 1533 munitis
1116 1498 1253 1550 atque.
1278 1503 1357 1534 ca-

75 1567 207 1614 stellis
222 1602 237 1625 ,
254 1565 556 1629 Bregitionem
576 1563 784 1627 pervenit
808 1581 821 1610 :
850 1563 1002 1624 ibique
1031 1563 1106 1607 diu
1127 1561 1356 1624 composi-

75 1654 172 1688 tum
198 1641 254 1688 ad
284 1641 481 1704 quietem
503 1639 722 1702 Principis
754 1638 894 1686 fatum
922 1637 1084 1684 sortem
1120 1637 1357 1690 denunti&

75 1714 151 1762 bat
192 1714 234 1762 ei
271 1713 555 1777 supremam,
592 1712 809 1776 prodigiis
844 1711 1149 1775 ingerentibus
1186 1710 1359 1758 multis.

76 1788 284 1857 Namque
307 1787 461 1834 diebus
488 1801 591 1833 ante
607 1784 873 1849 paucissimis
892 1783 1041 1831 ruinas
1069 1783 1354 1830 fortunarum

75 1857 317 1907 indicantia
343 1857 558 1904 celsarum
575 1894 592 1915 ,
617 1857 760 1903 arsere
794 1855 952 1903 crinita
981 1855 1118 1901 sidera
1151 1868 1356 1902 cometa-

74 1947 174 1978 rum
190 1966 204 1989 ,
224 1947 419 1995 quorum
447 1930 666 1993 originem
688 1930 816 1993 supra
833 1929 1082 1977 docuimus.
1103 1931 1219 1976 Ante
1236 1929 1355 1992 apud

75 2004 283 2055 Sirmium
313 2003 552 2067 repentino
581 2003 758 2067 fragore
783 2002 969 2049 nubium
999 2002 1167 2049 fulmen
1194 2001 1356 2049 excus-

76 2078 169 2125 sum
185 2113 202 2136 ‚
218 2077 366 2141 palatii
395 2079 445 2126 &
479 2077 615 2125 curiae
647 2089 817 2140 partem
849 2076 1049 2123 incendit
1077 2078 1126 2125 &
1159 2076 1276 2124 for-i:
1302 2079 1357 2125 δε

76 2151 195 2214 apud
212 2150 432 2198 Sabariam
460 2150 619 2198 eodem
647 2151 792 2197 adhuc
820 2150 1089 2209 constituto,
1113 2150 1235 2197 bubo
1257 2151 1354 2197 cul-

75 2223 272 2270 minibus
299 2224 412 2288 regii
434 2225 602 2273 lavacri
622 2224 839 2281 insidens,
861 2225 1190 2289 occentansque
1220 2225 1354 2272 fune-

76 2292 203 2352 bria,
228 2294 350 2341 nulla
379 2295 635 2364 jacientium
669 2296 841 2360 sagittas
872 2298 921 2343 &
949 2296 1115 2360 lapides
1143 2309 1354 2344 contem-

77 2365 233 2428 plabili
255 2366 433 2414 dextera
461 2370 615 2416 cadere
636 2368 811 2432 potuit,
830 2369 1028 2416 certatim
1051 2370 1155 2417 licet
1177 2368 1352 2416 ardenti

76 2437 220 2488 studio
242 2441 490 2508 petebatur.
525 2447 632 2492 Item
663 2459 764 2492 cum
793 2442 849 2490 ab
877 2443 988 2491 urbe
1018 2443 1222 2506 praedisla
1253 2453 1354 2489 ten·-

1003 2519 1034 2565 Ρ
1074 2536 1093 2580 3
