1626 2917
290 99 509 148 RERUM
545 99 882 147 GESTARUM
919 99 1021 145 LIB.
1052 96 1202 146 XXV.
1318 113 1378 161 45

106 220 198 255 tem
222 206 396 269 justitiae
418 205 625 252 inclaruit
648 204 780 251 bonis
796 240 809 261 ‚
831 204 968 250 multa
986 202 1266 268 significant:
1288 205 1385 266 pri-

106 297 213 343 mo,
234 281 357 343 quod
377 293 467 326 erat
491 296 573 341 pro
599 296 745 325 rerum
770 280 818 324 &
843 278 1078 323 hominum
1103 264 1384 324 distinffione

107 353 199 399 fine
225 353 482 400 crudelitate
504 351 709 398 terribilis
730 369 740 397 ε
763 350 920 396 deinde
939 385 952 407 ‚
981 349 1107 412 quod
1136 364 1385 410 paucorum

106 426 361 474 discrimine
391 426 499 472 vitia
532 425 801 472 cohibebat:
831 435 925 469 tum
950 436 1094 469 autem
1111 456 1125 478 ‚
1147 422 1271 493 quod
1296 423 1385 468 mi-

107 501 297 546 nabatur
314 499 434 545 ferro
455 500 602 561 potius
621 537 631 550 ,
652 516 783 561 quam
802 497 1022 543 utebatur.
1053 495 1282 542 Postremo
1299 531 1314 552 ,
1332 508 1383 542 ut

106 572 246 618 multa
265 583 549 634 praeteream,
570 569 763 626 constat,
794 586 896 615 eum
926 568 972 613 in
1005 579 1182 629 apertos
1211 567 1385 630 aliquos
1437 584 1440 585 ’

105 645 317 693 inimicos
338 644 614 692 insidiatores
646 645 747 690 suos
768 643 829 689 ita
860 640 1181 689 consurrexiffe
1212 641 1386 687 mitiffi-

105 735 203 774 me,
223 732 270 765 ut
293 735 526 781 poenarum
547 717 819 778 asperitatem
841 717 1033 779 genuina
1053 714 1298 760 lenitudine
1317 731 1388 760 ca-

106 791 296 854 stigaret.
328 791 654 838 Fortitudinem
686 789 975 837 certaminum
997 789 1208 835 crebritas
1225 824 1237 846 ,
1259 789 1387 836 usus·-

106 881 196 929 que
221 864 441 912 bellorum
478 862 699 920 ostendit,
720 863 770 908 &
803 860 1014 923 patientia
1052 860 1270 924 frigorum
1301 862 1387 908 im-

107 939 331 996 manium,
364 941 413 985 &
442 936 638 983 fervoris
675 952 874 999 quoque.
920 936 1140 998 Corporis
1170 953 1331 982 munus
1361 954 1386 984 a

105 1011 276 1067 milite,
296 1011 350 1056 ab
368 1010 637 1072 imperatore
660 1025 771 1055 vero
793 1007 929 1054 animi
950 1008 1164 1070 poscitur.
1181 1008 1274 1071 Ipse
1295 1021 1386 1056 tru-

104 1099 204 1129 cem
238 1082 408 1129 hostem
437 1082 526 1128 iau
558 1081 757 1128 confecit
789 1081 994 1127 audailer
1022 1082 1304 1145 congressus,
1333 1100 1386 1131 ac

105 1154 284 1201 nostros
313 1154 519 1201 cedentes
543 1153 722 1215 obje&o
746 1155 924 1215 pefitore
948 1154 1026 1200 suo
1047 1155 1284 1218 aliquoties
1307 1172 1387 1203 co-

103 1227 253 1274 hibuit
275 1227 391 1274 solus
411 1244 422 1271 :
444 1244 666 1290 regnaque
693 1226 933 1272 furentium
957 1228 1287 1274 Germanorum
1311 1245 1386 1275 ex-

105 1299 282 1356 cidens,
316 1302 364 1348 &
394 1300 439 1345 in
473 1301 660 1363 pulvere
698 1312 918 1361 vaporato
954 1298 1167 1356 Persidis,
1198 1301 1386 1363 augebat

103 1368 312 1417 fiduciam
354 1371 505 1417 militis
543 1369 756 1416 dimicans
798 1369 914 1436 inter
947 1369 1131 1431 primos.
1179 1371 1386 1418 Castren-

104 1445 215 1493 fium
236 1446 522 1509 negotiorum
546 1445 771 1493 scientiam
792 1445 917 1507 plura
940 1446 1163 1492 declarant
1183 1448 1232 1494 ἃ·
1251 1459 1386 1496 nota:

102 1519 344 1567 civitatum
371 1520 732 1583 oppugnationes
752 1522 800 1566 &
821 1519 1102 1565 castellorum
1117 1521 1242 1566 inter
1263 1521 1386 1584 ipsos

103 1591 407 1638 discriminum
436 1592 650 1644 vertices,
668 1592 782 1639 acies
813 1590 953 1654 figura
973 1591 1238 1639 multiformi
1259 1611 1383 1640 eom-

103 1664 285 1728 pofitae,
313 1664 543 1712 salubriter
573 1668 622 1713 ὅ(
653 1679 778 1712 caute
807 1665 942 1711 castra
973 1679 1164 1723 metata,
1192 1679 1386 1729 praeten-

102 1749 215 1785 turae
262 1738 559 1804 stationesque
604 1739 785 1803 agrariae
820 1738 928 1785 tutis
971 1739 1222 1787 rationibus
1256 1742 1384 1788 ordi-

101 1824 231 1859 natae.
250 1813 499 1861 Au&oritas
527 1815 639 1861 adeo
666 1814 806 1860 valuit
819 1848 831 1868 ,
855 1825 904 1859 ut
922 1813 1102 1860 dilectus
1119 1815 1350 1862 arffiffime
1364 1851 1380 1875 ,

103 1886 210 1931 dum
237 1886 438 1943 timetur,
459 1904 507 1933 ac
529 1887 561 1933 fi
585 1886 889 1948 periculorum
914 1885 1060 1932 socius
1080 1888 1128 1933 Sc
1149 1886 1383 1945 laborum,

103 1959 157 2005 δι
184 1957 298 2005 inter
333 1960 694 2006 concertationes
729 1960 960 2005 acerrimas
985 1958 1282 2004 animadverti
1309 1957 1382 2017 ju-

102 2029 229 2077 beret
252 2030 296 2077 in
317 2031 482 2077 desides
499 2067 512 2087 ‚
541 2033 589 2079 δε
609 2030 755 2078 Caesar
773 2031 943 2087 adhuc,
963 2030 1051 2076 fine
1072 2029 1292 2093 stipendio
1312 2048 1384 2077 re-

103 2113 227 2163 geret
258 2102 442 2148 militem
475 2103 578 2149 feris
605 2102 854 2165 appositum
885 2102 1110 2163 gentibus,
1132 2115 1181 2147 ut
1211 2103 1381 2149 dudum

103 2172 165 2218 est
191 2173 351 2220 dictum
366 2210 379 2232 ,
399 2174 706 2236 allocutusque
734 2186 954 2220 tumentes
979 2187 1171 2220 armatos
1185 2209 1198 2232 ‚
1218 2174 1382 2221 disces-

105 2245 255 2292 surum
284 2247 338 2293 ad
359 2248 497 2294 vitam
519 2248 762 2294 minaretur
786 2247 1031 2309 privatam,
1056 2247 1100 2293 ni
1121 2245 1381 2298 tumultuari

104 2317 369 2366 desisterent.
399 2321 612 2384 Denique
641 2321 686 2367 id
716 2338 800 2383 pro
834 2322 983 2368 multis
1013 2322 1135 2368 noffe
1161 2320 1380 2367 sufficiet:

107 2390 387 2439 exhortatum
419 2410 521 2441 eum
547 2393 736 2457 simplici
767 2393 994 2444 concione
1021 2395 1208 2443 militem
1242 2390 1384 2453 Galli-⁴
