1626 2917
33 2483 37 2518 ’,ι

255 167 474 215 RERUM
507 167 851 216 GESTARUM
879 170 984 217 ΗΒ.
1016 172 1142 218 XIV.
1283 189 1337 235 19

62 276 296 323 hortatore
323 274 404 321 illo
432 273 694 324 hesterno...
728 277 1037 335 numerando,
1057 278 1134 341 qui
1163 277 1241 337 fis,
1265 279 1341 328 vel

61 351 181 398 unde
202 345 382 408 venias,
404 349 569 398 diutius
593 349 858 413 ambigente.
890 351 1078 415 Agnitus
1104 370 1216 400 vero
1237 366 1340 401 tan-

62 423 163 468 dem
176 457 188 480 ,
203 421 459 471 &adscitus
475 421 521 468 in
539 422 779 470 amicitiam
791 460 804 482 ‚
820 425 851 470 fi
870 436 912 471 te
931 424 1145 472 salutandi
1165 427 1342 475 affidui-

61 494 142 541 tati
169 493 340 542 dederis
357 490 556 543 triennio
578 494 862 553 indiscretus,
881 500 930 545 &
954 515 1032 560 per
1052 498 1238 546 totidem
1262 499 1340 547 dee·

63 565 198 613 fueris
227 578 428 629 tempus,
450 567 688 615 reverteris
717 569 770 614 ad
800 568 918 631 paria
949 570 1232 633 perferenda:
1258 589 1342 621 nec

64 641 141 694 ubi
158 641 263 690 effes
286 642 609 705 interrogatus,
638 645 688 690 &
714 661 822 690 num
853 661 876 691 e
903 645 1053 692 medio
1075 645 1344 705 discesseris,

65 726 240 762 aetatem
274 732 458 762 omnem
490 715 646 762 frustra
678 716 724 762 in
755 716 897 779 stipite
922 730 1127 764 conteres
1158 718 1345 766 submit-

64 789 218 837 tendO.
248 789 364 835 Cum
389 801 533 836 autem
554 790 836 837 intervallata
868 791 1146 853 temporibus
1177 793 1345 839 convie-

0 893 2 896 -
67 862 140 909 via
160 861 295 925 longa
318 863 369 910 &
387 862 525 909 noxia
545 862 771 925 coeperint
789 865 1016 925 apparari,
1041 865 1115 911 vel
1135 864 1345 911 distr-ibne

66 935 133 982 tio
149 935 414 983 solemnium
436 932 758 997 sportularum;
780 936 911 986 anxia
926 936 1246 984 deliberatione
1262 950 1352 985 tra-1

67 1010 230 1067 filatur,
247 1026 326 1067 an,
351 1009 549 1070 exceptis
570 1008 648 1068 iis,
666 1009 831 1072 quibus
850 1009 1109 1057 viciffitudo
1131 1011 1318 1059 debetur
1332 1050 1347 1072 ,

0 1091 2 1115 ἓ
66 1085 350 1148 peregrinum
375 1084 557 1132 invitari
590 1083 861 1132 conveniet:
885 1085 935 1131 &
957 1084 989 1129 fi
1016 1085 1186 1149 digesto
1216 1087 1349 1150 plene

68 1160 259 1209 confilio
282 1160 327 1207 id
344 1159 558 1223 placuerit
576 1159 697 1219 fieri,
716 1159 752 1206 is
770 1159 1030 1217 adhibetur,
1051 1162 1127 1224 qui
1152 1179 1234 1223 pro
1260 1163 1348 1209 ‹lo-

0 1236 6 1293 ,⁵
66 1234 212 1281 mibus
250 1234 444 1282 excubat
478 1234 760 1297 aurigarum,
797 1249 871 1280 aut
909 1246 1047 1280 artem
1081 1236 1347 1283 tesserariam

67 1307 325 1371 profitetur,
343 1321 418 1365 aut
433 1307 671 1356 secretiora
689 1307 892 1370 quaedam
913 1306 954 1353 se
969 1307 1092 1354 noffe
1111 1307 1349 1374 confingit.

5 1401 9 1413 ·
69 1381 291 1428 Homines
326 1381 447 1428 enim
475 1380 675 1428 eruditos
702 1382 752 1428 ὅ(
777 1379 952 1427 sobrios
978 1391 1028 1426 ut
1057 1380 1273 1429 infaustos
1300 1386 1356 1432 δί’

69 1453 248 1500 inutiles
267 1453 415 1503 vitant
435 1472 445 1500 ε
466 1470 522 1500 eo
543 1469 727 1517 quoque
746 1453 986 1500 accedente
1000 1489 1014 1510 ,
1037 1455 1161 1516 quod
1183 1456 1233 1503 δι
1261 1473 1351 1503 no-

10 1558 13 1562 ·
70 1524 368 1573 menclatores
386 1525 535 1572 assueti
563 1526 658 1571 haec
678 1525 728 1571 &
750 1523 855 1570 talia
874 1524 1125 1583 venditare,
1147 1530 1352 1575 mercede

11 1607 14 1619 ⁴
68 1611 273 1662 accepta,
294 1598 428 1645 lucris
452 1597 668 1660 quosdam
694 1598 744 1644 &
764 1596 959 1660 prandiis
982 1596 1180 1645 inserunt
1199 1599 1352 1647 subdi-

70 1670 198 1718 titios
223 1662 444 1734 ignobiles
464 1673 513 1719 &
538 1670 768 1717 obscuros.
796 1669 1050 1716 Mensarum
1071 1671 1190 1717 enim
1210 1690 1352 1720 vora-

71 1744 225 1808 gines,
247 1744 298 1790 &
325 1743 473 1791 varias
503 1743 785 1805 voluptatum
816 1742 1068 1802 illecebras,
1090 1761 1146 1790 ne
1169 1745 1353 1809 longius

71 1817 362 1882 progrediar,
385 1816 721 1880 praetermitto:
753 1816 860 1864 illuc
899 1818 1185 1877 tranfiturus,
1223 1822 1352 1883 quod

19 1942 21 1947 ,
72 1892 254 1957 quidam
274 1909 354 1956 per
372 1892 518 1955 ampla
537 1891 672 1956 spatia
690 1890 836 1949 urbiS,
851 1890 1167 1956 subversasque
1187 1893 1352 1953 filices,

18 1955 24 1981 ³
72 1966 165 2012 fine
183 1965 375 2028 periculi
401 1977 523 2012 metu
545 1977 836 2028 properantes
851 1998 865 2021 ‚
888 1980 1031 2027 equos
1057 1966 1184 2011 velut
1201 1967 1355 2028 publi·-

74 2052 156 2084 cos
181 2035 382 2099 signatis,
403 2036 530 2099 quod
553 2035 744 2092 dicitur,
765 2034 924 2082 calceis
945 2035 1115 2098 agitant
1129 2070 1142 2094 ‚
1166 2035 1356 2084 familia-

73 2127 174 2157 rum
192 2110 366 2174 agmina
385 2123 590 2174 tanquam
611 2109 905 2173 praedatorios
928 2110 1090 2173 globos
1110 2111 1211 2173 post
1231 2125 1356 2177 terga

75 2185 324 2240 trahentes,
358 2202 415 2233 ne
445 2185 675 2232 Sannione
709 2184 919 2248 quidem,
950 2196 998 2231 ut
1027 2184 1087 2231 ait
1121 2186 1322 2233 comicus
1343 2222 1359 2245 ,

77 2257 202 2304 domi
236 2258 419 2306 relicto:
450 2276 565 2322 quos
598 2258 782 2305 imitatae
819 2271 1035 2305 matronae
1067 2260 1357 2322 complures,

29 2331 32 2378 i
78 2329 247 2392 opertis
280 2332 498 2395 capitibus
533 2335 581 2380 &
618 2330 852 2387 basternis,
882 2348 961 2394 per
991 2331 1127 2379 latera
1160 2333 1357 2381 civitatis

78 2403 233 2449 cuneta
253 2402 519 2452 discurrunt.
552 2408 702 2467 thue
722 2403 990 2466 proeliorum
1014 2405 1143 2466 periti
1163 2407 1358 2452 reflorens

76 2475 223 2538 primo
245 2489 442 2528 catervas
470 2476 622 2526 densas
652 2490 893 2542 opponunt
925 2481 972 2527 ἐξ
998 2477 1165 2539 fortes,
1197 2478 1358 2527 deinde

1004 2555 1036 2599 B
1077 2570 1099 2599 2,
