1626 2917
240 129 303 193 98
454 128 795 175 AMMIANI
844 128 1334 177 MARCELLINI

243 234 491 283 delationes
526 234 764 293 asciscens,
792 252 872 298 per
901 235 1221 300 suppliciorum
1254 237 1528 287 diversitates

241 308 500 355 effrenatius
517 307 778 367 exsultavit,
792 309 1020 356 sententiae
1039 309 1156 358 illius
1176 312 1398 359 Tullianae
1417 312 1529 376 igna-

242 397 334 438 rus,
351 381 572 436 docenti3‚
594 380 793 429 infelices
809 382 894 429 effe
914 398 1010 441 eos,
1032 384 1108 447 qui
1129 386 1283 432 omnia
1296 385 1374 432 fibi
1394 385 1528 433 licere

237 454 567 501 existimarunt.
585 455 694 502 Haec
712 454 1049 516 implacabilitas
1069 456 1209 504 causae
1229 458 1408 521 quidem
1429 456 1527 521 piis·

241 527 391 585 simae,
419 526 491 573 sed
523 527 726 575 vffloriae
762 528 969 576 foedioris
990 565 1003 587 ‚
1032 529 1297 578 innocentes
1332 530 1526 578 tortori-

241 601 326 648 bus
350 599 556 662 exposuit
586 601 753 648 multos
778 637 793 658 ‚
821 601 895 649 vel
920 601 998 648 sub
1022 602 1181 650 eculeo
1213 615 1344 666 caput
1373 603 1527 651 incur—

241 687 359 731 vos,
389 686 463 720 aut
489 674 562 721 iffi
592 673 811 722 carnificis
845 675 967 722 torvi
998 675 1468 739 substravittquibus,
1495 675 1527 721 fi

241 761 469 814 pateretur
489 759 672 806 natura,
691 748 764 793 vel
785 747 919 794 denas
934 747 1102 794 animas
1123 747 1395 809 profundere
1417 766 1528 811 prae-

242 822 386 869 stabat
405 820 451 867 in
477 837 622 885 pugna
643 857 657 880 ‚
677 837 808 884 quam
828 819 1038 866 lateribus
1058 819 1268 867 fodicatis
1289 820 1416 866 omni
1433 820 1529 867 cul-

241 913 299 958 pa
323 894 568 950 immunes,
591 891 786 939 fortunis
818 893 1096 956 gementibus
1127 892 1342 941 universis
1361 927 1376 950 ,
1411 892 1527 956 quasi

239 968 355 1016 laesae
377 965 613 1029 majestatis
639 966 761 1012 luere
783 983 941 1028 poenas
958 1003 971 1025 ‚
994 965 1216 1013 dilaniatis
1235 978 1337 1012 ante
1358 982 1528 1028 corpo-

238 1043 363 1090 ribus
378 1076 391 1097 ,
413 1039 541 1102 quod
574 1038 700 1091 omni
729 1039 789 1085 est
820 1039 983 1086 tristius
1012 1052 1174 1088 morte.
1194 1039 1311 1086 Exin
1332 1056 1435 1086 cum
1458 1040 1529 1086 su-

239 1127 392 1180 perata
413 1112 599 1159 luffibus
624 1111 795 1159 ferocia
821 1111 1091 1175 deflagraffet
1111 1148 1126 1171 ,
1152 1111 1525 1175 proscriptiones,

241 1190 293 1237 &
334 1187 516 1244 exsilia,
545 1188 594 1233 &
633 1202 733 1248 quae
778 1186 953 1234 leviora
991 1186 1252 1249 quibusdam
1285 1185 1526 1244 videntur,

240 1278 516 1326 quamquam
548 1260 632 1306 fint
661 1259 810 1321 aspera
832 1295 846 1317 ‚
881 1259 968 1305 viri
1004 1260 1226 1321 pertulere
1261 1259 1524 1308 summates:

239 1341 292 1387 &
322 1349 371 1384 ut
393 1335 608 1382 ditaretur
632 1334 744 1381 alius
766 1370 779 1392 ,
808 1350 968 1397 genere
991 1333 1158 1380 nobilis
1177 1334 1225 1381 &
1250 1332 1369 1380 forte
1390 1335 1523 1381 meri-

241 1413 298 1461 tis
332 1408 606 1472 locupletior
630 1445 645 1467 ,
667 1410 785 1455 aEtuS
809 1407 1082 1470 patrimonio
1114 1423 1310 1470 praeceps
1327 1442 1341 1465 ,
1359 1407 1524 1454 trusus-

238 1500 328 1549 que
358 1483 404 1528 in
435 1481 667 1538 exsilium,
693 1480 1040 1528 consumebatur
1074 1496 1270 1543 angore,
1308 1492 1382 1526 aut
1415 1479 1525 1543 stipe

240 1554 443 1620 precaria
480 1553 711 1601 viclitabat
748 1572 759 1600 :
802 1571 884 1601 nec
924 1553 1085 1600 modus
1121 1552 1238 1598 ullus
1272 1551 1525 1600 exitialibus

241 1628 370 1676 malis
402 1624 672 1688 impositus,l
696 1627 907 1689 quamdiu
936 1624 1186 1688 Principem
1216 1626 1264 1672 &
1289 1624 1525 1687 proximos

240 1719 382 1765 opum
409 1699 579 1747 satietas
613 1699 730 1761 cepit
761 1699 810 1746 &
832 1697 977 1746 caedis.
1007 1699 1110 1745 Hoc
1133 1710 1357 1744 novatore
1380 1697 1523 1744 adhuc

241 1772 496 1836 superstite,
518 1770 645 1833 cujus
677 1772 794 1818 aetus
825 1771 1095 1833 multiplices
1123 1770 1360 1818 docuimus
1381 1772 1429 1818 &
1450 1770 1523 1817 in-

240 1846 424 1894 teritum
438 1881 450 1901 ‚
472 1845 588 1891 diem
609 1844 926 1891 duodecimum
944 1844 1135 1891 Kalend.
1155 1841 1391 1906 Augustas,
1411 1859 1522 1890 con·

239 1920 336 1967 sule
368 1918 689 1965 Valentiniano
730 1917 925 1980 primum
960 1934 1063 1965 cum
1105 1916 1270 1971 fratre,
1307 1915 1521 1962 horrendi

239 2007 435 2041 terrores
474 2010 552 2056 per
586 2010 769 2039 omnem
805 1992 926 2040 orbis
960 1991 1175 2039 ambitum
1208 1989 1381 2053 graffati
1419 1989 1520 2038 sunt

239 2065 389 2112 subito
408 2101 420 2123 ‚
443 2065 594 2128 quales
626 2081 707 2111 nec
727 2064 886 2111 fabulae
903 2100 915 2123 ,
940 2082 1023 2112 nec
1052 2063 1264 2111 veridicae
1288 2062 1420 2109 nobis
1440 2080 1518 2110 an-

238 2137 467 2200 tiquitates
497 2149 747 2199 exponunt.
781 2136 921 2183 Paulo
949 2137 1066 2183 enim
1103 2135 1203 2198 post
1234 2134 1346 2182 lucis
1385 2150 1519 2182 exor-

238 2222 335 2256 tum
354 2245 367 2266 ‚
389 2210 597 2256 densitate
620 2209 786 2272 praevia
805 2208 1031 2273 fulgurum
1048 2207 1187 2255 acrius
1209 2207 1516 2265 vibratorum,

239 2282 492 2329 tremefaEia
515 2282 775 2329 concutitur
807 2282 956 2328 omnis
977 2280 1140 2328 terreni
1172 2279 1378 2326 stabilitas
1402 2296 1520 2342 pon-

241 2356 356 2401 deris
376 2391 388 2411 ,
413 2372 622 2418 mareque
660 2354 897 2418 dispulsum
929 2365 1050 2400 retro
1082 2353 1286 2400 ssuEiibus
1318 2352 1518 2399 evolutis

241 2417 436 2480 absceffil
456 2465 471 2491 ‚
491 2443 539 2477 ut
560 2429 720 2478 retecta
740 2428 956 2494 voragine
972 2425 1305 2492 profundorum
1320 2461 1334 2488 ,
1354 2424 1518 2490 species
