1626 2917
349 202 564 248 RERUM
596 201 934 248 GESTARUM
965 201 1066 248 ΜΒ.
1100 201 1209 248 XX.
1311 215 1406 262 219

139 309 472 374 propinquitate
505 309 762 366 collucens,
797 309 918 356 orbis
952 309 1134 369 alterius
1170 308 1405 356 claritudi-

138 400 265 442 nem,
285 397 494 447 tanquam
508 400 532 430 e
550 383 729 447 speculo
750 384 956 448 puriore,
972 383 1247 431 formaverit.
1273 385 1315 429 N
1320 399 1407 430 unc

139 459 370 506 veniamus
394 459 448 505 ad
467 460 631 508 lunam.
664 464 879 522 Apertum
901 460 949 506 ὃ(
976 458 1229 505 evidentem
1249 457 1310 505 ita
1329 458 1409 504 de-

139 546 260 580 mum
300 532 479 583 sustinet
506 534 610 580 luna
645 534 889 591 defectum,
924 550 1025 580 cum
1063 532 1201 594 pleno
1238 530 1408 578 lumine

139 607 404 665 rotundam,
435 607 606 671 solique
627 607 872 666 contraria,
893 606 947 653 ab
967 604 1061 668 ejus
1092 605 1203 651 orbe
1228 616 1409 651 centum

140 679 370 744 octoginta
390 680 582 744 partibus
597 716 611 739 ,
631 679 674 726 id
698 681 784 739 est,
803 681 925 744 signo
947 679 1135 742 septimo
1157 678 1412 741 disparatur.

137 752 193 798 Et
224 768 488 815 quamquam
517 752 604 798 hoc
636 769 715 815 per
744 769 878 798 omne
915 750 1208 813 plenilunium
1239 749 1412 811 semper

139 824 343 883 eveniat,
375 840 469 871 non
504 823 674 887 semper
706 823 854 871 deficit
884 837 1045 870 tamen.
1076 823 1161 868 Sed
1194 823 1412 885 quoniam

142 896 260 944 circa
280 910 498 944 terrenam
522 897 810 943 mobilitatem
834 897 1001 953 locata,
1020 897 1068 942 ἕξ
1089 913 1111 942 a
1130 895 1250 942 coelo
1273 895 1414 942 totius

113 992 117 999 ‘¹
140 972 485 1033 pulchritudinis
503 971 690 1029 extima,
709 986 1034 1033 nonnunquam
1056 967 1231 1014 ferienti
1250 968 1289 1014 se
1309 968 1414 1015 sub-

142 1046 242 1092 serit
265 1046 382 1103 luci,
403 1045 579 1108 objeElu
601 1057 729 1093 metae
754 1045 895 1092 noctis
916 1044 963 1090 in
989 1060 1156 1091 conum
1177 1043 1413 1091 desinentis

142 1117 371 1181 angustum
391 1117 496 1164 latet
520 1135 757 1180 parumper
776 1118 1006 1164 umbrata:
1029 1128 1209 1178 tumque
1233 1115 1416 1179 nigran-

141 1190 256 1238 tibus
274 1191 530 1239 involvitur
550 1191 722 1255 globis,
740 1191 768 1237 fi
786 1190 851 1237 sol
869 1189 1051 1252 sphaerae
1069 1188 1293 1236 inferioris
1312 1205 1415 1235 cur-

142 1266 322 1312 vamine
340 1264 629 1313 circumfusus
642 1301 655 1323 ,
672 1265 792 1312 mole
812 1263 1049 1311 obsistente
1069 1275 1266 1318 terrena,
1283 1261 1416 1309 radiis

141 1355 236 1385 eam
265 1338 353 1386 suis
379 1338 593 1386 illustrare
620 1355 712 1385 non
738 1337 869 1401 possit
889 1355 900 1384 t
921 1353 1052 1400 quam
1081 1351 1310 1396 nunquam
1338 1334 1416 1379 ha-

141 1411 246 1457 bere
265 1411 497 1474 proprium
526 1412 678 1460 lumen
701 1410 941 1474 opiniones
959 1408 1096 1456 variae
1124 1407 1416 1469 collegerunt.

143 1485 199 1531 Et
229 1502 330 1532 cum
357 1484 411 1531 ad
440 1485 556 1530 idem
587 1483 754 1547 signum
787 1482 925 1545 aequis
954 1480 1149 1544 partibus
1181 1480 1265 1527 soli
1300 1497 1417 1527 con-

144 1556 356 1623 currerit,
376 1555 637 1603 obscuratur
667 1555 752 1620 (ut
772 1555 935 1603 dieium
956 1552 1051 1617 est)
1078 1554 1256 1617 penitus
1281 1554 1416 1600 hebe-

144 1641 242 1678 tato
260 1630 478 1686 candore3
498 1638 652 1680 abrosa:
672 1632 830 1678 Graece
850 1634 968 1687 μήνης
984 1629 1160 1676 dicitur.
1188 1627 1318 1675 Nasci
1336 1645 1417 1675 au-

145 1717 235 1753 tem
254 1714 459 1766 putatur,
479 1721 581 1750 cum
611 1721 745 1766 parva
775 1702 1075 1750 declinatione
1105 1701 1234 1749 velut
1262 1717 1286 1748 e
1314 1717 1418 1764 per-

144 1776 390 1841 pendiculo
420 1775 707 1839 superjectum
739 1776 851 1840 gerit
879 1774 1030 1822 solem.
1074 1776 1270 1821 Exortus
1300 1789 1416 1820 vero

147 1849 241 1913 ejus
259 1851 403 1897 adhuc
420 1851 696 1914 graciliscens
717 1850 920 1913 primitus
939 1847 1198 1895 mortalitati
1215 1847 1420 1905 videtur,

146 1939 248 1971 cum
269 1923 323 1970 ad
349 1922 609 1981 secundum,
636 1924 789 1970 relic‘lo
812 1922 902 1968 sole
918 1957 931 1979 ‚
959 1919 1218 1983 migraverit
1236 1920 1421 1983 signum.

147 1997 378 2060 Progressa
397 1996 544 2059 itaque
573 1997 817 2060 porreffius
835 2032 847 2051 ,
868 1993 1045 2058 jamque
1075 1994 1248 2041 abunde
1274 1994 1421 2039 nitens

147 2081 350 2117 cornutae
380 2068 531 2115 habitu
546 2105 559 2127 ‚
577 2076 776 2129 μηνοειδὴς
794 2068 854 2113 est
872 2066 1105 2129 appellata.
1133 2068 1249 2114 Cum
1273 2078 1420 2113 autem

148 2140 240 2187 sole
272 2140 413 2205 longo
452 2142 640 2204 coeperit
682 2140 918 2188 interstitio
962 2138 1246 2196 submoveri,
1285 2141 1334 2186 &
1367 2137 1424 2184 ad

151 2212 356 2276 quintum
378 2213 636 2276 pervenerit
656 2213 822 2278 signum
840 2249 852 2271 ,
871 2211 1003 2258 radiis
1034 2210 1127 2273 ejus
1147 2211 1202 2257 ad
1231 2210 1273 2256 se
1305 2227 1422 2257 con-

153 2286 312 2343 verfis,
327 2285 466 2348 majus
483 2288 684 2349 concipit
703 2288 852 2333 lumen
865 2321 878 2344 ‚
897 2287 946 2333 &
963 2283 1012 2332 fit
1031 2287 1196 2332 Graeco
1218 2283 1423 2330 sermone

155 2365 384 2418 ἒιχὸμηνος,
401 2376 499 2422 quae
512 2359 656 2407 forma
671 2359 933 2407 semiorbem
947 2358 1162 2415 ostendit,
1175 2357 1425 2421 procedens

152 2429 310 2476 deinde
328 2429 416 2492 jam
438 2431 766 2494 disjunstiffime
789 2431 1040 2495 quintoque
1057 2431 1183 2495 {igno
1209 2444 1388 2491 arrepto
1406 2463 1421 2486 ‚

152 2501 337 2567 figuram
363 2505 576 2554 monstrat
595 2514 853 2568 ἀμφικύρτου,
884 2504 1095 2569 utrinque
1120 2502 1438 2568 prominenti-³
