1626 2917
201 214 292 262 208
411 213 748 261 AMMIANI
787 213 1272 264 MARCELLINI

199 332 332 386 gente
369 318 579 376 mentiri,
608 317 857 380 Principem
888 321 1135 368 exorabant
1171 322 1218 368 in
1256 321 1434 369 veniam
1456 359 1474 382 ,

198 394 482 443 obsecrantes
501 427 514 449 ,
541 404 591 438 ut
609 391 828 438 simultate
857 392 1024 440 abolita
1037 429 1051 452 ,
1070 395 1318 443 transmisso
1337 395 1489 443 flumi-

210 484 267 514 ne
290 467 343 513 ad
364 477 466 513 eum
486 465 645 512 venire
666 465 1027 528 permitterentur
1041 504 1053 526 ,
1073 469 1246 516 doEIuri
1261 508 1275 526 ,
1294 486 1394 533 quae
1417 472 1489 518 su-

198 540 411 587 stinerent
440 538 732 585 incommoda
766 556 778 586 τ
815 539 1046 604 paratique
1066 540 1180 588 intra
1210 541 1344 605 spatia
1362 542 1489 591 orbis

198 611 427 669 Romani,
449 610 479 656 st
499 610 546 657 id
565 610 779 673 placuerit
801 647 817 669 ,
843 624 979 658 terras
1004 611 1220 676 suscipere
1245 613 1378 678 longe
1400 615 1489 661 dis-

200 697 345 733 cretas
363 720 377 743 ,
415 696 468 732 ut
493 684 708 730 diuturno
736 683 836 731 otio
861 684 1091 744 involuti,
1112 689 1160 734 &
1179 686 1372 750 quietem
1404 703 1489 734 co-

198 761 341 807 lentes
359 772 571 822 tanquam
587 758 817 805 salutarem
838 761 1002 818 Deam,
1023 761 1362 808 tributariorum
1382 778 1490 808 one-

203 850 251 880 ra
269 831 468 879 subirent
489 833 539 879 δε
563 846 742 877 nomen.
764 830 844 878 His
870 832 969 894 post
989 833 1177 880 reditum
1198 833 1488 881 tribunorum

207 905 454 969 compertis
471 940 485 962 ‚
506 906 756 966 Imperator
786 904 1028 963 exsultans,
1049 918 1097 953 ut
1127 907 1312 970 negotio
1329 943 1342 963 ‚
1361 907 1487 969 quod

206 980 387 1026 rebatur
422 978 770 1040 inexplicabile,
800 978 888 1025 fine
923 979 1018 1026 ullo
1063 980 1251 1042 pulvere
1282 980 1487 1026 consum·

206 1054 377 1100 mando
394 1089 408 1112 ,
432 1053 616 1101 cunctos
640 1052 836 1107 admisit,
858 1052 1067 1099 aviditate
1088 1054 1185 1116 plus
1205 1053 1395 1100 habendi
1414 1053 1489 1099 in-

208 1126 364 1174 census
386 1145 398 1172 :
424 1144 556 1190 quam
586 1127 869 1173 adulatorum
903 1127 1068 1173 cohors
1093 1128 1301 1190 augebat,
1324 1127 1367 1172 id
1397 1126 1489 1173 fine

210 1201 353 1245 modo
378 1198 692 1261 strepentium,
723 1198 870 1262 quod,
893 1199 1084 1244 externis
1107 1198 1258 1259 sopitis
1274 1234 1286 1255 ,
1311 1200 1360 1245 &
1387 1199 1488 1244 ubi-

209 1289 297 1331 que
319 1289 427 1335 pace
458 1271 736 1334 composita,
758 1271 1025 1333 proletarios
1045 1272 1286 1319 lucrabitur
1311 1272 1458 1333 plures
1474 1307 1490 1328 ,

209 1348 259 1394 δι
280 1345 492 1393 tirocinia
515 1361 679 1408 cogere
695 1345 862 1407 poterit
883 1345 1165 1392 validiffima:
1185 1362 1338 1392 aurum
1356 1345 1488 1407 quip-

210 1438 266 1484 pe
298 1433 520 1484 gratanter
542 1419 847 1482 provinciales
875 1419 1145 1482 corporibus
1176 1420 1368 1477 dabunt,
1388 1436 1490 1482 quae

211 1494 305 1556 spes
341 1510 431 1539 rem
453 1494 707 1539 Romanam
735 1491 971 1555 aliquoties
997 1491 1273 1556 aggravavit.
1297 1491 1489 1538 Proinde

212 1566 339 1612 vallo
360 1582 502 1629 prope
524 1564 809 1612 Acimincum
831 1565 982 1612 locato
1001 1600 1014 1623 ‚
1040 1564 1246 1628 celsoque
1266 1581 1421 1628 aggere
1440 1564 1488 1609 in

214 1641 404 1703 speciem
439 1639 670 1687 tribunalis
689 1640 833 1686 eresto
847 1674 861 1696 ‚
880 1656 1018 1686 naves
1036 1639 1247 1686 vehentes
1276 1637 1489 1702 quosdam

214 1712 493 1776 legionarios
513 1712 750 1776 expeditos
765 1748 779 1770 ‚
808 1713 990 1758 alveum
1011 1711 1207 1757 fluminis
1229 1711 1489 1774 proximum

215 1786 324 1848 ripis
358 1785 595 1833 observare
631 1786 731 1832 sunt
761 1784 909 1846 juffae,
933 1801 1032 1831 cum
1063 1784 1331 1830 Innocentio
1370 1801 1490 1845 quo-

214 1861 313 1907 <lam
335 1859 633 1925 agrimensore
662 1858 792 1922 hujus
810 1860 988 1906 aufilore
1014 1858 1188 1906 consilii
1208 1877 1219 1905 ε
1238 1870 1313 1915 ut,
1334 1857 1363 1903 fi
1387 1858 1491 1903 bar-

217 1933 353 1980 haros·
373 1933 638 1980 tumultuare
658 1932 908 1990 senfiss‘ent’,
931 1931 1135 1978 aliorsum
1158 1931 1356 1977 intentos
1391 1929 1491 1991 post

217 2019 340 2069 terga
370 2008 664 2069 pervaderent
692 2006 940 2070 improvisi.
962 2008 1079 2065 Quae
1099 2004 1363 2067 Limigantes
1387 2004 1492 2051 licet

219 2081 451 2144 properari
481 2080 693 2127 sentirent
713 2117 727 2138 ,
759 2080 867 2126 nibil
888 2092 1035 2126 tamen
1062 2091 1220 2141 praeter
1235 2093 1385 2140 preces
1406 2075 1492 2122 fin-

219 2167 370 2218 gentes
399 2155 567 2202 stabant
588 2154 790 2213 incurvi,
814 2155 946 2216 longe
966 2153 1047 2199 alia
1064 2188 1076 2209 ‚
1096 2169 1227 2215 quam
1248 2168 1349 2213 quae
1369 2149 1491 2213 gestu

221 2227 514 2289 praeserebant
539 2230 587 2276 &
613 2227 787 2284 verbis,
811 2227 907 2273 altis
925 2226 1144 2273 mentibus
1166 2224 1492 2286 perpensantes,

221 2301 422 2366 Visoque
453 2305 723 2364 Imperatore
759 2319 812 2347 ex
850 2301 943 2348 alto
979 2298 1173 2363 suggestu
1204 2298 1289 2359 jam
1323 2298 1491 2343 sermo·

221 2391 322 2421 nem
343 2389 522 2438 parante
541 2375 822 2432 leniffimum,
835 2374 1162 2433 meditanteque
1178 2370 1346 2433 alloqui
1364 2369 1492 2415 velut

220 2449 468 2511 morigeros
493 2449 578 2510 jam
599 2447 773 2495 futuros
792 2466 802 2494 ε
831 2448 1009 2511 quidam
1030 2463 1085 2493 ex
1107 2447 1191 2492 illis
1214 2446 1367 2491 surore
1388 2460 1490 2507 per-

219 2522 332 2569 citus
357 2522 472 2570 truci
493 2557 508 2579 ‚
528 2522 681 2570 calceo
710 2521 790 2570 suo
817 2521 861 2568 in
890 2520 1083 2568 tribunal
1108 2531 1353 2576 contorto,
1374 2536 1490 2563 mar-
