1626 2917
279 108 521 197 ‘RERuM
556 91 893 167 GESTARUM
924 120 1028 168 ΜΒ.
1063 121 1238 169 XXXI.
1323 126 1415 186 269

136 224 226 273 bat.
252 226 308 271 Et
338 225 423 285 jam
453 226 697 274 Lentiensis
724 227 1038 276 Alamannicus
1065 228 1259 291 populus
1280 266 1293 288 ‚
1328 241 1417 276 trac-

134 297 274 345 &ibus
315 299 560 347 Raetiarum
597 299 822 359 confinis,
860 318 938 363 per
976 300 1154 348 fallaces
1197 301 1417 350 discursus

133 370 311 419 violato
349 370 520 420 foedere
553 373 718 419 dudum
751 385 1012 435 concepto,
1053 373 1288 421 collimitia
1329 391 1419 420 no-

133 443 220 490 stra
238 445 467 503 tentabat:
489 461 591 507 quae
613 446 758 493 clades
784 445 894 494 hinc
913 445 1094 493 exitiale
1119 445 1418 508 primordium

131 515 296 564 sumfir.
321 520 387 564 Ex
415 518 497 565 hac
524 517 708 564 natione
739 519 917 581 quidam
953 519 1068 565 inter
1101 518 1320 580 Principis
1347 535 1419 564 ar-

128 588 327 653 migeros
354 590 551 638 militans
568 626 582 647 ‚
606 592 818 654 poscente
846 593 1034 656 negotio
1060 593 1263 640 reversus
1283 592 1328 640 in
1352 594 1416 640 la·
1455 602 1458 603 ’

130 679 223 709 rem
244 699 258 721 ‚
285 676 336 711 ut
364 677 457 711 erat
489 665 535 711 in
567 664 799 728 loquendo
835 666 1014 713 effusior
1038 704 1052 725 ‚
1087 666 1418 730 interrogantes

130 735 317 794 multos,
340 736 449 800 quid
467 751 669 799 ageretur
685 737 730 784 in
754 738 936 800 palatio,
960 740 1095 786 docet
1113 738 1419 786 arcesiituVa-

128 807 261 855 lentis
286 809 432 871 patrui
461 811 727 858 Gratianum
760 812 997 859 Orientem
1029 810 1182 858 versus
1212 828 1322 857 mox
1361 813 1419 858 fi-

129 896 218 943 gna
248 893 476 926 moturum
509 899 520 927 :
564 893 612 927 ut
654 882 893 944 duplicatis
928 882 1100 929 viribus
1143 882 1418 943 repellantur

127 953 359 1016 plagarum
375 953 683 1001 terminalium
705 955 874 1001 accolae
890 989 902 1009 ‚
923 955 978 999 ad
1000 955 1315 1004 Romanorum
1339 972 1417 1001 ve-

126 1043 230 1073 rum
261 1022 483 1074 excidium
508 1025 748 1087 conjurati.
783 1027 961 1086 Quibus
990 1026 1122 1074 avide
1160 1026 1417 1073 Lentienses

126 1097 321 1160 acceptis
339 1133 354 1156 ‚
381 1097 461 1160 ipsi
497 1114 681 1161 quoque
701 1098 797 1144 haec
816 1133 830 1155 ‚
860 1097 982 1161 quasi
1017 1096 1187 1155 vicini,
1225 1113 1417 1144 cernen-

125 1184 218 1231 tes,
244 1183 293 1218 ut
320 1171 421 1218 sunt
453 1171 637 1220 veloces
665 1173 716 1219 &
749 1172 918 1233 rapidi,
945 1171 1143 1217 conferti
1167 1171 1215 1217 in
1242 1172 1417 1233 praeda-

124 1243 273 1292 torios
308 1243 472 1308 globos
492 1278 506 1301 ‚
528 1243 735 1289 Rhenum
768 1243 870 1306 gelu
904 1243 1115 1304 pervium
1140 1242 1312 1305 pruinis
1342 1245 1418 1289 Fe-

125 1317 310 1365 bruario
335 1317 484 1364 mense
611 1316 842 1362 tendentes
863 1331 1006 1377 prope
1039 1331 1140 1361 cum
1170 1315 1417 1365 Petulanti-

122 1394 209 1442 bus
238 1393 381 1440 Celtae
401 1428 415 1453 ,
445 1408 540 1439 non
581 1392 672 1438 fine
708 1391 771 1437 sui
804 1390 969 1451 jactura
997 1389 1183 1437 afflictos
1217 1389 1414 1452 graviter

124 1466 285 1514 adultis
306 1466 476 1515 viribus
501 1477 777 1513 averterunt.
800 1466 972 1511 Verum
1000 1462 1284 1509 retrocedere
1305 1479 1414 1518 coa-

123 1541 182 1589 ai
204 1540 422 1588 Germani
442 1576 456 1597 ,
478 1552 610 1603 atque
633 1539 867 1587 noscentes
883 1573 896 1595 ‚
913 1536 1133 1584 exercitus
1152 1535 1414 1599 pleramque

124 1623 296 1674 partem
325 1610 369 1657 in
388 1609 647 1674 Illyricum,
664 1621 714 1654 ut
747 1610 1019 1669 Imperatore
1046 1622 1157 1652 mox
1187 1604 1414 1665 affuturo,

124 1684 402 1748 praegreffam
421 1719 435 1742 ‚
458 1683 655 1730 exarsere
683 1680 971 1745 flagrantius:
1004 1679 1269 1743 majoraque
1300 1696 1415 1727 con-

123 1769 353 1820 ceptantes
369 1792 383 1815 ,
414 1773 634 1820 pagorum
657 1754 863 1802 omnium
883 1753 1046 1800 incolis
1075 1754 1123 1799 in
1150 1770 1288 1800 unum
1311 1753 1414 1800 col·-

123 1824 247 1878 leistis
269 1867 286 1889 ,
317 1847 418 1878 cum
449 1828 743 1894 quadraginta
767 1840 1042 1874 armatorum
1082 1827 1305 1884 millibus,
1334 1827 1413 1890 'vel

123 1905 426 1969 septuaginta,
446 1916 497 1951 ut
516 1903 697 1966 quidam
718 1903 865 1949 laudes
890 1901 1156 1949 extollendo
1191 1902 1411 1965 Principis

123 1979 379 2042 jactitarunt
400 2013 414 2037 ‚
444 1976 601 2023 sublati
632 1976 678 2023 in
713 1975 961 2036 superbiam
993 1975 1142 2022 nostra
1173 1974 1410 2022 confiden-

123 2052 211 2100 tius
240 2051 513 2114 irruperunt.
545 2049 723 2110 Quibus
752 2048 995 2095 Gratianus
1025 2065 1128 2095 cum
1164 2047 1411 2095 formidine

123 2141 284 2188 magna
313 2122 583 2185 compertis,
600 2122 826 2170 revocatis
844 2121 1134 2178 cohortibuS‚
1155 2138 1263 2185 quas
1289 2139 1408 2184 prae-

123 2194 299 2241 miserat
317 2194 364 2240 in
393 2194 674 2252 Pannonias,
694 2192 1053 2257 convocatisque
1072 2192 1169 2239 aliis
1184 2228 1199 2249 ‚
1221 2210 1330 2256 quas,
1361 2193 1410 2239 in

125 2266 284 2313 Galliis
303 2266 544 2314 retinuerat
569 2265 802 2328 dispositio
825 2267 1047 2327 prudens,
1067 2265 1308 2312 Nannieno
1333 2282 1412 2312 ne-

124 2338 459 2402 gotium'dedit
501 2339 681 2388 virtutis
718 2337 874 2384 sobriae
906 2338 1008 2384 duci
1038 2357 1048 2384 z
1083 2339 1214 2402 eique
1248 2338 1410 2392 Mallo·

122 2409 312 2459 baudem
346 2409 496 2474 junxit
524 2411 619 2475 pari
650 2409 867 2474 potestate
903 2411 1159 2476 collegam,
1197 2410 1412 2460 domesti-³
1460 2404 1463 2406 v
