1626 2917
154 238 244 287 230
364 220 700 268 AMMIANI
751 221 1229 268 MARCELLINI

152 328 402 392 petitusque
426 326 693 374 ballistarum
724 326 882 374 ictibus
915 328 1045 375 certis
1067 331 1116 376 &
1139 328 1390 392 sagittarum
1409 363 1425 388 ‚

152 399 362 446 densitate
395 411 579 462 opertus
625 416 851 447 armorum
879 401 925 447 in
967 403 1154 449 modum
1198 402 1426 449 testudinis

152 482 499 527 contextorum,
516 469 714 518 absceffit
737 470 969 520 innoxius.
996 476 1062 520 Ira
1082 484 1230 521 tamen
1246 488 1339 521 tum
1364 473 1426 520 se-

153 543 398 605 questrata,
428 543 796 592 caduceatoribus
827 545 960 592 miffis
988 563 1043 593 ex
1070 565 1196 595 more
1214 584 1228 606 ,
1255 547 1427 594 clausos

154 615 361 662 blandius
399 617 690 674 hortabatur,
721 631 771 664 ut
809 618 915 666 vitae
957 618 1135 684 speique
1181 619 1430 668 consulturi

156 689 375 741 obsidium
399 691 629 738 deditione
653 692 884 739 solverent
905 708 1164 757 opportuna
1181 731 1193 752 ,
1211 693 1432 742 reseratis-

155 781 244 827 que
264 766 408 827 portis
434 766 609 828 egreffi,
634 766 853 828 supplices
878 769 1042 816 vitrori
1070 769 1265 832 gentium
1298 768 1433 815 semet

157 836 386 884 offerrent.
421 839 603 898 Quibus
639 840 760 885 adire
801 841 990 904 propius
1034 843 1144 889 aufis
1180 840 1433 888 defensores

158 910 381 955 moenium
406 911 510 957 ideo
536 924 833 975 pepercerunt
853 948 868 969 ‚
891 915 1015 975 quod
1048 915 1327 961 cohaerenter
1356 912 1435 959 fibi

156 981 335 1045 junctos
364 984 582 1031 duxerant
610 985 777 1033 hisdem
811 998 947 1033 notos
982 987 1435 1051 ingenuos‚Singarae

157 1067 329 1117 captos.
363 1072 519 1102 eorum
542 1057 658 1103 enim
680 1057 963 1106 miseratione
983 1060 1121 1106 telum
1152 1077 1286 1106 nemo
1319 1075 1435 1106 con-

158 1127 311 1182 torsit,
332 1144 413 1174 nec
434 1126 561 1190 super
578 1145 686 1190 pace
707 1129 947 1192 respondit.
969 1130 1147 1177 Deinde
1171 1129 1280 1176 datis
1301 1129 1437 1175 indu-

162 1202 242 1248 ciis
270 1203 357 1249 diei
378 1202 520 1249 totius
546 1204 596 1249 &
617 1203 759 1250 noflis
778 1239 790 1260 ‚
813 1215 912 1249 ante
927 1203 1105 1250 alterius
1123 1204 1235 1250 lucis
1257 1203 1438 1249 initium

159 1274 384 1321 Persarum
425 1274 620 1337 populus'
658 1277 805 1322 omnis
848 1276 1030 1323 adortus
1066 1277 1197 1323 avide
1230 1276 1437 1332 vallum,

91 1403 93 1405 ι
161 1346 410 1410 acriterque
441 1348 615 1395 minans
647 1365 696 1395 ac
730 1347 947 1407 fremens,
976 1349 1051 1395 ubi
1077 1349 1131 1395 ad
1149 1349 1240 1412 ipsa
1269 1348 1439 1395 moenia

164 1417 447 1465 confidenter
476 1419 649 1467 acceffit
667 1456 681 1477 ‚
699 1419 936 1467 dimicabat
957 1420 1006 1468 vi
1032 1437 1188 1484 magna
1205 1419 1441 1466 resistenti-

161 1489 246 1537 bus
267 1491 516 1554 oppidanis.
536 1494 688 1552 Quare
706 1492 1018 1540 sauciabantur
1036 1493 1236 1556 plerique
1255 1492 1443 1538 Partho-

163 1581 261 1610 rum
283 1600 296 1621 ,
323 1566 447 1626 quod
477 1582 577 1628 pars
612 1565 744 1612 scalas
774 1568 1021 1626 vehentes,
1050 1566 1125 1613 alii
1154 1577 1442 1629 opponentes

166 1635 387 1682 vimineas
421 1648 588 1692 crates,
611 1637 751 1683 veluti
780 1638 886 1685 caeci
922 1639 1164 1701 pergebant
1195 1636 1443 1695 introrsus,

168 1725 251 1754 nec
267 1707 425 1755 nostris
445 1708 647 1755 innocui.
666 1709 931 1772 Sagittarum
945 1709 1063 1756 enim
1085 1709 1225 1755 nimbi
1242 1708 1442 1757 crebrius

166 1781 409 1828 volitantes
427 1818 440 1840 ,
469 1781 630 1828 stantes
662 1781 909 1830 confertius
946 1781 1266 1845 perforabant:
1304 1783 1442 1843 parti-

167 1854 336 1917 busque
366 1855 465 1918 post
498 1855 603 1901 solis
631 1855 834 1902 occasum
867 1873 993 1920 aequa
1015 1855 1178 1917 jactura
1213 1855 1405 1918 digreffis
1426 1891 1441 1913 ‚

169 1940 406 1989 appetente
425 1927 635 1990 postridie
654 1928 753 1975 luce
769 1927 996 1974 ardentius
1019 1928 1188 1984 multo,
1206 1943 1338 1989 quam
1363 1943 1441 1972 an-

169 2012 254 2056 tea,
273 2001 573 2062 pugnabatur,
595 1999 823 2047 hincinde
841 1998 1183 2046 concinentibus
1201 1999 1341 2044 tubis:
1358 2014 1441 2045 nec

108 2126 114 2134 ,
169 2074 369 2121 minores
389 2075 545 2137 strages
572 2074 812 2137 utrobique
844 2073 949 2120 visae
972 2072 1097 2130 sunt,
1118 2072 1335 2118 ambobus
1356 2072 1442 2118 ob-

171 2149 442 2196 stinatiffime
461 2149 723 2196 colluctans.
746 2151 913 2194 Verum
933 2147 1082 2195 secuto
1105 2147 1176 2194 die
1197 2147 1294 2193 otio
1316 2163 1443 2193 com-

172 2221 295 2267 muni
331 2220 497 2267 assensu
530 2220 629 2284 post
658 2236 872 2267 aerumnas
906 2219 1172 2282 multiplices
1193 2215 1444 2277 attribut05

173 2311 278 2342 cum
305 2310 487 2356 magnus
516 2306 661 2340 terror
694 2293 1029 2340 circumsisteret
1062 2308 1214 2338 muros
1234 2328 1248 2349 ,
1279 2290 1443 2337 Persae-

128 2409 133 2416 .
171 2384 261 2430 que
305 2367 427 2429 paria
473 2366 799 2413 formidarent:
829 2365 1083 2412 Christianae
1123 2365 1230 2428 legis
1267 2363 1444 2410 antistes

173 2439 298 2486 exire
340 2438 381 2484 se
420 2439 537 2485 velle
565 2438 755 2502 gestibus
785 2438 1041 2484 ostendebat
1068 2439 1117 2484 &
1144 2450 1287 2494 nutu3
1314 2452 1443 2483 acce-

171 2524 335 2577 ptaque
358 2510 468 2580 fide,
489 2512 616 2576 quod
645 2512 787 2559 redire
807 2511 1133 2575 permitteretur
1160 2509 1401 2558 incolumis
1422 2539 1440 2566 ,
