1626 2917
214 101 314 167 ηε
587 100 1137 150 EXCERPTA

214 207 314 271 ejus
334 206 546 261 incisum,
563 206 610 253 in
640 208 797 256 urbem
816 207 1036 271 perlatum
1065 206 1140 255 est.
1174 206 1248 254 De
1274 206 1398 269 cujus
1415 205 1510 254 ori:

212 281 320 344 gine
342 293 483 328 mater
501 278 594 342 ejus
608 316 623 339 ,
644 298 746 329 cum
770 281 1001 345 quaesitum
1021 280 1149 338 esset,
1164 281 1286 344 Syro
1304 280 1509 344 quodam

213 353 419 416 genitum
444 353 556 409 esse,
583 353 782 401 confeffa
807 353 1051 417 respondit.
1092 352 1332 416 Imperavit
1356 370 1510 399 ann...-

213 424 416 474 Licinius
449 426 602 491 itaque
644 443 703 473 ex
734 442 859 474 nova
890 425 1039 474 Dacia
1077 424 1258 473 vilioris
1290 424 1509 488 originis,

213 515 241 545 a
277 498 466 560 Galerio
496 498 637 546 sacius
668 498 916 562 imperator
939 533 953 557 ,
985 498 1113 546 velut
1145 497 1380 544 adversum
1413 499 1510 544 Ma·

213 570 422 617 xentium
458 582 747 633 pugnaturus.
777 570 864 617 Sed
885 569 1097 632 oppresso
1131 569 1367 616 Maxentio
1403 585 1509 615 cum

211 642 450 704 recepisset
478 643 646 689 ltaliam
679 642 1005 690 Constantinus
1023 678 1036 699 ,
1056 641 1148 689 hoc
1177 641 1400 690 Licinium
1422 639 1509 687 foe-

212 714 317 762 dere
338 714 418 761 fibi
449 714 556 761 fecit
573 713 780 778 adjungi,
807 725 856 760 ut
878 713 1076 762 Licinius
1095 713 1407 761 Constantiam
1434 713 1510 760 so-

212 804 367 835 rorem
387 787 675 835 Constantini
697 787 816 850 apud
837 786 1146 834 Mediolanum
1169 786 1358 835 duxiffet
1387 802 1510 833 uxo-

212 879 323 910 rem.
358 862 542 926 Nuptiis
569 863 798 910 celebratis
817 898 831 920 ‚
860 861 1029 908 Gallias
1061 862 1222 925 repetit
1247 858 1510 909 Constanti-

210 952 299 982 nus
319 972 332 995 ,
362 936 542 983 Licinio
575 936 630 982 ad
663 935 898 999 Illyricum
933 934 1134 981 reverso.
1167 934 1270 981 Post
1301 926 1506 997 aliquan·

210 1019 312 1056 tum
330 1008 492 1056 deinde
521 1008 739 1070 temporis
758 1008 1074 1055 Constantium
1097 1005 1424 1053 Constantinus
1453 1002 1512 1050 ad

211 1081 437 1131 Licinium
460 1081 603 1138 misit,
634 1081 929 1143 persuadens,
948 1092 996 1126 ut
1015 1080 1238 1126 Baffianus
1258 1078 1407 1126 Caesar
1430 1076 1510 1124 fie-

213 1165 313 1211 ret,
337 1154 414 1217 qui
433 1154 627 1201 habebat
652 1153 834 1200 alteram
854 1151 1141 1199 Constantini
1160 1150 1360 1199 fororem
1383 1152 1508 1197 Ana-

197 1226 414 1274 'stafiamz
439 1240 488 1273 ut
509 1226 720 1288 exemplo
755 1224 1038 1272 Diocletiani
1069 1227 1118 1272 &
1148 1224 1411 1270 Maximiani
1434 1224 1508 1270 in-

212 1313 283 1349 iet
320 1299 675 1347 Constantinum
720 1300 769 1347 &
807 1297 1030 1345 Licinium
1070 1297 1294 1344 Bassianus
1334 1297 1509 1343 Italiam

213 1373 390 1422 medius
421 1373 663 1420 obtineret.
697 1374 751 1418 Et
783 1371 964 1419 Licinio
996 1371 1097 1417 talia
1131 1369 1368 1416 frustrante
1389 1403 1406 1427 ,
1428 1385 1510 1431 per

213 1446 504 1494 Senicionem
524 1445 708 1492 Baffiani
728 1444 910 1491 fratrem
927 1479 940 1502 ,
961 1444 1037 1506 qui
1056 1443 1234 1490 Licinio
1257 1442 1371 1489 fidus
1389 1453 1510 1500 erat,

212 1521 266 1569 in
297 1520 646 1568 Constantinum
675 1519 900 1566 Baffianus
924 1531 1132 1565 armatur.
1154 1516 1248 1577 Qui
1278 1527 1426 1562 tamen
1457 1515 1508 1562 in

213 1606 390 1642 conatu
420 1592 716 1656 deprehensus
735 1628 749 1650 ‚
779 1590 1083 1639 Constantino
1125 1590 1307 1652 jubente
1335 1588 1507 1636 convi-

213 1669 311 1715 &us
338 1670 387 1716 ὅ(
415 1668 573 1714 stratus
601 1665 676 1715 est.
702 1667 818 1713 Cum
851 1663 1045 1712 Sinicius
1069 1663 1224 1710 auilor
1250 1661 1509 1709 insidiarum

214 1741 481 1806 posceretur
497 1740 552 1786 ad
571 1756 754 1802 poenam
773 1775 785 1796 ,
806 1752 992 1802 negante
1010 1737 1190 1785 Licinio
1205 1772 1217 1795 ‚
1239 1736 1370 1782 frasta
1388 1752 1509 1783 con-

215 1814 373 1863 cordia
400 1812 496 1860 est:
522 1812 682 1860 additis
713 1812 846 1858 etiam
873 1812 1038 1868 causis,
1067 1810 1192 1875 quod
1211 1809 1327 1870 apud
1346 1809 1506 1854 AEmo-

216 1905 322 1936 nam
341 1886 632 1935 Constantini
653 1885 868 1950 imagines
890 1884 1136 1948 statuasque
1153 1881 1387 1944 dejecerat.
1406 1881 1511 1928 Bel-

216 1961 314 2010 lum
345 1960 503 2007 deinde
527 1973 732 2024 apertum
758 1960 979 2008 convenit
1005 1958 1224 2006 ambobus
1244 1975 1255 2003 ε
1275 1956 1507 2020 utriusque

217 2036 275 2083 ad
311 2033 587 2080 Cibalensem
616 2050 822 2097 campum
855 2034 1007 2080 ductus
1050 2031 1286 2078 exercitus.
1323 2029 1503 2076 Licinio

218 2122 374 2157 xxxv
409 2109 472 2155 M.
503 2107 703 2170 peditum
745 2109 796 2155 &
829 2107 1030 2171 equitum
1065 2105 1204 2152 fuere.
1244 2103 1507 2150 Constanti-

217 2197 305 2228 nus
342 2193 415 2226 xx
453 2182 515 2227 M.
547 2179 749 2242 peditum
794 2180 998 2243 equitum
1040 2179 1181 2225 duxit.
1226 2176 1362 2223 Caesis
1404 2175 1508 2238 post>

219 2254 409 2301 dubium
438 2267 663 2300 certamen
693 2252 936 2300 Licinianis
963 2251 1127 2315 viginti
1162 2251 1363 2313 peditum
1397 2249 1503 2295 mil-

219 2326 337 2372 libus
371 2327 420 2373 &
450 2325 651 2389 equitum
682 2324 969 2373 ferratorum.
1015 2330 1122 2371 Item
1164 2323 1363 2370 Licinius
1398 2339 1504 2369 cum

218 2416 376 2465 magna
395 2412 519 2463 parte
545 2399 771 2463 equitatus
795 2398 940 2446 noffis
966 2397 1135 2446 auxilio
1164 2395 1425 2462 pervolavit
1448 2395 1510 2445 ad.
