1626 2917
351 192 572 241 RERUM
607 194 945 242 GESTARUM
979 195 1084 243 LIB.
1116 195 1223 243 XX.
1327 214 1412 260 223

143 301 488 349 adventantibus
519 302 564 349 in
601 303 862 350 suburbanis
893 303 1104 367 Princeps
1136 304 1336 351 occurrit
1364 322 1421 352 ex

142 392 295 431 more,
312 375 495 423 laudans
517 392 634 440 quos
663 377 963 441 agnoscebat,
985 367 1294 442 fastorumque
1326 379 1423 426 for-

141 450 251 496 tium
276 450 475 515 singulos
495 467 711 508 monens,
729 452 952 499 animabat
970 452 1144 500 lenibus
1169 452 1319 500 verbis
1334 488 1348 511 ,
1371 467 1421 500 ut

140 523 196 570 ad
226 517 471 588 Augustum
506 525 638 572 alacri
665 527 802 589 gradu
837 538 1099 590 pergerent,
1119 527 1196 574 ubi
1227 529 1421 591 potestas

141 595 202 642 est
220 597 365 659 ample
384 610 538 660 patens
556 601 605 646 δέ
627 598 743 661 larga
758 634 771 655 ,
791 599 971 661 praemia
993 600 1197 647 laborum
1217 601 1422 664 adepturi

141 668 403 732 digniffima.
428 673 579 734 thue
610 671 878 717 honoratius
911 673 1072 734 procul
1102 673 1302 720 abituros
1329 687 1422 721 tra-

141 740 297 800 &aret,
318 743 374 789 ad
391 743 664 791 convivium
685 745 948 807 proceribus
973 748 1222 810 corrogatis
1237 784 1250 805 ,
1269 764 1422 809 petere

138 811 261 874 jure,
280 814 311 860 fi
330 816 441 879 quid
463 817 508 863 in
529 831 709 879 promtu
737 819 865 875 effet,
885 819 1038 867 edixit.
1070 820 1163 881 Qui
1182 820 1422 868 liberaliter

139 883 199 930 ita
219 883 435 948 suscepti,
465 887 626 933 dolore
656 888 822 950 duplici
852 887 1040 951 suspensi
1062 889 1343 938 discess'erunt
1370 893 1422 941 &

141 958 311 1018 moesti,
326 961 450 1024 quod
472 977 555 1008 eos
569 961 748 1008 fortuna
767 962 971 1025 quaedam
991 962 1234 1010 inclemens
1253 966 1301 1012 &
1321 981 1420 1012 mo-

130 1034 296 1081 derato
317 1036 489 1082 restore
508 1037 556 1082 &
577 1035 703 1083 terris
725 1036 989 1099 genitalibus
1015 1036 1268 1099 dispararet.
1289 1038 1420 1085 Hoc-

138 1123 225 1169 que
259 1124 428 1171 angore
452 1107 682 1170 impliciti,
702 1109 754 1155 'in
789 1108 947 1158 stativa
980 1107 1108 1154 solita
1137 1108 1419 1158 recesserunt.

140 1180 287 1226 Noae
321 1196 435 1226 vero
467 1191 729 1242 coeptante,
755 1181 803 1227 in
838 1193 1043 1244 apertum
1079 1198 1268 1245 erupere
1301 1183 1419 1229 diffi-

138 1252 293 1301 dium:
327 1254 606 1319 incitatisque
639 1253 830 1314 animis,
859 1267 911 1302 ut
942 1270 1165 1319 quemque
1199 1254 1421 1318 insperata

137 1342 208 1374 res
227 1327 460 1374 afflictabat
474 1364 488 1386 ‚
507 1328 562 1374 ad
580 1327 668 1374 tela
692 1339 1029 1376 convertuntur
1051 1329 1100 1375 &
1121 1344 1305 1375 manus:
1329 1327 1420 1376 fre·

136 1398 341 1462 mituque
362 1399 533 1463 ingenti
565 1415 723 1446 omnes
752 1399 955 1463 petivere
981 1399 1194 1462 palatium
1210 1436 1224 1458 ‚
1246 1402 1296 1448 ὅ(
1320 1400 1420 1463 spa-

137 1470 211 1517 tiis
231 1470 325 1533 ejus
345 1471 546 1529 ambitis,
565 1488 621 1519 ne
646 1472 701 1518 ad
728 1471 950 1518 evadendi
977 1471 1155 1533 copiam
1185 1472 1420 1535 quisquam

138 1543 397 1604 perveniret
411 1579 426 1602 ,
448 1543 697 1608 Augustum
715 1543 936 1590 Julianum
952 1542 1191 1591 horrendis
1211 1543 1420 1591 clamori-

138 1622 220 1668 bus
259 1620 617 1683 concrepabant,
650 1635 751 1666 eum
788 1619 843 1666 ad
874 1617 915 1666 se
949 1618 1133 1681 prodire
1166 1618 1421 1668 destinatius

137 1694 364 1758 adigentes
382 1711 394 1741 ε
413 1693 753 1757 exspectareque
771 1692 932 1751 coafii,
954 1692 1060 1739 dum
1086 1691 1166 1738 lux
1186 1692 1419 1755 promica-

139 1779 234 1832 ret·,
253 1767 429 1813 tandem
451 1766 663 1829 progredi
685 1765 1016 1826 compulerunt.
1050 1766 1160 1825 Quo
1187 1764 1313 1824 viso,
1334 1766 1419 1813 ite-

137 1852 231 1888 rata
253 1839 559 1904 magnitudine
583 1838 716 1885 sonus
733 1838 979 1901 Augustum
1000 1838 1284 1901 appellavere
1303 1856 1419 1886 con-

138 1913 339 1961 senfione
366 1912 619 1960 firmiffima.
645 1915 700 1960 Et
723 1912 798 1958 ille
821 1923 970 1959 mente
994 1911 1178 1958 fundata
1199 1911 1418 1960 universis

138 1986 358 2035 resistebat
383 1989 434 2036 &
465 1985 674 2051 singulis,
694 2002 814 2033 nunc
846 1985 1067 2049 indignari
1100 1986 1235 2032 semet
1265 1986 1417 2033 osten-

137 2061 246 2108 dens
260 2097 274 2119 ,
293 2078 413 2109 nunc
431 2077 587 2108 manus
605 2061 792 2107 tendens
806 2095 820 2118 ,
840 2059 1061 2123 oransque
1088 2061 1135 2107 δε
1153 2059 1390 2107 obsecrans
1403 2095 1418 2118 ‚

137 2151 195 2180 ne
216 2135 314 2197 post
347 2135 506 2181 multas
535 2132 884 2196 felicissimasque
914 2131 1122 2181 vietorias
1154 2146 1310 2196 agatur
1338 2132 1416 2179 ali-

139 2208 248 2271 quid
280 2208 575 2265 indecorum3
607 2225 725 2256 neve
761 2207 1072 2271 intempestiva
1109 2209 1334 2256 temeritas
1368 2211 1418 2256 &

138 2279 366 2343 prolapsio
389 2281 705 2329 discordiarum
734 2281 936 2327 materias
956 2280 1184 2328 excitaret.
1217 2283 1417 2344 Haecq'ue

142 2351 402 2414 adjiciebat,
432 2355 608 2401 tandem
634 2353 805 2400 sedatos
834 2353 994 2399 leniter
1017 2353 1266 2400 allocutus:
1297 2352 1420 2416 Ceffet

141 2428 228 2480 ira,
248 2429 392 2487 quast),
403 2430 618 2490 paulisper
633 2446 648 2475 .·
667 2429 813 2489 absque
834 2424 1072 2492 diffinsz'one
1087 2462 1099 2484 ,
1113 2431 1179 2473 vel
1192 2445 1319 2473 rerum
1339 2445 1417 2486 ap-

136 2503 270 2560 petitu
306 2519 505 2549 novarum
537 2504 819 2563 impetrabitur
838 2502 972 2560 facile
990 2535 1004 2559 ,
1033 2503 1146 2562 quod
1170 2501 1422 2565 postulatis:
