1626 2917
287 145 504 205 RERUM
539 155 880 204 GESTARUM
913 154 1019 202 Lm.
1053 152 1232 202 ΧΧΙΧ.
1319 153 1402 200 181

128 261 344 325 omnique
386 262 564 310 laniena
602 261 891 320 excruciato,
927 271 977 307 ut
1014 260 1151 307 'verba
1184 258 1407 322 placentia

127 334 350 398 principi,
381 335 458 382 vel
489 335 640 399 potius
678 334 923 382 arceflitori
951 333 1244 396 loqueretur:
1281 347 1406 394 quo,

127 423 232 454 cum
251 407 401 470 poenis
428 424 523 455 non
544 407 797 456 sufficerent
827 407 1050 462 membra,
1070 404 1188 451 vivo
1216 402 1374 450 exusto
1391 439 1406 461 ,

125 477 217 542 ipse
239 495 429 544 quoque
457 480 651 545 Alypius
681 480 781 543 post
808 479 1142 527 mulfflationem
1172 477 1406 523 bonorum

125 552 324 599 exsulare
352 565 627 616 praeceptus,
646 552 789 600 filium
820 551 1125 599 miserabiliter
1152 549 1331 596 dustum
1353 547 1409 594 ad

89 675 95 682 ,
125 637 344 684 mortem,
361 627 464 674 casu
478 628 677 690 quodam
693 626 910 690 prospero
929 637 1193 673 revocatum
1212 622 1408 684 excepit.

190 699 241 745 11.
263 699 345 745 Per
372 698 418 744 id
441 715 577 746 omne
602 712 778 762 tempus
797 697 1017 746 Palladius
1044 697 1147 756 ille,
1169 695 1406 760 coagulum

125 771 332 819 omnium
351 790 673 831 aerumnarum,
691 789 823 836 quem
844 784 1020 835 captum
1040 788 1062 817 a
1080 768 1408 817 Fortunatiano

125 844 364 892 docuimus
397 845 589 907 primum
606 882 619 904 ‚
649 845 739 909 ipsa
762 845 891 892 sortis
919 842 1152 889 infimitate
1177 841 1233 888 ad
1253 838 1408 886 omnia

126 933 326 981 praeceps
343 955 354 977 ‚
375 919 520 966 clades
541 920 645 966 alias
671 920 799 982 super
819 918 924 965 alias
953 914 1250 970 cumulando,
1273 911 1408 958 lacri-

125 989 209 1037 mis
231 991 432 1039 universa
464 992 719 1055 perfuderat
748 989 968 1037 lukiuosis.
996 988 1162 1035 NaAEius
1189 985 1307 1032 enim
1329 1000 1411 1030 co-

125 1063 244 1125 piam
275 1064 540 1111 nominandi
575 1065 666 1110 fine
698 1064 983 1110 fortunarum
1018 1058 1250 1114 distantia,
1287 1071 1405 1118 quos

125 1135 365 1193 voluisset,
392 1149 440 1183 ut
467 1136 632 1184 artibus
652 1135 896 1183 interdiffis
926 1133 1124 1180 imbutos
1146 1129 1238 1176 :ita
1265 1141 1314 1175 ut
1342 1127 1408 1174 fe-

124 1223 270 1254 rarum
301 1210 480 1256 occulta
511 1209 698 1273 vestigia
726 1209 882 1256 docius
914 1205 1152 1253 observare
1179 1216 1407 1257 venator,

125 1281 292 1328 multos
325 1282 440 1328 intra
470 1281 603 1329 caffes
634 1282 844 1345 lugubres
875 1278 1158 1333 includebat,
1188 1274 1407 1338 quosdam

125 1352 458 1401 veneficiorum
485 1353 648 1401 notitia
675 1354 876 1417 pollutos
892 1388 905 1411 ,
930 1351 1043 1398 alios
1066 1361 1115 1395 ut
1140 1347 1406 1411 appetitori-

125 1428 207 1474 bus
228 1428 544 1476 imminuendae
564 1428 769 1477 conscios
788 1425 1032 1488 majestatis.
1049 1425 1105 1469 Et
1124 1438 1181 1469 ne
1198 1420 1274 1468 vel
1295 1436 1407 1467 con-

125 1499 301 1563 jugibus
323 1500 588 1548 maritorum
613 1512 794 1548 vacaret
821 1499 1012 1546 miserias
1037 1496 1175 1553 flere,
1196 1494 1408 1541 immitte-

126 1571 289 1618 bantur
305 1571 562 1632 confestim,
584 1572 663 1636 qui
682 1572 857 1637 signatis
881 1570 1090 1618 domibus
1110 1568 1226 1614 inter
1245 1565 1406 1614 scruti-

127 1643 200 1690 nia
218 1643 498 1707 supelleffilis
515 1681 528 1704 ,
549 1645 698 1707 poenis
726 1644 885 1706 addpiffl
900 1679 912 1701 ,
931 1643 1261 1690 incantamenta
1279 1654 1406 1701 quae-

127 1714 226 1772 dam
255 1715 416 1774 anilia,
441 1717 516 1764 vel
547 1716 788 1763 ludibriosa
818 1715 1051 1762 subderent
1077 1710 1320 1768 amatoria,
1350 1708 1406 1755 ad

126 1786 371 1835 insontium
397 1789 641 1852 perniciem
669 1789 940 1837 concinnata
961 1805 972 1833 :
990 1785 1150 1849 quibus
1169 1784 1214 1830 in
1232 1781 1406 1845 judicio

125 1861 344 1921 recitatis,
370 1863 448 1910 ubi
485 1880 579 1911 non
615 1864 716 1921 lex,
748 1880 844 1910 non
876 1861 1059 1925 religio,
1090 1876 1185 1906 non
1220 1857 1405 1920 aequitas

126 1933 363 1981 veritatem
398 1952 423 1982 a
453 1935 696 1984 mendaciis
729 1935 987 1992 dirimebat,
1020 1931 1234 1980 indefensi
1271 1929 1404 1976 bonis

125 2006 305 2066 ablatis,
338 2008 469 2056 nullo
501 2010 694 2057 contaffi
721 2009 885 2057 demo
901 2045 916 2067 ,
937 2006 1190 2072 promiscue
1215 2002 1406 2065 juvenes

126 2079 289 2144 aliique
315 2081 526 2130 membris
557 2083 766 2130 omnibus
795 2081 913 2146 capti
929 2119 944 2139 ,
967 2081 1021 2127 ad
1047 2077 1262 2142 supplicia
1288 2076 1404 2123 sellis

125 2153 375 2217 gestatoriis
405 2155 691 2204 ducebantur.
724 2155 830 2202 Inde
863 2154 1024 2202 fastum
1051 2152 1111 2200 est
1135 2167 1214 2214 per
1239 2148 1402 2196 Orien-

125 2225 235 2272 tales
259 2227 544 2288 provincias,
578 2241 629 2275 ut
662 2244 820 2274 omnes
852 2240 974 2274 metu
1003 2224 1209 2272 fimilium
1241 2238 1402 2268 exure-

125 2312 227 2346 rent
245 2299 421 2348 libraria
440 2300 620 2348 omnia:
644 2314 792 2348 tantus
817 2299 1054 2348 universos
1073 2296 1292 2346 invaserat
1313 2310 1402 2342 ter-

125 2387 218 2419 ror.
246 2373 452 2438 Namque
472 2387 520 2421 ut
547 2375 729 2437 preflius
756 2375 943 2438 loquar,
967 2389 1124 2420 omnes
1148 2389 1199 2420 ea
1227 2384 1403 2431 tempe-

125 2443 232 2492 state
252 2445 378 2494 velut
397 2445 444 2494 in
462 2446 719 2496 Cimmeriis
742 2447 934 2496 tenebris
962 2447 1263 2511 reptabamus,
1283 2440 1403 2505 paria

1068 2522 1083 2565 ἲ
1128 2538 1145 2581 3
