1626 2917
219 189 280 251 76
419 188 1298 235 AMMIANIMARCELLINI

216 297 316 342 duae
359 295 679 355 jurisdifliones
718 295 869 341 iisdem
905 312 1056 341 rexere
1101 294 1389 357 temporibus.
1432 294 1490 339 At

218 386 335 414 nunc
370 380 659 413 numerantur
689 367 940 429 provinciae
963 385 1039 430 per
1074 383 1255 413 omnem
1277 366 1490 413 ambitum

216 442 462 486 Galliarum
486 458 496 485 ε
534 439 720 486 secunda
743 442 1011 497 Germania,
1038 441 1177 502 prima
1205 441 1260 486 al)
1276 441 1493 487 occiden-

214 514 290 558 tali
315 514 551 558 exordiens
581 513 760 559 cardine
782 550 794 571 ,
833 515 1077 578 Agrippina
1100 517 1147 561 &
1169 515 1363 577 Tungris
1391 531 1489 559 mu-

216 586 303 631 nita
336 621 349 641 ‚
396 585 655 633 civitatibus
693 587 848 648 amplis
874 591 921 634 &
959 588 1167 649 copiosis.
1203 587 1321 633 Dein
1352 585 1491 646 prima

211 656 451 702 Germania
473 693 485 711 ‚
519 657 592 702 ubi
618 672 779 718 praeter
799 659 883 704 alia
906 659 1147 721 municipia
1170 657 1491 721 Mogontiacus

213 727 273 772 est
302 763 315 784 ,
359 730 407 774 &
447 729 706 791 ‘Vangiones
743 731 793 776 &
827 731 1055 785 Nemetae,
1091 732 1140 777 &
1168 733 1492 793 Argentoratus

211 801 448 848 barbaricis
482 803 679 849 cladibus
713 816 833 849 nota.
870 803 971 850 Post
1020 805 1094 851 has
1132 806 1303 869 Belgica
1350 805 1492 866 prima

212 874 581 922 Mediomatricos
613 876 870 937 praetendit,
902 877 1188 924 &Treviros
1212 876 1493 922 domicilium

211 946 466 1009 principum
508 949 691 995 clarum.
728 950 844 995 Huic
880 967 1050 996 annexa
1088 950 1279 997 secunda
1307 949 1366 994 est
1392 949 1494 994 Bel-

212 1018 338 1081 gica,
378 1038 463 1083 qua
504 1022 709 1068 Ambiani
745 1022 843 1067 sunt
870 1058 883 1078 ,
921 1023 1024 1068 urbs
1069 1023 1184 1068 inter
1234 1022 1338 1068 alias
1383 1022 1496 1069 emi-

212 1109 322 1139 nens
345 1129 358 1149 ,
392 1096 438 1140 &
475 1095 708 1140 Catelauni
741 1097 789 1142 ὃ(
820 1096 959 1140 Remi.
995 1096 1125 1157 Apud
1153 1097 1384 1158 Sequanos
1418 1094 1493 1140 Bi-

213 1165 386 1213 sontios
432 1168 635 1214 videmus
674 1205 686 1225 ,
736 1169 785 1216 &
825 1169 1052 1214 Rauracos
1087 1203 1100 1225 ‚
1145 1167 1240 1213 aliis
1289 1166 1493 1228 potiores

212 1241 394 1300 oppidis
433 1241 596 1286 multis.
640 1240 974 1303 Lugdunensem
1026 1240 1212 1302 primam
1246 1239 1494 1301 Lugdunus

214 1325 375 1367 ornat,
405 1315 453 1359 &
485 1312 779 1371 Cabillonrfs‚
815 1315 864 1359 &
893 1314 1092 1358 Senones
1114 1347 1127 1368 ,
1161 1313 1207 1358 δέ
1247 1310 1453 1373 Biturigae
1476 1345 1492 1365 ,

214 1385 262 1430 ὅ(
297 1386 516 1430 moenium
555 1386 865 1448 Augustuduni
897 1384 1159 1446 magnitudo
1197 1383 1382 1429 vetusta.
1416 1383 1494 1428 Se-

213 1460 403 1504 cundam
438 1458 555 1504 enim
590 1458 927 1521 Lugdunensem
961 1456 1239 1519 Rothomagi
1262 1494 1274 1512 ,
1312 1459 1361 1504 δέ
1399 1457 1495 1501 Tu-

211 1529 299 1575 rini
320 1566 331 1586 ,
370 1531 676 1576 Mediolanum
707 1530 978 1587 ostendunt,
1017 1531 1066 1577 &
1101 1529 1338 1575 Tricaffini
1365 1547 1374 1573 :
1413 1528 1495 1573 Al-

212 1619 289 1664 pes
325 1601 473 1662 Graiae
507 1604 554 1650 8<
580 1603 782 1648 Poeninae
811 1639 824 1659 ‚
862 1602 1061 1664 exceptis
1096 1600 1495 1648 obscurioribus...

214 1675 378 1720 habent
413 1678 463 1722 ὃ(
497 1675 772 1722 Aventicum
808 1711 821 1732 ‚
865 1673 1077 1720 desertam
1113 1672 1292 1736 quidem
1329 1671 1494 1719 civita-

213 1760 302 1794 tem
325 1785 337 1804 ,
375 1748 448 1794 sed
470 1765 564 1794 non
599 1748 843 1812 ignobilem
873 1747 1098 1810 quondam
1116 1782 1128 1803 ,
1154 1761 1202 1791 ut
1223 1743 1407 1791 aedificia
1431 1745 1496 1791 se-

215 1822 375 1867 miruta
404 1840 524 1869 nunc
553 1840 736 1886 quoque
770 1821 1086 1868 demonstrant.
1123 1822 1216 1866 Hae
1244 1819 1495 1881 provinciae

215 1895 437 1957 urbesque
470 1896 568 1943 sunt
604 1896 841 1959 splendidae
863 1894 1123 1941 Galliarum.
1146 1895 1192 1938 In
1229 1892 1496 1954 Aquitania,

213 1984 314 2029 quae
339 1969 563 2015 Pirenaeos
591 1983 767 2016 montes
791 1972 838 2015 &
862 1986 957 2014 eam
980 1978 1146 2029 partem
1179 1965 1340 2028 spectat
1360 1982 1494 2011 ocea-

215 2037 288 2096 ni,
320 2056 418 2102 quae
450 2041 641 2101 pertinet
667 2041 720 2086 ad
752 2041 999 2103 Hispanos,
1019 2037 1161 2100 prima
1183 2037 1417 2098 provincia
1434 2036 1495 2082 est

216 2113 502 2175 Aquitanica,
528 2114 821 2176 amplitudine
852 2112 1084 2159 civitatum
1119 2111 1359 2157 admodum
1395 2109 1494 2157 cul-

216 2195 290 2227 ta:
313 2184 489 2230 ¹omiffis
520 2185 615 2230 aliis
646 2185 796 2230 multis
814 2220 826 2240 ‚
863 2182 1098 2245 Burdegala
1131 2183 1177 2228 &
1202 2180 1392 2227 Arverni
1414 2197 1495 2226 ex-

217 2255 385 2301 cellunt
403 2292 415 2311 ,
449 2259 497 2303 &
521 2259 737 2304 Santones
755 2293 767 2313 ‚
792 2259 841 2304 &
871 2256 1053 2303 Pictavi.
1088 2257 1270 2300 Novem
1297 2253 1496 2315 populos

216 2327 348 2375 Ausci
379 2331 693 2376 commendant
716 2367 728 2386 ‚
748 2332 795 2377 &
817 2331 1066 2376 Vasatae.1n
1089 2327 1368 2374 Narbonensi
1389 2326 1495 2372 Elu-

218 2406 258 2451 sa
289 2407 335 2452 &
373 2405 582 2450 Narbona
601 2441 613 2459 ‚
636 2406 683 2450 &
702 2402 872 2450 Tolosa
898 2400 1194 2464 principatum
1224 2399 1400 2444 urbium
1427 2410 1495 2442 te·-

219 2491 337 2525 nent.
372 2476 631 2525 Viennensis
660 2475 896 2523 civitatum
918 2472 1106 2521 exsultat
1136 2473 1298 2520 decore
1333 2469 1498 2518 multa-1
