1626 2917
164 192 230 249 '92‘
377 185 710 232 AMMIANI
756 186 1234 235 MARCELLINI

166 291 409 353 aliquando
432 307 637 336 arcanum
655 325 668 346 ,
696 290 775 336 nisi
802 292 979 337 tuenda:
999 292 1121 338 causa
1147 293 1301 339 alience
1333 290 1443 338 salu-'

164 363 221 409 tis
235 399 247 419 ‚
265 381 344 410 nec
363 363 558 409 exarsisse
580 363 791 425 cupidine
810 364 908 426 plus
926 364 1114 410 habendi
1136 365 1443 422 arcesseretur,

163 452 214 483 ut
237 438 384 484 ceteri.
415 438 545 484 Unde
575 436 733 484 factum
755 438 838 495 est,
869 452 918 485 ut
943 439 1126 486 subinde
1156 441 1347 486 Romam
1382 439 1446 486 se·

165 514 349 567 cedens,
371 513 521 575 ibique
553 511 647 559 fixo
670 514 902 562 domicilio
932 514 1270 572 consenescens,
1300 515 1445 561 comi·

164 595 254 630 tem
289 584 605 632 circumferens
634 587 953 634 conscientiam
988 588 1184 645 bonam,
1214 588 1387 634 colatur
1420 604 1446 634 a

163 659 333 706 cunetis
354 660 610 718 ordinibus,
634 664 682 709 ὅ(
701 676 899 717 ametur;
922 679 1022 708 cum
1044 661 1210 708 soleant
1237 663 1279 707 id
1307 678 1448 725 genus

163 733 394 791 homines,
417 734 516 796 post
537 748 681 797 partas
703 752 759 781 ex
779 735 1011 798 iniquitate
1031 736 1206 782 divitias
1222 772 1234 792 ,
1256 736 1447 782 latebras

162 820 339 869 captare
374 807 583 865 secretas,
611 822 657 855 ut
688 808 896 873 lucifugae
926 809 1118 857 vitantes
1147 808 1447 854 multitudinis

161 880 274 927 laesae
289 881 565 944 conspectus.
585 883 674 929 Cui
696 883 943 944 spadonum
962 898 1166 929 veterum
1183 883 1304 929 hunc
1324 898 1449 927 com·

164 970 319 1016 parare
338 955 546 1014 debeam,
561 957 871 1020 antiquitatem
892 956 1154 1019 replicando
1174 954 1450 1017 compluries

164 1027 371 1074 invenire
404 1046 498 1075 non
533 1030 678 1093 potui.
713 1034 906 1076 Fuerunt
937 1031 1057 1077 enim
1089 1032 1205 1093 apud
1237 1043 1411 1077 veteres
1431 1064 1448 1087 ‚

162 1099 269 1146 licet
289 1101 462 1164 oppido
487 1104 638 1164 pauci,
659 1103 809 1149 fideles
829 1105 878 1150 &
905 1103 1051 1167 frugi,
1070 1103 1143 1149 sed
1161 1104 1222 1150 ob
1244 1102 1449 1166 quaedam

163 1171 272 1216 vitia
305 1173 555 1221 maculosi:
590 1173 704 1220 inter
737 1173 960 1235 praecipua
982 1173 1127 1229 enim,
1162 1190 1262 1235 quae
1289 1188 1450 1218 eorum

162 1244 348 1306 quisque
378 1245 524 1292 studio
552 1246 801 1308 possederat
831 1246 906 1293 vel
935 1245 1151 1309 ingenio,
1177 1258 1252 1291 aut
1279 1262 1448 1308 rapax,

163 1332 238 1364 aut
267 1319 440 1366 feritate
471 1321 734 1367 contentior
762 1321 869 1377 suit,
892 1336 967 1366 aut
994 1320 1260 1381 propensior
1284 1321 1339 1366 ad
1372 1321 1449 1366 lae-

161 1392 356 1439 dendum
373 1428 386 1449 ,
411 1393 487 1439 vel
513 1393 799 1455 diligentibus
820 1391 1008 1438 nimium
1030 1392 1238 1448 blandus,
1259 1405 1333 1437 aut
1359 1409 1449 1454 po-

160 1466 313 1512 tentiae
343 1465 452 1512 fastu
485 1466 717 1529 superbior
745 1482 757 1510 :
787 1483 843 1512 ex
876 1465 1004 1511 omni
1037 1466 1169 1511 latere
1203 1480 1346 1512 autem
1387 1466 1449 1512 ita

162 1540 377 1602 peritum,
401 1557 546 1604 neque
570 1539 715 1603 legiffe
735 1556 830 1596 me,
854 1555 998 1600 neque
1019 1539 1181 1584 audisse
1201 1537 1448 1597 confiteor,

161 1613 302 1658 aetatis
323 1613 482 1659 nostrae
505 1613 768 1660 testimonio
789 1611 1005 1673 locupleti
1030 1610 1236 1658 confisus.
1277 1613 1448 1658 Verum

161 1683 194 1728 s1
230 1683 348 1730 forte
387 1684 672 1747 scrupulosus
714 1686 893 1750 quidam
934 1685 1073 1730 lector
1104 1684 1450 1747 antiquitatum,

164 1757 480 1818 Menophilum
518 1759 787 1805 Mithridatis
826 1757 1005 1805 Pontici
1040 1757 1152 1818 regis
1188 1759 1480 1803 eunuchum'

164 1827 296 1872 nobis
317 1840 549 1889 opponat,
572 1829 660 1876 hoc
682 1830 860 1875 monitu
882 1829 1166 1884 recordetur,
1184 1828 1297 1874 nihil
1321 1829 1449 1889 super

164 1915 222 1944 eo
244 1900 454 1955 relatum,
476 1916 636 1963 praeter
660 1903 702 1948 id
729 1903 895 1959 solum,
919 1902 1041 1964 quod
1063 1900 1107 1946 in
1131 1901 1336 1962 supremo
1359 1901 1447 1946 dis-

165 1973 350 2018 crimine
369 1974 562 2035 gloriose
586 1975 868 2021 monstravit.
889 1974 1061 2037 Ingenti
1081 1974 1248 2035 proelio
1269 1973 1447 2036 supera-

165 2054 236 2089 tus
257 2062 279 2089 a
308 2046 520 2092 Romanis
542 2048 591 2094 &
624 2047 842 2110 Pompejo
863 2064 942 2094 rex
966 2047 1197 2109 praedictus
1214 2083 1227 2103 ,
1253 2046 1447 2109 fugiens-

166 2133 254 2178 que
286 2119 340 2163 ad
367 2135 501 2182 regna
529 2121 839 2176 Colchorum,
870 2121 1062 2168 adultam
1092 2118 1225 2165 filiam
1261 2120 1446 2166 nomine

166 2190 475 2251 Drypetinam
507 2205 713 2239 vexatam
743 2193 972 2255 asperitate
1006 2192 1272 2238 morborum
1304 2192 1349 2238 in
1376 2209 1447 2237 ca-

166 2263 293 2309 stello
328 2266 561 2328 Synhorio
594 2268 700 2314 huic
734 2266 1004 2329 Menophilo
1040 2265 1313 2312 commiss'am
1340 2266 1446 2311 reli-

166 2337 264 2398 quit
286 2354 295 2380 ε
317 2337 394 2399 qui
414 2338 634 2400 virginem
654 2340 780 2385 omni
810 2339 1107 2385 remediorum
1129 2338 1286 2384 solatio
1316 2339 1446 2400 plene

168 2422 363 2455 curatam
384 2411 495 2472 patri
517 2411 724 2458 tutiffime
745 2412 950 2467 servans,
974 2428 1075 2457 cum
1096 2429 1118 2456 a
1149 2411 1320 2457 Manlio
1354 2411 1445 2456 Pri-

168 2480 245 2530 sco
262 2485 546 2548 Imperatoris
565 2485 711 2549 legato
731 2487 1076 2545 munimentum,
1094 2502 1187 2550 quo
1209 2486 1444 2533 claudeba-
