1626 2917
164 189 221 237 32
355 168 1248 217 AMM1AN1MARCELL1N1

160 277 320 325 eodem
360 276 496 340 gradu
533 272 798 324 constantiae
834 273 977 334 stetit,
1011 275 1301 323 latrocinium
1332 274 1444 323 illud

161 355 246 402 effe
261 391 274 412 ‚
293 369 386 400 non
408 350 619 412 judicium
633 385 646 405 ‚
667 348 874 397 clamans.
902 352 1108 412 Cumque
1139 350 1410 413 pertinacius
1427 384 1444 407 ,

160 441 210 475 ut
240 428 385 490 legum
413 440 569 489 gnarus
590 459 603 481 ,
632 422 937 470 accusatorem
963 421 1180 488 flagitaret
1213 406 1345 487 atque
1371 423 1446 470 so-

161 500 327 546 lemnia
343 533 357 556 ,
379 498 536 543 doetus
563 494 610 542 id
635 495 804 553 Caesar,
825 495 1167 560 libertatemque
1196 496 1446 559 superbiam

162 587 312 628 ratus,
341 580 554 629 tanquam
589 566 939 613 obtrectatorem
969 570 1181 616 audacem
1208 567 1449 617 excarnifi-

164 642 254 690 cari
287 638 513 704 praecepit.
551 637 630 702 qui
661 637 720 684 ita
757 637 1061 696 evisceratus,
1092 655 1142 686 ut
1174 641 1449 688 cruciatibus

163 716 362 763 membra
394 711 616 769 deeffent,
647 710 894 774 implorans
926 712 1049 759 coelo
1078 711 1315 774 justitiam,
1347 727 1450 760 tor-

163 806 278 837 vum
295 785 514 845 ‚renidens
549 784 739 832 fundato
777 787 956 848 pe&oi·e
984 786 1141 832 mansit
1169 786 1416 835 immobilis
1434 824 1453 845 ‚

166 879 251 909 nec
286 860 336 908 se'
359 857 587 915 incusare,
618 875 701 905 nec
735 875 1007 922 quemquam
1039 859 1176 906 alium
1206 860 1453 923 paffusz&

165 935 343 982 tandem
365 949 448 980 nec
471 930 717 990 confeffus,
738 947 821 977 nec
846 930 1131 989 confutatus,
1156 949 1258 979 cum
1279 931 1451 993 abjecto

167 1007 380 1056 consorte
404 1005 575 1069 poenali
599 1004 660 1051 est
684 1017 830 1051 morte
855 1004 1106 1052 mulCtatus.
1139 1008 1192 1052 Et
1209 1005 1454 1053 ducebatur

167 1080 443 1143 intrepidus,
462 1090 720 1140 temporum
744 1077 969 1140 iniquitati
991 1077 1228 1136 insultans,
1257 1078 1456 1125 imitatus

170 1155 403 1200 Zenonem
426 1150 552 1198 illum
576 1163 774 1197 veterem
794 1149 998 1197 Stoicum
1012 1186 1025 1207 ‚
1047 1149 1153 1212 qui,
1172 1163 1222 1196 ut
1239 1151 1456 1197 mentire—

170 1242 245 1275 tur
263 1225 467 1291 quaedam
483 1261 497 1284 ‚
516 1224 731 1272 laceratus
751 1223 929 1281 diutius,
952 1223 1149 1270 avulsam
1173 1223 1345 1272 sedibus
1371 1224 1456 1271 lin·

172 1319 300 1366 guam
332 1300 453 1347 suam
484 1316 587 1346 cum
625 1312 814 1346 cruento
852 1299 1094 1362 sputamine
1120 1300 1167 1346 in
1192 1300 1353 1346 oculos
1385 1299 1457 1347 in·
1516 1323 1521 1329 ·

172 1373 439 1438 terrogantis
476 1373 643 1437 Cyprii
673 1372 788 1436 regis
821 1372 1021 1436 impegit.
1054 1374 1157 1421 Post
1190 1375 1288 1421 haec
1325 1373 1458 1421 indu-

173 1461 375 1495 mentum
409 1446 557 1509 regale
589 1445 902 1508 quaerebatur:
937 1447 986 1493 &
1016 1445 1225 1494 ministris
1253 1445 1461 1494 fucandae

174 1535 383 1583 purpurae
402 1518 565 1573 tortis,
592 1517 891 1582 confeffisque
921 1518 1188 1580 pe&oralem
1203 1518 1458 1567 'tuniculam

174 1593 265 1639 fine
282 1590 467 1639 manicis
486 1603 676 1649 textam,
688 1591 835 1637 Miras
856 1591 1036 1653 quidam
1054 1590 1240 1638 nomine
1254 1591 1462 1638 inductus

177 1667 239 1714 est
269 1665 350 1728 (ut
370 1663 596 1727 appellant
629 1661 904 1726 Christiani)
926 1663 1173 1710 diaconus:
1203 1662 1331 1724 cujus
1351 1680 1462 1725 pro·

178 1740 278 1786 latae
299 1738 437 1784 literae
455 1736 628 1799 scriptae
643 1737 810 1782 Graeco
829 1734 1032 1782 sermone
1053 1735 1108 1782 ad
1123 1736 1258 1800 Tyrii
1275 1735 1462 1783 textrini

178 1810 497 1875 praepositum‚
529 1807 713 1856 celerari
742 1808 933 1871 speciem
964 1809 1294 1872 perurgebant:
1325 1826 1460 1872 quam

181 1897 328 1931 autem
358 1882 746 1935 non.indicabant
766 1900 776 1929 :
800 1881 991 1946 denique
1024 1881 1156 1928 etiam
1187 1881 1305 1928 idem
1334 1881 1463 1927 adus-

180 1976 267 2024 que
291 1959 526 2007 discrimen
545 1958 654 2005 vitae
681 1969 900 2014 vexatus,
917 1955 1031 2002 nihil
1051 1953 1179 2001 fateri
1205 1954 1465 2017 compulsus

184 2033 258 2079 est.
287 2031 549 2093 Quaestione
567 2030 702 2095 igitur
723 2046 802 2093 per
824 2027 1090 2091 multiplices
1116 2026 1295 2073 dilatata
1313 2026 1463 2073 fortu-

185 2122 291 2163 nas,
321 2122 420 2152 cum
449 2104 778 2167 ambigerentur
806 2101 1005 2165 quaedam
1024 2135 1036 2158 ‚
1069 2099 1289 2145 nonnulla
1318 2098 1466 2146 levius

184 2178 355 2226 aflitata
389 2178 610 2225 constaret
628 2213 641 2233 ,
665 2175 764 2239 post
796 2175 1041 2222 multorum
1061 2173 1206 2220 clades
1227 2172 1464 2235 Apollina-

185 2269 255 2299 res
285 2252 420 2298 ambo
454 2268 578 2314 pater
604 2252 654 2298 &
685 2249 805 2296 filius
837 2250 884 2294 in
915 2246 1116 2293 exsilium
1147 2245 1257 2302 affl,
1280 2262 1383 2292 cum
1410 2245 1466 2292 ad

186 2325 339 2371 locum
376 2325 581 2371 Crateras
606 2323 791 2369 nomine
818 2318 1144 2384 pervenissent,
1171 2317 1326 2366 villam
1347 2317 1467 2364 scili-

189 2408 259 2444 cet
292 2396 436 2453 suam,
468 2413 568 2458 quae
606 2395 661 2441 ab
694 2393 938 2441 Antiochia
969 2390 1183 2440 vicesimo
1220 2391 1270 2437 &
1303 2401 1466 2453 quarto

189 2466 454 2532 disjungitur
472 2466 642 2531 lapide,
661 2483 709 2516 ut
726 2467 985 2515 mandatum
1001 2465 1082 2525 est,
1100 2463 1247 2512 frastis
1263 2462 1466 2512 cruribus
