1626 2917
203 143 291 190 134
391 129 743 175 AMMIAN!
781 129 1280 177 MARCELMNI

198 251 276 280 mo
305 235 354 282 &
380 250 436 279 eo
464 233 626 278 diutius
653 232 750 295 post
772 233 1017 295 Nepotiani
1045 235 1257 296 exitium,
1285 236 1475 286 saeviens

195 324 276 369 per
305 309 458 352 urbem
485 318 693 353 aeternam
715 307 871 354 urebat
895 309 1050 354 cuneta
1071 310 1251 357 Bellona
1273 347 1285 367 ‚
1308 328 1360 357 ex
1384 313 1476 373 pri-

195 378 383 425 mordiis
414 378 611 425 minimis
635 379 689 425 ad
716 379 862 426 clades
891 381 1035 427 excita
1068 381 1285 429 luctuosas
1315 401 1326 430 :
1366 400 1480 446 quas

196 450 465 496 obliterasset
493 451 662 497 utinam
697 450 797 514 juge
835 451 1090 498 silentium!
1123 470 1176 499 ne
1199 453 1316 500 forte
1355 455 1478 516 paria

194 522 470 583 quandoque
509 535 738 568 tententur
762 557 775 578 ,
809 522 907 583 plus
946 522 1162 583 exemplis
1198 525 1481 585 generalibus

195 594 433 651 nocitura,
454 610 584 656 quam
616 595 793 642 deliciis
826 598 891 642 Ac
913 595 1017 642 licet
1047 596 1104 641 ab
1130 609 1254 642 textu
1287 610 1481 644 cruento

195 666 420 730 gestorum
453 667 674 729 exquifite
707 669 930 715 narrando
950 704 961 725 ‚
985 667 1122 728 justus
1147 685 1215 714 me
1236 671 1479 717 retraheret

195 753 342 786 metus
372 741 511 787 multa
542 754 823 803 reputantem
847 744 894 790 ὅ(
917 742 1067 798 varia3
1083 753 1227 788 tamen
1252 743 1480 804 praesentis

195 812 412 872 temporis
434 814 644 859 modestia
672 813 810 860 fretus
832 850 846 872 ,
869 814 1079 876 carptim,
1104 827 1155 860 ut
1177 832 1364 878 quaeque
1388 833 1480 863 me-

195 885 342 931 moria
364 886 492 948 (ligna
520 886 646 944 sunt,
667 888 915 950 explanabo
936 907 948 935 ε
971 906 1054 935 nee
1083 889 1272 952 pigebit,
1299 890 1407 953 quid
1424 906 1481 939 ex:

194 959 291 1017 his,
319 979 420 1021 quae
444 963 560 1022 apud
594 976 765 1010 veteres
797 961 1042 1009 acciderint
1062 998 1076 1018 ‚
1107 962 1331 1008 timuerim
1349 998 1363 1021 ‚
1393 963 1483 1009 do-

194 1049 295 1078 cere
319 1032 552 1080 saccinum
588 1035 715 1081 Bello
745 1034 926 1081 Medico
955 1035 1104 1096 primo
1139 1052 1240 1081 cum
1275 1035 1484 1098 diripuis-

194 1102 290 1150 sent
308 1107 453 1151 Atiam
482 1106 641 1163 Persae,
663 1106 914 1152 obsidentes
928 1107 1145 1152 Miletum
1173 1108 1370 1154 molibus
1389 1125 1482 1156 ma.-

195 1178 295 1242 gnis
314 1214 327 1236 ‚
350 1179 655 1242 minantei‘qtie
682 1180 992 1226 defensoribus
1018 1181 1279 1228 cruciabiles
1315 1197 1444 1226 neces
1466 1217 1483 1239 ‚

195 1250 392 1311 injecere
424 1253 576 1299 claulis
612 1253 908 1298 neceffitatern
928 1288 940 1309 ,
962 1265 1010 1297 ut
1033 1269 1191 1298 omnes
1211 1252 1484 1314 magnitudi-

196 1341 255 1370 ne
282 1325 505 1371 malorum
539 1324 686 1370 afflicti
705 1360 718 1380 ‚
740 1324 950 1386 peremtis
977 1324 1231 1370 caritatibus
1258 1323 1486 1386 propriis9

194 1397 494 1462 projectoque
514 1398 561 1444 in
581 1398 728 1461 ignem
748 1397 905 1444 mobili
933 1397 1096 1454 censu,
1120 1397 1295 1445 arsuros
1325 1399 1364 1445 se
1386 1416 1485 1446 cer-

194 1471 320 1518 tatim
352 1485 649 1537 congererent
676 1473 721 1518 in
754 1488 1044 1519 communem
1074 1472 1298 1533 pereuntis
1330 1472 1486 1534 patriae-

195 1560 372 1606 rogum.
394 1545 498 1591 Hoc
517 1560 826 1607 argumentum
850 1545 985 1606 paulo
1007 1543 1154 1606 postea
1177 1544 1391 1608 digestum
1414 1557 1488 1591 tu-

196 1632 325 1662 more
361 1615 536 1678 tragico
566 1615 851 1679 Phrynichus
892 1616 938 1660 in
981 1616 1197 1663 theatrum
1248 1616 1485 1664 induxerat

196 1689 502 1737 Athenarum:
544 1689 851 1752 paulisperque
899 1689 1092 1750 jucunde
1134 1691 1314 1737 auditus
1338 1726 1351 1748 ,
1379 1708 1487 1738 cum

197 1762 509 1808 cothurnatius
538 1763 657 1810 stilus
684 1763 947 1826 procederet
968 1763 1229 1812 lacrimosus
1249 1799 1262 1821 ,
1285 1764 1488 1826 indigna-

196 1835 324 1882 tione
358 1835 590 1883 damnatus
626 1835 686 1883 est
722 1836 904 1898 populi,
936 1837 1161 1894 arbitrati,
1188 1853 1282 1882 non
1317 1835 1485 1883 conso-

196 1906 316 1953 landi
337 1907 474 1969 gratia
491 1944 503 1965 ,
526 1908 598 1954 sed
617 1909 833 1970 probrose
852 1911 1068 1957 monendi
1087 1945 1101 1968 ‚
1130 1927 1227 1973 quae
1245 1909 1487 1972 pertulerat·

198 1980 397 2027 amabilis
426 1981 586 2028 civitas
607 2019 620 2039 ‚
651 1982 782 2029 nullis
816 1984 1050 2030 auctorum
1077 1982 1361 2030 adminiculis
1394 1981 1485 2028 ful-

199 2064 244 2098 ta
260 2087 273 2109 ,
302 2053 384 2099 hos
405 2070 587 2116 quoque
611 2055 792 2102 dolores
820 2055 1003 2104 scenicis
1025 2055 1327 2103 annumeraffe
1356 2054 1486 2100 fabu-

199 2125 253 2171 lis
278 2125 533 2173 insolenter.
553 2129 656 2173 Erat
681 2128 801 2174 enim
830 2129 1165 2176 Atheniensium
1189 2127 1371 2174 colonia
1395 2127 1486 2174 Mi-

199 2198 343 2255 letus,
366 2200 548 2246 deduela
581 2200 695 2246 inter
724 2202 858 2248 Jonas
890 2202 1001 2248 alios
1033 2218 1110 2264 per
1136 2201 1322 2248 Nileum
1345 2199 1487 2247 filium

198 2271 342 2318 Codri
364 2307 376 2327 ‚
401 2272 475 2333 qui
511 2271 650 2318 fertur
679 2289 762 2335 pro
800 2275 946 2336 patria
970 2274 1091 2320 bello
1118 2273 1157 2319 se
1186 2274 1370 2320 Dorico
1402 2272 1482 2318 de-

203 2341 396 2389 vovisse.
420 2344 504 2389 Sed
522 2345 575 2390 ad
598 2345 825 2408 proposita
850 2346 1096 2392 veniamus.
1118 2343 1389 2390 Maximinus
1411 2361 1484 2390 re-

200 2434 310 2484 gens
332 2418 562 2482 quondam
585 2421 745 2467 Romae
774 2419 983 2468 vicariam
1004 2418 1305 2482 praese-&uram
1323 2454 1338 2475 ,
1361 2417 1479 2480 aput}
