1626 2917
143 180 204 225 26
340 180 1233 229 AMMIANI‘MARCELLINI

141 298 320 334 artuum
356 289 404 336 ὅ(
437 288 744 334 membrorum
783 288 956 337 divulsa
988 298 1207 354 compage
1227 325 1241 348 ,
1264 289 1422 354 super-⁴

140 360 403 407 scandentes
430 376 625 422 corpora
658 373 946 408 mortuorum
970 398 984 420 ,
1001 363 1055 409 ad
1072 363 1273 410 ultimam
1290 376 1424 410 trun-

141 448 238 481 cata
262 434 591 481 deformitatem
611 469 627 490 ,
660 434 787 482 velut
823 435 1064 483 exsaturati
1101 453 1210 484 mox
1246 436 1425 497 abjece-

139 519 249 551 runt
272 505 319 551 in
337 505 520 551 flumen.
539 506 800 553 Incenderat
823 519 969 554 autem
991 509 1177 556 audaces
1198 508 1335 571 usque
1369 508 1425 555 ad

138 579 352 627 insaniam
372 580 577 627 homines
605 581 661 627 ad
691 581 815 638 haec,
842 599 942 644 quae
970 582 1148 630 nefariis
1174 599 1304 645 egere
1340 598 1425 630 co-

138 651 347 709 natibus,
381 652 547 699 Luscus
579 653 760 716 quidam
794 667 977 702 curator
1008 655 1133 703 urbis
1162 655 1310 702 subito
1347 655 1425 701 vi-

133 723 206 769 sus
226 758 240 781 ‚
269 738 348 769 eos
377 736 427 770 ut
451 723 622 785 ejulans
648 724 908 785 bajulorum
933 738 1189 788 praecentor
1207 760 1222 783 ,
1253 726 1310 772 ad
1340 741 1425 772 ex-

134 793 406 857 pediendum
424 831 439 851 ‚
463 797 588 858 quod
615 798 703 844 orsi
730 796 856 855 sunt,
876 798 1068 846 incitans
1097 799 1293 847 vocibus
1321 815 1423 846 cre-

135 867 228 914 bris
252 885 263 914 :
293 867 370 930 qui
391 868 508 914 haud
541 868 677 932 longe
696 869 850 931 postea
870 869 974 917 ideo
995 870 1133 919 vivus
1151 870 1329 918 exustus
1347 870 1425 920 est.

133 941 192 986 Et
223 940 329 1003 quia
366 941 572 993 Montius
602 943 719 988 inter
752 941 1063 990 dilaniantium
1100 960 1258 991 manus
1293 942 1425 1005 spiri-

134 1025 233 1060 tum
255 1014 483 1060 efflaturus
497 1049 511 1072 ,
546 1015 823 1079 Epigonium
844 1017 894 1062 &
918 1016 1156 1064 Eusebium
1176 1052 1189 1074 ,
1215 1033 1298 1064 nec
1319 1032 1425 1079 pro-

133 1085 394 1144 feffionem‚
413 1104 497 1135 nec
517 1089 778 1152 dignitatem
800 1089 1036 1136 ostendens
1050 1126 1064 1148 ‚
1087 1089 1328 1152 aliquoties
1348 1089 1423 1135 in-

134 1163 343 1226 crepabat
364 1183 375 1210 :
394 1164 471 1228 qui
488 1164 571 1211 smt
589 1164 634 1211 hi
648 1201 662 1224 ‚
690 1182 850 1229 magna
869 1165 1150 1229 quaerebatur
1170 1163 1385 1210 industria
1404 1199 1422 1221 ‚

134 1235 186 1283 &
205 1252 261 1282 ne
276 1236 384 1297 quid
403 1236 720 1300 intepesceret,
737 1237 987 1300 Epigonius
1009 1254 1032 1284 e
1058 1236 1198 1302 Lycia
1216 1234 1420 1299 philoso-

132 1309 250 1372 phus
286 1309 496 1370 ducitur,
532 1312 582 1358 δε
609 1310 820 1357 Eusebius
842 1310 898 1356 ab
929 1310 1087 1358 Emissa
1120 1309 1311 1356 Pittacas
1333 1325 1419 1356 co-

132 1396 416 1446 gnomento,
452 1385 706 1432 concitatus
736 1396 924 1432 orator:
953 1401 1055 1431 cum
1087 1383 1281 1446 quaestor
1321 1399 1419 1429 non

134 1458 223 1505 hos
244 1494 257 1515 ,
285 1457 358 1504 sed
373 1458 579 1506 tribunos
601 1458 870 1506 fabricarum
888 1456 1173 1505 infimulaffet
1190 1492 1204 1516 ‚
1225 1457 1421 1520 promit·

134 1539 278 1575 tentes
303 1546 559 1588 armorum,
589 1530 621 1592 fi
645 1547 791 1583 novas
811 1547 882 1578 res
908 1529 1067 1593 agitari
1087 1528 1419 1592 comperissent.

136 1601 291 1648 iisdem
323 1602 477 1650 diebus
499 1603 777 1666 Apollinaris
802 1602 1060 1650 Domitiani
1082 1618 1219 1666 gener
1236 1637 1250 1660 ‚
1282 1601 1420 1665 paulo

135 1688 237 1722 ante
272 1691 407 1738 agens
440 1674 588 1737 palatii
621 1675 806 1724 Caesaris
840 1691 992 1723 curam
1013 1710 1026 1732 ,
1058 1675 1114 1721 ad
1152 1674 1419 1736 Mesopota-

133 1748 265 1794 miam
293 1747 440 1795 miffus
471 1765 494 1794 a
515 1748 702 1809 socero,
732 1768 811 1813 per
844 1749 1057 1797 militares
1081 1764 1292 1795 numeros
1329 1748 1418 1794 im-

135 1820 316 1869 modice
338 1821 616 1870 scrutabatur
633 1860 646 1880 ,
667 1841 722 1870 an
755 1823 957 1887 quaedam
983 1821 1144 1869 altiora
1163 1820 1417 1868 meditantis

136 1895 223 1954 iam
249 1896 368 1943 Galli
394 1896 554 1944 secreta
581 1896 852 1959 susceperint
873 1895 1047 1958 scripta.
1080 1894 1182 1958 qui,
1204 1911 1416 1957 comper-

136 1969 191 2014 tis
216 1969 469 2016 Antiochiae
504 1970 663 2033 gestis,
703 1988 782 2033 per
817 1971 1037 2017 minorem
1064 1968 1315 2014 Armeniam
1348 1968 1414 2014 la-

134 2039 260 2103 psuS,
282 2041 733 2106 Constantinopolim
756 2043 910 2105 petiit,
928 2039 1178 2103 exindeque
1202 2055 1280 2100 per
1303 2055 1415 2100 pro-

135 2115 325 2160 testores
360 2116 572 2163 retrafhis
595 2152 606 2173 ‚
640 2116 870 2162 arcliffime
896 2114 1143 2161 tenebatur.
1165 2114 1285 2172 Quae
1304 2114 1412 2159 <lum

135 2187 194 2232 ita
215 2186 465 2245 struuntur,
484 2188 726 2236 indicatum
745 2189 806 2235 est
832 2188 951 2251 apud
968 2189 1149 2251 Tyrum
1173 2186 1413 2232 indumen-

134 2273 227 2307 tum
249 2261 396 2323 regale
416 2273 584 2307 textum
608 2261 788 2308 occulte
808 2297 823 2319 ‚
843 2261 1066 2308 incertum
1089 2274 1184 2322 quo
1205 2258 1413 2316 locante,

134 2333 210 2380 vel
239 2332 366 2394 cujus
399 2333 547 2381 ufibus
583 2347 858 2397 apparatum.
894 2335 1090 2396 Ideoque
1120 2334 1266 2380 reEtor
1299 2349 1412 2395 pro-

135 2404 300 2452 vinciae
328 2417 437 2452 tunc
468 2418 591 2467 pater
613 2406 915 2468 Apollinaris,
947 2404 1141 2468 ejusdem
1179 2403 1377 2451 nominis
1397 2439 1412 2458 ,

133 2489 183 2524 ut
211 2477 416 2527 conscius
445 2478 598 2528 ductus
630 2478 722 2527 est:
752 2479 915 2544 aliique
946 2477 1206 2543 congregati
1235 2474 1334 2524 sunt
1354 2492 1411 2523 ex
