1626 2917
301 90 522 141 RERUM
555 90 893 140 GESTARUM
929 94 1029 140 LIB.
1065 91 1238 140 XXVI.
1304 137 1310 138 ff
1342 108 1403 157 77

186 197 248 247 V.
278 200 382 246 Asta
412 199 548 262 igitur
576 198 861 261 tranquillius
897 198 1042 244 hieme
1064 233 1078 254 ,
1104 195 1406 244 concordifli-

123 274 188 322 mi
218 273 445 335 Principes
465 308 478 327 ‚
499 289 618 318 unus
647 271 985 333 nuncupatione
1019 269 1225 333 praelatus
1244 306 1257 326 ‚
1295 272 1403 317 alter·

126 346 311 393 honore.
333 345 477 408 specie
503 360 633 392 tenus
665 343 895 406 adjunftus
912 382 925 401 ‚
952 343 1167 406 percurfis
1197 342 1405 390 Thraciis

125 419 305 465 Naesum
337 419 645 465 advenerunt:
672 418 749 464 ubi
780 417 827 463 in
861 417 1115 468 suburbano
1136 452 1149 472 ‚
1178 416 1303 479 quod
1325 432 1405 477 ap-

126 491 340 554 pellatum
368 491 574 537 Mediana
602 509 625 537 a
660 490 841 538 civitate
871 490 1006 536 tertio
1041 489 1183 551 lapide
1217 488 1407 551 dispara-

125 576 225 620 tur,
248 565 369 627 quafi
400 581 510 611 mox
542 563 798 626 separandi,
818 563 968 625 partiti
991 562 1090 609 sunt
1125 563 1327 610 comites.
1350 564 1407 609 Et

54 690 61 697 ,
126 635 445 683 Valentiniano
473 637 653 700 quidem
671 671 684 694 ‚
703 635 828 698 cujus
848 635 1034 684 arbitrio
1056 653 1124 683 res
1145 637 1407 700 gerebatur,

125 710 317 757 Iovinus
348 711 501 758 evenit
526 746 539 769 ‚
581 712 749 758 dudum
782 724 1020 772 promotus
1054 728 1078 757 a
1119 711 1296 758 Iuliano
1330 727 1408 772 per

127 782 296 829 Gallias
326 783 529 846 magister
559 800 788 829 armorum
808 818 822 840 ‚
850 784 899 829 &
928 782 1226 846 Dagalaiphus
1247 817 1256 835 ‚
1276 799 1410 845 quem

126 855 300 902 militiae
332 857 550 903 re&orem
581 867 855 917 provexerat
887 856 1135 904 Iovianus:
1166 856 1212 902 in
1242 856 1410 902 Orien-

127 940 218 975 tem
237 946 351 976 vero
381 928 603 976 secuturus
626 929 861 974 Valentem
887 929 1118 975 ordinatus
1137 929 1197 976 est
1217 929 1374 975 Vi&or
1393 964 1409 986 2

127 999 219 1063 ipse
244 1017 426 1063 quoque
457 1000 630 1062 judicio
663 999 883 1061 Principis
907 1001 1114 1047 antediffi
1137 1002 1409 1064 prove&118‚

127 1073 203 1120 cui
230 1073 403 1136 junilus
432 1073 494 1120 est
523 1073 793 1120 Arintbaeus,
822 1074 1065 1137 Lupicinus
1085 1075 1205 1121 enim
1238 1075 1412 1138 pridem

127 1164 153 1194 a
179 1146 376 1194 Joviano
407 1146 503 1209 pari
521 1146 666 1192 modo
696 1159 933 1205 promotus
953 1148 1157 1212 magister
1180 1148 1376 1211 equitum
1394 1183 1412 1205 ‚

128 1231 277 1282 partes
302 1219 510 1267 tuebatur
533 1220 659 1265 ans.
681 1219 814 1265 Tunc
841 1221 889 1267 &
913 1221 1116 1282 Equitius
1145 1221 1422 1285 Illyriciano

129 1292 414 1355 praeponitur
432 1291 666 1348 exercitui,
685 1292 889 1337 nondum
907 1293 1126 1356 magister,
1142 1294 1214 1340 sed
1233 1311 1383 1341 comes
1397 1313 1421 1342 ε.

126 1366 180 1412 ·&
197 1365 459 1411 Serenianus
481 1364 592 1410 olim
622 1364 895 1411 sacramento
923 1366 1134 1429 digressus
1156 1403 1169 1424 ‚
1187 1368 1406 1416 recinitus

133 1436 212 1493 est,
228 1447 276 1482 ut
288 1435 562 1493 Pannonius,
578 1435 859 1497 sociatusque
877 1436 1050 1482 Valenti
1064 1437 1413 1485 domesticorum

131 1507 311 1571 praefuit
347 1507 524 1555 scholae.
559 1507 740 1567 Quibus
785 1508 845 1554 ita
884 1508 1088 1571 digestis,
1118 1511 1168 1557 &
1203 1509 1413 1557 militares

131 1578 285 1642 partiti
316 1578 508 1625 numeriss
534 1580 590 1624 Et
618 1579 717 1641 post
739 1579 833 1625 haec
855 1597 957 1626 cum
980 1581 1112 1627 ambo
1147 1581 1299 1628 fratres
1320 1582 1414 1628 Sir-

134 1651 274 1699 mium
303 1652 586 1710 introissent,
606 1652 755 1699 diviso
783 1654 974 1715 palatio,
991 1670 1042 1701 ut
1064 1654 1234 1718 potiori
1256 1657 1415 1702 decue-

132 1725 576 1791 rat,·Valentinianus
599 1724 910 1772 Mediolanum
929 1762 944 1785 ‚
965 1726 1415 1790 Constantinopolim

133 1799 299 1846 Valens
329 1798 527 1846 disceffit.
560 1799 614 1844 Et
645 1797 881 1844 Orientem
910 1798 1089 1862 quidem
1116 1799 1298 1862 regebat
1325 1816 1415 1860 po-

131 1870 283 1918 testate
313 1871 507 1932 praefeffi
525 1872 783 1927 Sallustius3
812 1872 979 1919 Italiam
1004 1889 1116 1921 vero
1137 1889 1238 1919 cum
1263 1871 1414 1920 Africa

132 1945 184 1991 &
202 1944 388 2008 Illyrico
407 1946 700 1993 Mamertinus
716 1983 731 2002 ‚
750 1948 799 1994 &
823 1947 992 1994 Gallias
1012 1946 1270 2010 provincias
1300 1949 1416 1993 Ger-

133 2018 379 2065 manianus.
425 2021 618 2083 Agentes
657 2020 788 2083 igitur
834 2021 882 2066 in
927 2020 1183 2068 memoratis
1229 2021 1414 2068 urbibus

133 2091 360 2153 Principes
382 2128 396 2149 ,
424 2091 669 2139 sumserunt
700 2093 906 2156 primitus
935 2095 1102 2141 trabeas
1122 2094 1375 2141 consulares
1395 2111 1410 2141 z

131 2162 364 2225 omnisque
383 2165 456 2212 hic
484 2183 624 2213 annus
654 2165 894 2229 dispendiis
930 2167 1141 2229 gravibus
1171 2184 1264 2213 rem
1303 2168 1406 2213 Ro-

134 2251 311 2281 manam
341 2237 511 2285 afflixit.
544 2239 781 2286 Alamanni
811 2239 930 2285 enim
957 2253 1192 2302 perrupere
1224 2242 1410 2286 Germa-

136 2308 223 2354 niae
244 2308 429 2365 limites,
453 2312 531 2358 hac
552 2329 606 2358 ex
632 2312 756 2359 causa
776 2312 908 2358 solito
930 2312 1127 2361 infestius
1147 2315 1273 2360 moth
1292 2314 1410 2360 Cum

135 2379 289 2445 legatis
320 2397 476 2430 eorum
505 2383 636 2432 miffis
666 2385 721 2432 acl
748 2384 1010 2434 comitatum
1027 2400 1145 2436 certa
1169 2389 1217 2436 &
1234 2384 1412 2450 praesti-3
