1626 2917
273 171 488 207 xxxvm
555 157 664 205 ΝΟ
686 159 762 207 TI
778 159 910 206 TIA
960 159 1035 204 Ll
1055 160 1420 206 TERARIA

433 265 641 305 Boxhornii
658 272 766 304 notas
782 264 965 316 peculiari
980 265 1111 306 libello
1126 267 1319 318 castigavit
1334 267 1422 307 Nic.
1437 267 1554 318 Agar-

432 321 521 367 dus,
550 320 662 359 Sorae.
692 319 812 368 1640,
836 333 872 369 4.
896 321 1057 370 repetito
1082 321 1175 360 ibid.
1205 321 1316 374 1654.

276 374 375 427 1636
432 374 602 425 Parifiis,
636 388 671 422 4.
710 385 771 423 ap.
806 373 1119 414 Camufat.-ex
1148 375 1301 414 emend.
1332 372 1449 414 Henr.
1479 374 1551 411 Va-

433 428 524 478 testi,
540 439 628 466 cum
649 427 880 467 notis.—-De
901 429 1070 468 editione
1095 429 1167 469 hac
1180 428 1426 480 praestantiori
1451 438 1551 465 tran-

434 480 636 521 scribimus
660 480 737 520 huc
759 480 840 530 ipsa
859 482 993 522 Valesii
1010 482 1125 523 verba
1144 496 1191 522 ex
1208 483 1431 533 praefatione
1447 483 1551 530 ejus:

436 561 466 583 2,
481 535 616 574 Praeter
636 535 727 574 edd.
751 534 860 574 Rom.
883 535 986 575 Balil.
1010 537 1157 577 Bonon.
1182 537 1289 577 MSS.
1313 536 1426 575 etiam
1447 533 1556 573 codi-

436 599 500 626 ces
534 588 648 627 nobis
684 602 766 627 non
801 589 1020 629 defuerunt.
1061 590 1164 630 Inter
1188 603 1283 641 quos
1307 590 1444 629 merito
1470 586 1553 638 pal·
1617 587 1620 590 ⁴

436 655 542 680 mam
577 642 651 681 fert
683 643 808 681 codex
834 641 926 682 bibl.
959 643 1106 694 Regiae,
1135 658 1248 695 quem
1273 657 1294 683 a
1318 645 1359 683 V.
1386 642 1442 683 Cl.
1461 643 1554 683 Nic.
1616 655 1626 686 ‚j

436 694 628 746 Rigaltio,
655 697 737 745 ejus
761 695 1008 736 bibliothecae
1031 698 1234 748 praefecto,
1261 697 1558 738 commodatum

437 749 583 800 accepi.
627 751 705 790 Hic
729 750 855 789 codex
890 750 954 789 etfi
985 764 1065 790 non
1091 752 1258 791 multum
1280 753 1483 802 antiquus,
1508 761 1556 789 ex

440 804 592 854 optimo
614 812 744 843 tamen
766 804 978 855 exemplari
1007 807 1042 845 &
1062 805 1110 844 ab
1133 807 1282 845 erudito
1308 806 1467 845 homine
1493 804 1558 843 de·

437 857 622 907 scriptus,
651 859 691 897 in
725 857 897 909 plurimis
931 858 1027 898 locis
1061 860 1314 899 emendandis
1351 871 1560 910 permagno

439 910 535 950 mihi
555 912 635 952 usui
654 911 740 951 fuit.
770 913 871 952 Huic
897 912 1050 952 acceffit
1072 914 1199 952 codex
1226 913 1470 953 bibliothecae
1487 913 1561 951 Va-

438 965 602 1014 ticanae,
635 966 699 1016 qui
735 965 831 1005 olim
868 966 1083 1006 monasterii
1110 967 1306 1006 Fuldensis
1334 967 1434 1015 fuit,
1468 974 1560 1005 ante

436 1020 739 1070 quadringentos
769 1019 854 1070 plus
882 1016 1008 1060 minu's
1038 1034 1158 1060 annos
1191 1030 1378 1061 exaratus.
1427 1021 1482 1061 Ex
1509 1033 1557 1059 eo

438 1073 549 1113 locos
573 1073 755 1124 quosdam
786 1087 806 1113 a
829 1075 862 1123 J.
880 1075 961 1123 jac.
986 1074 1217 1115 Bouchardo
1241 1076 1390 1114 erudito
1415 1075 1495 1114 viro
1518 1084 1562 1113 ut
1607 1099 1612 1113 ·.

440 1128 626 1179 petieram
654 1127 841 1176 collatos,
863 1129 963 1168 misit
990 1129 1038 1168 ad
1060 1141 1122 1168 me
1146 1130 1230 1170 Nic.
1262 1129 1452 1169 Fabricius
1480 1129 1563 1168 Pei-

439 1182 582 1222 rescius
607 1183 652 1223 V.
681 1182 737 1222 Cl.
760 1182 824 1233 qui
852 1195 941 1222 cum
975 1182 1193 1233 reipublic-:e
1227 1182 1422 1222 literarum
1456 1182 1560 1221 bono
1622 1179 1626 1212 ’ἓ

441 1244 554 1275 natus
581 1236 654 1284 est,
676 1246 762 1275 tum
792 1236 831 1274 in
856 1237 990 1275 nostris
1019 1238 1199 1286 privatim
1225 1237 1354 1277 studiis
1381 1236 1560 1286 juvandis

443 1292 479 1330 ἃ
504 1291 779 1341 promovendis
804 1290 897 1330 nulli
921 1290 1043 1330 labori
1067 1293 1101 1330 S<
1123 1291 1304 1342 impensa:
1330 1303 1483 1341 parcere
1504 1289 1565 1329 so-

443 1343 509 1383 let.
550 1345 597 1385 Et
622 1357 853 1395 quamquam
878 1344 1044 1394 pagellas
1069 1344 1116 1384 ab
1139 1358 1186 1384 eo
1205 1345 1255 1384 ad
1277 1358 1339 1384 me
1359 1343 1483 1384 missas
1508 1343 1564 1383 se.

444 1398 521 1436 rius
552 1401 587 1438 Sc
617 1397 753 1438 effec'ta
781 1400 859 1444 jam
890 1399 1061 1437 editione
1087 1399 1211 1438 nostra
1239 1399 1369 1448 accepi
1394 1413 1402 1439 :
1437 1397 1565 1438 obser·

443 1452 531 1491 vavi
553 1462 702 1499 tamen,
726 1452 955 1491 Vaticanum
980 1452 1156 1491 codicem
1179 1451 1289 1492 illum
1314 1453 1394 1492 fere
1419 1452 1564 1502 ubique

446 1518 536 1544 cum
566 1507 687 1557 Regio
718 1506 943 1545 consentire.
984 1507 1166 1546 Praeterea
1189 1506 1330 1546 librum
1360 1508 1445 1546 Ant.
1471 1506 1565 1546 Loi-

445 1560 554 1608 felli,
575 1561 615 1599 in
645 1574 720 1610 quo
748 1561 803 1599 vir
829 1560 893 1599 ille
926 1559 1159 1600 doctiffimus
1181 1562 1304 1600 varias
1332 1560 1481 1611 aliquot
1502 1559 1566 1599 le·—

447 1615 593 1653 <stiones
620 1614 725 1654 Msti
757 1615 928 1662 codicis,
954 1615 1019 1665 qui
1048 1614 1140 1653 olim
1171 1613 1352 1654 Valentiae
1375 1615 1564 1654 cavarum

445 1668 541 1714 fuit,
556 1669 823 1716 adnotaverat,
844 1668 1009 1719 benigne
1033 1667 1127 1707 mihi
1148 1668 1449 1708 communicavit
1473 1668 1565 1708 Hie-

447 1735 531 1762 ron.
547 1723 758 1773 Bignonius
775 1724 818 1762 V.
836 1723 892 1762 Cl.
919 1725 956 1762 &
978 1723 1075 1762 inter
1098 1723 1288 1773 praecipua
1310 1723 1472 1763 Lutetiae
1493 1735 1561 1761 no-

446 1777 527 1815 strae
564 1786 788 1816 ornamenta
820 1777 1093 1816 numerandus.
1120 1776 1294 1826 Denique
1328 1776 1427 1816 Frid.
1472 1776 1562 1816 Lin-

450 1831 651 1881 denbrogii
669 1833 704 1870 ἃ
722 1831 870 1871 Gruteri
887 1831 1093 1875 editiones,
1115 1830 1232 1869 varias
1256 1843 1409 1882 quoque
1432 1830 1564 1870 lec‘tio·

449 1898 517 1924 nes
544 1898 593 1924 ex
617 1885 724 1925 MSS.
749 1884 1032 1935 exemplaribus
1060 1883 1278 1924 Florentino
1309 1888 1344 1925 δε
1365 1883 1565 1924 Fauchetii

451 1939 755 1988 suppeditarunt.
785 1940 856 1979 His
882 1940 996 1990 igitur
1025 1937 1176 1978 auxiliis
1204 1938 1565 1986 instruetuQsMar-

450 1992 580 2032 cellini
613 1991 782 2032 historias
816 1994 966 2032 mendis
992 1991 1281 2043 quamplurimis
1311 2000 1487 2044 purgatas
1521 1993 1564 2032 in

449 2047 647 2098 publicum
673 2047 789 2087 emisi.
815 2048 1092 2088 Adnotationes
1108 2059 1260 2097 quoque
1286 2047 1479 2086 uberiores
1496 2046 1565 2085 ad-

453 2102 560 2149 didi,
584 2101 721 2152 quibus
740 2114 829 2141 cum
852 2102 1165 2141 emendationum
1189 2113 1359 2141 mearum
1375 2102 1564 2140 rationem

1604 1510 1626 1789 „2„'.a⁴,-„.„ffl,-—
1612 1395 1626 1508 Q·
1615 1457 1619 1463 ’
1618 1299 1626 1392 ...μ
1620 1260 1622 1262 «
1623 1229 1626 1235 .

1604 1881 1622 1966 μὴν-’.-
1617 1856 1621 1871 ..
1620 1808 1623 1823 ss

450 2156 651 2196 redderem
665 2187 676 2204 ,
698 2166 780 2196 tum
801 2155 973 2195 difficiles
997 2154 1164 2206 quosque
1192 2154 1297 2194 locos
1316 2154 1563 2208 (cujusmodi

450 2211 489 2247 in
518 2209 594 2249 hoc
619 2209 798 2260 scriptore
821 2217 1027 2250 occurrunt
1055 2208 1235 2262 plurimi)
1264 2209 1560 2259 explicaren1.--
1602 2230 1626 2238 w

448 2264 641 2305 Postremo
659 2264 844 2317 Excerpta
870 2264 918 2303 de
934 2263 1042 2315 gestis
1067 2263 1303 2302 Constantini
1319 2286 1362 2293 —
1374 2261 1464 2301 huic
1480 2262 1563 2301 edi-

450 2318 547 2357 tioni
574 2317 804 2368 subjungere
842 2317 997 2369 placuit.
1041 2317 1180 2357 Eorum
1207 2327 1335 2356 autem
1369 2315 1466 2355 mi'ni
1492 2329 1563 2355 co-

450 2372 555 2423 piam
588 2373 682 2412 fecit
721 2373 766 2413 R.
799 2373 836 2413 P.
866 2372 1121 2418 Sirmundm,
1156 2371 1328 2418 judicio,
1363 2370 1560 2418 doctrina,

450 2426 600 2476 stiiique
624 2426 837 2484 elegantia,
853 2436 894 2467 ut
917 2426 1014 2466 inter
1037 2437 1172 2466 omnes
1193 2425 1364 2474 constat,
1387 2426 1560 2465 eminen-

448 2479 620 2523 tiffimus.
640 2508 670 2531 2,
