1626 2917
303 197 523 244 RERUM
556 197 891 244 GESTARUM
922 196 1026 242 ΠΒ.
1058 196 1230 244 XXIV.
1388 216 1416 260 ς.

131 305 342 371 captivos
386 306 686 364 transmissos,
716 306 906 354 certiore
940 304 1025 373 jam
1060 305 1132 369 spe
1171 304 1416 368 provectus

130 381 356 427 exercitus
399 381 454 426 ad
493 379 702 427 fiduciam
724 417 737 439 ‚
765 380 892 427 elatis
925 379 1118 427 vocibus
1158 378 1204 424 in
1232 378 1415 426 favores

129 454 350 517 Principis
369 454 667 517 consurgebat
685 491 699 512 ‚
723 455 863 501 affore
886 454 965 500 fibi
984 454 1117 500 etiam
1137 454 1293 500 deinde
1318 470 1417 500 coe-

129 526 279 574 lestem
301 528 554 575 existimans
582 545 749 574 curam.
768 530 821 573 Et
840 528 944 590 quia
962 544 1040 589 per
1060 527 1264 591 regiones
1283 526 1417 590 igno-

128 611 196 646 tas
227 601 281 646 de
310 599 511 648 obscuris
545 612 638 647 erat
678 599 920 662 suspectior
954 617 1091 657 cura,
1119 598 1235 645 astus
1272 598 1416 662 gentis

131 674 182 720 &
208 672 470 721 ludificandi
499 673 689 721 varietas
706 659 971 718 timebatur.
1001 672 1195 734 Ideoque
1217 673 1417 733 Impera-

130 758 207 796 tor
241 763 362 797 nunc
396 747 707 809 antesignanus
726 781 738 803 ‚
766 762 887 791 nunc
920 745 1171 808 agminibus
1200 744 1419 807 cogendis

131 817 329 866 insistens
361 832 462 866 cum
494 819 713 881 expeditis
753 818 996 875 velitibus,
1029 835 1084 864 ne
1116 819 1224 880 quid
1259 819 1418 864 lateret

133 892 376 939 abstrusum
394 929 410 950 ,
441 892 602 938 fruteta
627 892 819 955 squalida
854 891 1081 953 vallesque
1111 891 1386 938 scrutabatur
1405 908 1420 936 ε

133 964 390 1012 licentiores
421 964 613 1013 militum
643 982 721 1026 per
741 965 989 1027 longinqua
1015 963 1229 1011 discursus
1261 964 1418 1010 affabi-

132 1035 256 1082 litate
287 1037 438 1082 nativa
461 1035 748 1097 prohibendo
775 1037 851 1082 vel
879 1036 1024 1082 minis.
1050 1037 1243 1082 Hostiles
1266 1049 1417 1085 tamen

133 1125 265 1171 agros
288 1108 415 1155 omni
441 1106 621 1170 frugum
645 1123 807 1170 genere
825 1108 989 1155 divites
1009 1125 1110 1154 cum
1131 1107 1344 1172 segetibus
1367 1113 1420 1158 δε

133 1180 323 1244 tuguriis
342 1179 608 1226 inflammari
640 1180 836 1242 permifit
862 1181 922 1227 ita
951 1180 1156 1237 demum,
1184 1199 1286 1228 cum
1319 1182 1417 1230 usui.

132 1254 371 1302 necessaria
403 1254 578 1301 abunde
613 1253 692 1298 fibi
720 1253 904 1315 quisque
937 1253 1217 1316 collegisset:
1246 1257 1294 1302 &
1327 1255 1418 1304 hoc

131 1327 274 1372 modo
307 1327 580 1374 sauciabatur
613 1325 723 1372 salus
752 1326 946 1372 hostium
971 1325 1236 1373 nesciorum.
1277 1328 1419 1375 Bella-

133 1409 257 1444 tores
283 1398 401 1445 enim
434 1400 623 1445 libenter
661 1398 855 1461 quaesitis
895 1398 1065 1444 dextris
1095 1400 1290 1461 propriis
1318 1414 1419 1448 ute-

134 1471 331 1528 bantur,
367 1472 450 1519 alia
487 1471 668 1518 virtutis
711 1472 795 1518 suae
828 1473 990 1518 horrea
1029 1473 1234 1534 reperiffe
1264 1474 1419 1521 existi-

137 1555 308 1589 mantes
321 1545 402 1601 2&
419 1542 525 1600 laefi,
545 1543 670 1606 quod
691 1543 796 1589 vitae
814 1559 997 1606 quoque
1018 1542 1216 1590 subsidiis
1234 1545 1420 1592 affluen-

138 1627 203 1661 tes
224 1651 236 1673 ‚
265 1617 474 1663 alimenta
493 1616 750 1674 servabant,
771 1634 870 1680 quae
903 1615 1095 1680 navigiis
1124 1617 1421 1666 vehebantur.

134 1689 222 1736 Hic
250 1691 364 1738 vino
401 1691 548 1754 gravis
582 1691 762 1754 quidam
796 1690 1054 1736 temerarius
1082 1691 1234 1749 miles,
1261 1692 1316 1738 ad
1349 1692 1421 1738 ul-

135 1762 349 1811 teriorem
369 1763 509 1827 ripam
531 1764 660 1810 nullo
691 1777 878 1827 urgente
899 1763 1206 1828 transgressus,
1226 1766 1274 1810 in
1305 1782 1426 1813 con--

65 1828 69 1834 ¹
136 1836 284 1900 spectu
318 1838 474 1884 nostro
506 1838 560 1884 ab
586 1837 785 1884 hostibus
813 1850 1002 1900 captuS,
1027 1837 1199 1885 occisus
1230 1838 1304 1886 est.

202 1911 254 1956 ΙΙ.
276 1909 457 1969 Quibus
484 1910 562 1956 tati
585 1909 684 1957 casu
713 1910 922 1972 patratis,
955 1910 1009 1956 ad
1043 1909 1179 1957 castra
1210 1911 1427 1973 pervenis·

140 2000 238 2031 mus
271 1984 457 2030 nomine
485 1984 701 2031 Thilutha
723 2020 735 2042 ,
758 1983 804 2028 iu
840 1982 989 2030 medio
1010 1982 1208 2030 fluminis
1228 1985 1331 2043 fita,
1354 1986 1427 2032 lo-

140 2073 242 2104 cum
279 2055 499 2104 immenso
533 2057 732 2120 quodam
769 2056 941 2104 vertice
982 2053 1335 2116 tumescentem,
1369 2060 1424 2107 δε

140 2128 354 2192 potestate
380 2143 548 2176 naturae
575 2130 706 2176 velut
737 2147 871 2176 manu
900 2129 1240 2193 circumseptum
1268 2131 1426 2177 huma-

144 2219 229 2248 na:
263 2202 386 2265 cujus
416 2203 472 2251 ad
505 2203 782 2249 deditionem
813 2203 978 2249 incolae
1011 2204 1170 2251 tentati
1204 2204 1387 2251 mollius
1408 2240 1427 2263 ‚

140 2290 190 2322 ut
221 2276 406 2323 decebat
422 2313 436 2335 ,
467 2277 684 2339 quoniam
715 2274 921 2338 asperitas
942 2275 1058 2322 edita
1078 2277 1173 2324 vim
1196 2277 1427 2340 superabat

143 2365 396 2406 armorum,
418 2350 779 2413 intempestivam
799 2364 906 2395 tunc
925 2349 1221 2398 defectionem
1240 2352 1325 2398 effe
1345 2350 1426 2396 fir-

144 2425 339 2471 mabant.
367 2425 451 2471 Sed
476 2426 686 2472 haeftenus
712 2425 1063 2487 responderunt,
1083 2444 1183 2474 cum
1208 2426 1429 2473 interiora·

145 2498 469 2561 occupaverint
496 2498 704 2562 protinus
732 2498 979 2562 gradientes
1007 2500 1226 2557 Romani,
1248 2499 1288 2547 se
1310 2514 1430 2563 quo-2

1059 2579 1160 2638 A3
