1626 2917
258 146 476 194 RERUM
509 146 851 195 GESTARUM
885 147 989 194 LIB.
1024 145 1240 193 XXVIII.
1315 161 1395 206 141

124 253 352 302 etiamtum
401 253 635 318 praefeRus
669 270 886 311 annonae,
924 253 1160 318 naEtusque
1206 253 1403 300 audaciae

124 327 413 374 incitamenta
433 344 526 373 non
543 326 907 386 levia,tendebat
926 327 1119 390 adusque
1138 326 1274 372 Probi
1293 342 1404 372 con-

123 408 336 455 temtum,
353 398 440 446 viri
462 397 724 445 summatum
754 398 961 445 omnium
993 397 1199 455 maximi,
1220 397 1406 461 jureque

121 471 401 534 praefecturae
431 472 708 534 praetorianae
729 471 921 535 regentis
952 471 1224 533 provincias.
1261 471 1406 532 Quod

123 543 355 607 Aginatius
380 544 672 608 indigniffime
694 542 867 601 ferens,
895 543 1141 606 dolensque
1164 543 1210 589 in
1236 542 1406 597 exami-

122 615 283 662 nandis
308 615 444 663 causis
476 613 775 661 Maximinum
811 613 865 660 ab
900 613 1102 677 Olybrio
1139 612 1218 659 fibi
1249 613 1408 675 praela-

120 700 247 743 tum,
268 705 369 736 cum
401 687 503 734 effet
524 686 613 749 ipse
647 685 841 734 vicarius
869 687 1057 733 Romae:
1080 685 1284 733 familiari
1318 686 1408 733 ser-

121 778 261 808 mone
280 761 435 807 docuit
450 760 645 806 Probum
678 759 885 817 occulte,
914 758 1042 805 facile
1063 775 1230 805 vanum
1259 759 1409 806 homi-

122 853 226 882 nem
246 835 599 882 recalcitrantem
621 833 881 881 sublimibus
909 833 1077 880 meritis
1108 832 1229 896 posse
1251 833 1410 896 oppri-

122 909 213 966 mi,
247 909 276 955 fi
307 908 392 959 ille,
412 908 457 954 id
490 907 584 955 fieri
617 906 861 954 censuisset.
896 907 986 953 Has
1019 906 1195 964 literas,
1225 918 1275 952 ut
1305 907 1409 969 qui-

122 984 225 1030 dam
258 983 585 1039 asseverabant,
613 981 786 1028 Probus
817 981 871 1027 ad
901 981 1228 1038 Maximinum,
1261 981 1409 1027 erudi-

121 1056 284 1104 tiorem
310 1055 398 1118 jam
435 1056 482 1102 in
518 1054 754 1102 sceleribus
790 1055 1247 1116 commendatumque
1279 1054 1409 1101 Prin-

120 1130 212 1191 cipi
233 1127 572 1191 pertimescens,
594 1127 724 1174 nullo
759 1126 943 1174 conscio
985 1140 1146 1190 praeter
1180 1126 1410 1189 bajulum,

121 1201 250 1250 mitit.
299 1201 466 1265 Hisque
510 1200 730 1258 recitatis,
764 1200 824 1246 ita
863 1200 1005 1246 homo
1055 1199 1175 1247 ferus
1224 1200 1410 1257 exarsit,

122 1289 175 1325 ut
205 1277 432 1326 machinas
465 1292 624 1322 omnes
651 1275 697 1321 in
719 1273 975 1337 Aginatium
1009 1274 1168 1320 deinde
1201 1290 1409 1321 commo-

120 1363 250 1398 veret
270 1367 281 1395 :
304 1349 429 1397 velut
448 1347 623 1411 serpens
643 1347 829 1394 vulnere
852 1346 950 1392 noti
973 1344 1196 1407 cujusdam
1219 1347 1409 1394 attritus.

121 1423 315 1472 Acceffit
351 1421 417 1468 his
445 1421 530 1468 alia
565 1419 720 1482 potior
760 1418 1018 1465 insidiarum
1055 1418 1270 1476 materia,
1308 1435 1409 1482 quae

120 1497 319 1544 eundem
360 1493 619 1558 Aginatium
659 1492 825 1540 obruit.
859 1491 1144 1538 Vi6torinum
1174 1491 1294 1538 enim
1329 1492 1410 1537 de-

121 1565 328 1613 funerum
347 1564 627 1612 insimulabat
644 1600 658 1622 ,
678 1576 727 1611 ut
755 1562 990 1609 Maximini
1025 1559 1143 1610 aftu's
1159 1599 1173 1619 ,
1198 1563 1302 1609 dum
1334 1562 1410 1610 su·

119 1652 326 1704 peterat,
355 1637 693 1684 venditantem:
724 1636 849 1698 cujus
874 1653 930 1684 ex
967 1635 1230 1683 testamento
1266 1636 1408 1700 legata

121 1711 215 1775 ipse
249 1709 455 1757 sumserat
487 1725 582 1756 non
614 1708 915 1772 aspernanda:
944 1707 1129 1772 parique
1162 1709 1408 1771 petulantia

123 1784 327 1848 Anepfiae
355 1800 540 1847 quoque
567 1781 660 1845 ejus
693 1781 826 1829 uxori
857 1782 954 1829 lites
975 1781 1228 1829 minabatur
1247 1783 1298 1830 &
1315 1782 1407 1844 jur-

122 1858 210 1923 gia.
237 1859 358 1918 Quae
384 1855 482 1903 haec
507 1868 710 1903 metuens
727 1889 738 1910 ,
765 1867 812 1900 ut
837 1853 1076 1901 Maximini
1096 1853 1229 1901 etiam
1256 1855 1410 1902 muni-

122 1945 248 1980 retur
276 1930 472 1989 auxilio,
493 1928 648 1988 finxit,
668 1928 877 1976 maritum
900 1929 946 1975 in
982 1927 1240 1986 voluntate,
1273 1945 1407 1991 quam

122 2004 389 2054 condiderat
419 2019 565 2066 nuper
580 2039 594 2061 ,
621 2002 792 2067 argenti
823 2002 904 2048 tria
926 2001 1064 2048 millia
1084 2001 1241 2064 pondo
1261 2001 1408 2048 eidem

126 2077 361 2141 reliquisse.
393 2078 488 2138 Qui
509 2077 726 2123 aviditate
754 2075 890 2122 nimia
910 2073 1100 2138 flagrans
1115 2111 1128 2130 ,
1146 2074 1167 2140 (
1183 2091 1264 2122 nec
1285 2074 1407 2122 enim

125 2152 217 2198 hoc
237 2166 424 2214 quoque
454 2150 572 2196 vitio
603 2147 779 2212 caruit)
810 2148 920 2211 petit
954 2148 1210 2194 hereditatis
1241 2148 1408 2193 medie-

126 2237 280 2273 tatem.
306 2225 479 2270 Verum
499 2221 631 2269 etiam
655 2222 769 2278 hoc,
791 2233 839 2266 ut
861 2237 1015 2283 parurn
1037 2219 1269 2267 sufficienti
1284 2256 1295 2276 ‚
1326 2236 1408 2265 ne-

127 2313 354 2361 quaquam
376 2310 615 2343 contentus
630 2331 644 2354 ,
663 2294 783 2341 aliud
800 2308 1083 2341 commentus
1102 2293 1162 2339 est
1178 2329 1190 2350 ,
1219 2308 1268 2339 ut
1290 2292 1408 2338 arbi-

129 2370 354 2426 trabatur,
371 2370 607 2417 honestum
625 2372 671 2416 ὅ(
688 2381 832 2414 tutum
854 2368 927 2415 :&
948 2383 1002 2412 ne
1022 2367 1242 2412 amitteret
1260 2364 1407 2411 ansam

131 2443 214 2491 fibi
235 2444 432 2492 oblatam
464 2443 667 2494 lucrandi
692 2441 841 2491 uberis
870 2440 1162 2505 patrimonii,
1182 2436 1405 2488 Vie‘torini
