1626 2917
239 101 456 148 RERUM
494 101 834 149 GESTARUM
868 101 972 147 ΠΒ.
1008 100 1185 148 xxvi..
1297 117 1356 162 97

80 205 181 269 post
198 217 373 269 tempus
392 206 546 254 evasit.
566 207 833 269 Euphrasius
852 224 982 266 vero,
997 206 1192 269 itemque
1211 206 1358 252 Phro-

79 280 284 340 nemius,
314 281 427 328 miffi
449 282 504 330 ad
535 283 747 331 occiduas
774 296 943 346 partes,
977 282 1163 329 arbitrio
1194 280 1359 343 objecti

81 355 186 402 sunt
204 354 541 403 Valentiniani:
559 356 832 404 &absoluto
859 355 1129 418 Euphrafio,
1153 355 1360 401 Phrone-

80 426 198 474 mius
217 428 547 476 Cherronesum
567 430 850 493 deportatur,
875 427 1225 476 inclementius
1215 445 1260 473 in
1267 444 1362 490 eo-

81 498 182 545 dem
203 500 383 563 punitus
402 501 613 565 negotio,
636 518 686 548 ea
708 518 754 548 re
765 502 919 564 ‚quod
941 502 1054 548 divo
1076 500 1256 547 Juliano
1267 481 1362 546 suit

81 584 321 636 acceptus:
343 573 466 635 cujus
494 575 794 621 memorandis
825 573 1070 622 virtutibus
1100 573 1234 622 ambo
1268 572 1362 619 fra-

81 656 172 694 tres
204 646 431 709 principes
458 647 787 705 obtreEiabant,
815 665 897 695 nec
931 647 1090 694 similes
1118 646 1243 707 ejus,
1276 664 1360 694 nec

82 717 305 782 suppares,
336 719 418 766 His
446 719 718 766 accedebant
748 719 832 765 alia
859 720 1070 783 graviora
1089 754 1102 778 ,
1137 721 1187 766 δε
1214 721 1361 767 multo

81 791 239 855 magis,
250 807 384 854 quam
402 792 448 839 in
467 791 655 855 proeliis,
674 791 967 839 formidanda
987 791 1200 838 Carnifex
1223 793 1362 850 enirn,

83 866 133 911 &
161 866 296 924 unci,
328 866 380 913 &
413 878 609 913 cruentae
644 865 912 928 quaestion-es
932 901 946 924 ,
974 864 1064 912 fine
1108 865 1363 913 discrimine

84 936 181 982 ullo
205 937 459 984 aetatum‘&
483 936 747 999 dignitatum
778 954 858 999 per
890 937 1094 983 fortunas
1125 953 1283 983 omnes
1313 942 1363 986 &

84 1009 266 1055 ordines
284 1009 611 1073 grassabantur,
628 1010 679 1056 &
699 1009 818 1070 pacis
836 1010 1025 1056 obtentu
1050 1008 1269 1069 judicium
1289 1010 1363 1058 de-

83 1081 329 1128 testandum
365 1082 649 1146 agitabatur,
685 1082 920 1130 infaustam
956 1083 1190 1132 vffloriam
1233 1084 1364 1131 exse-

83 1154 311 1202 crantibus
336 1154 556 1202 univerfis
575 1191 592 1213 ,
610 1156 896 1205 internecivo
924 1157 1047 1204 bello
1072 1157 1241 1220 quovis
1267 1176 1362 1222 gra—

83 1228 278 1275 viorem.
309 1230 425 1275 Nam
455 1228 572 1275 inter
596 1246 714 1276 arma
745 1230 953 1277 &lituos
984 1231 1263 1279 conditionis
1300 1250 1363 1278 ae-

83 1299 238 1363 quatio
271 1299 448 1346 leviora
477 1299 582 1346 facit
618 1301 814 1362 pericula
841 1319 852 1347 t
889 1302 939 1348 δε
971 1302 1147 1348 Martiae
1180 1303 1363 1350 virtutis

84 1374 279 1436 potestas
298 1387 372 1419 aut
389 1373 451 1430 id,
470 1373 595 1434 quod
612 1372 780 1431 ausum,
800 1388 994 1435 occupat
1007 1391 1020 1429 ;
1035 1386 1109 1420 aut
1129 1376 1365 1437 inopinata

86 1463 232 1503 mors,
254 1445 284 1492 fi
303 1445 538 1501 acciderit,
562 1445 730 1490 nullum
755 1445 1017 1508 ignominiae
1043 1448 1249 1495 continet
1267 1449 1362 1496 sen-

84 1519 205 1577 sum,
231 1517 453 1582 finemque
473 1517 618 1565 secum
639 1518 826 1566 vivendi
844 1519 970 1566 simul
988 1522 1036 1569 &
1058 1521 1241 1567 dolendi
1266 1540 1362 1585 per-

86 1594 235 1642 ducit:
252 1594 328 1640 ubi
346 1610 456 1640 vero
472 1592 668 1639 confiliis
686 1593 831 1656 impiis
850 1594 944 1654 jura
965 1595 1143 1657 quidem
1166 1612 1364 1659 praeten-

87 1669 253 1715 duntur
271 1668 320 1713 &
339 1666 454 1729 leges
468 1701 484 1722 ,
503 1667 550 1712 &
566 1665 832 1711 Catonianae
852 1667 926 1713 vel
947 1667 1159 1714 Cassianae
1186 1669 1363 1718 senten-

87 1743 163 1789 tiae
181 1741 288 1787 fuco
309 1738 457 1801 perliti
477 1738 665 1784 resident
682 1737 870 1799 judices,
891 1739 1032 1802 agitur
1053 1755 1218 1800 autem,
1237 1746 1363 1806 quod

87 1816 255 1879 agitur,
275 1814 330 1861 ad
349 1812 633 1860 voluntatem
665 1814 938 1875 praetumida:
959 1815 1186 1876 potestatis
1201 1853 1215 1873 ,
1238 1820 1285 1864 δέ
1311 1835 1364 1864 ex

87 1888 183 1951 ejus
217 1886 401 1933 libidine
430 1883 722 1931 incidentium
756 1885 860 1932 vitae
894 1886 1099 1949 necisque
1134 1904 1365 1938 momenta

86 1959 357 2027 pensantur,
384 1958 447 2006 ibi
474 1958 673 2021 capitalis
694 1959 886 2006 vertitur
919 1959 1137 2022 pernicies
1163 1963 1212 2009 &
1233 1963 1364 2011 abru-

88 2049 180 2100 pta.
210 2036 324 2082 Nam
349 2048 398 2082 ut
424 2034 608 2099 quisque
637 2051 687 2081 ea
720 2034 1003 2097 tempestate,
1025 2036 1087 2081 ob
1115 2037 1365 2101 quamlibet

80 2108 298 2156 -voluerat
319 2107 490 2154 causam
508 2144 521 2165 ‚
547 2107 676 2171 regiae
700 2124 892 2169 propere
919 2109 1155 2167 accedenS,
1177 2112 1226 2157 &
1255 2111 1364 2157 alie-

90 2198 145 2229 na
176 2180 376 2243 rapiendi
406 2180 616 2228 aviditate
651 2179 830 2226 exustus
850 2216 864 2239 ‚
885 2180 990 2228 licet
1024 2196 1170 2244 aperte
1206 2183 1363 2229 inson-

90 2268 182 2301 tem
207 2253 418 2300 arceffens
436 2290 448 2312 ‚
469 2267 518 2300 ut
541 2252 768 2299 familiaris
791 2253 1105 2315 suscipiebatur
1134 2256 1183 2302 &
1214 2254 1328 2302 fidus
1352 2290 1365 2309 ,

88 2326 296 2373 ditandus
325 2327 490 2373 casibus
521 2325 687 2374 alienis.
713 2327 960 2388 Imperator
991 2328 1110 2374 enim
1139 2329 1366 2391 promtior

88 2399 145 2446 ad
172 2398 423 2445 nocendum
446 2434 460 2457 ,
491 2398 832 2445 criminantibus
865 2411 1016 2463 patens
1037 2437 1050 2461 ‚
1084 2402 1133 2449 &
1156 2400 1365 2449 funereas

155 2475 376 2520 Ammian.
401 2474 638 2519 Marcellin.
672 2476 718 2519 V
714 2477 766 2520 ol.
790 2475 850 2522 II.
1150 2475 1193 2518 G
