1626 2917
329 139 546 189 RERUM
580 108 921 187 GESTARUM
956 139 1058 186 Lm.
1096 138 1221 186 mv.
1358 153 1418 199 39

140 245 263 295 ribus
286 262 508 310 quemque
535 245 578 293 ei
608 246 722 293 ferre
741 245 958 309 suppetias
993 244 1254 303 fluctuanti,
1284 244 1422 291 nimi-

135 320 508 369 rumGalliarum
543 320 739 368 indicans
769 320 1033 373 vastitatem.
1059 319 1238 378 Quibus
1268 318 1419 365 subse-

92 427 100 435 »
137 394 261 442 rebat
285 411 380 441 non
411 395 525 442 adeo
554 407 686 442 vetus
712 394 967 456 exemplum
988 429 1002 451 ‚
1023 394 1148 457 quod
1167 392 1422 440 Diocletia-

138 483 201 514 no
231 468 282 515 &
313 467 408 530 ejus
435 467 621 531 collegae
642 504 656 526 ,
688 480 740 515 ut
764 469 1039 531 apparitores
1058 502 1073 526 ,
1107 466 1301 513 Caesares
1321 482 1420 513 non

136 541 328 601 resides,
356 542 431 591 sed
455 543 577 590 ultro
611 543 818 607 citroque
853 543 1148 590 discurrentes
1181 541 1418 602 obtempe-

136 614 322 662 rabant:
354 617 404 663 &
435 616 481 663 in
514 616 644 679 Syria
681 617 866 681 Augusti
903 617 1163 664 vehiculum
1192 614 1421 661 irascentis

134 704 214 750 per
239 687 425 750 spatium
452 689 572 736 mille
591 690 787 752 passuum
807 690 899 737 fere
918 691 1051 752 pedes
1071 688 1336 751 antegressus
1357 686 1420 733 est

135 759 338 806 Galerius
370 772 656 823 purpuratus.
689 761 890 808 Advenit
910 759 1009 822 post
1039 760 1208 806 multos
1228 757 1419 805 Scudilo

132 831 424 879 scutariorum
455 832 692 892 tribunus,
721 833 980 881 velamento
1004 831 1259 894 subagrestis
1289 831 1416 893 inge-

133 904 198 950 nii
229 905 522 967 persuasionis
545 906 702 968 opifex
722 907 907 953 callidus
930 925 941 955 τ
965 905 1043 968 qui
1066 922 1168 951 eum
1203 902 1417 951 adulabili

134 976 339 1024 sermone
373 977 491 1023 seriis
523 977 754 1033 admixto,
789 976 908 1023 solus
941 975 1147 1022 omnium
1186 973 1414 1036 proficisci

132 1040 318 1109 pellexit
332 1083 346 1104 ‚
376 1047 507 1094 vultu
536 1047 783 1094 assimulato
804 1047 959 1110 saepius
980 1047 1268 1109 replicando,
1288 1045 1416 1109 quocl

132 1117 420 1181 flagrantibus
441 1118 565 1165 votis
585 1135 687 1165 eum
712 1119 867 1166 videre
884 1119 1017 1165 frater
1049 1130 1232 1180 cuperet
1260 1131 1415 1180 patru-

130 1189 239 1248 elis,
257 1191 381 1253 quod
404 1207 484 1253 per
501 1189 844 1254 imprudentiam
866 1191 1031 1256 gestum
1052 1190 1138 1248 est,
1159 1190 1419 1237 remissurus

131 1273 183 1309 ut
214 1262 334 1310 mitis
362 1264 414 1312 &
437 1263 632 1312 clemens
659 1282 671 1311 ε
707 1264 1062 1328 participemque
1088 1280 1190 1310 eum
1209 1262 1296 1310 suae
1314 1280 1413 1309 ma-

129 1334 291 1398 jestatis
319 1335 502 1386 ascitum
523 1373 540 1394 ,
575 1339 624 1384 &
647 1337 847 1384 futurum
879 1337 1088 1384 laborum
1117 1352 1301 1400 quoque
1334 1336 1413 1382 so-

132 1407 251 1454 cium
270 1443 286 1467 ,
308 1424 424 1470 quos
454 1409 633 1454 Arctoae
652 1409 905 1471 provinciae
925 1409 1001 1454 (liu
1020 1408 1135 1455 seffae
1153 1409 1414 1471 poscebant.

132 1482 286 1543 thue
316 1479 462 1526 solent
497 1497 678 1527 manum
710 1479 1023 1543 injectantibus
1065 1480 1166 1528 fatis
1211 1481 1410 1528 hebetari

131 1550 276 1599 sensus
309 1551 546 1600 hominum
563 1555 614 1602 δε
647 1553 874 1613 obtundi,
902 1553 970 1600 his
997 1553 1218 1601 illecebris
1237 1554 1292 1600 ad
1311 1570 1410 1600 me-

129 1623 295 1672 liorum
322 1624 694 1688 exspeEtationem
715 1628 882 1675 ereetus
901 1663 915 1685 ,
939 1627 1214 1692 egressusque
1245 1629 1409 1676 Antio·-

130 1697 228 1745 chia
259 1698 439 1746 numine
470 1699 593 1746 laevo
626 1700 864 1757 ductante,
890 1700 1070 1763 prorsus
1102 1702 1166 1748 ire
1201 1702 1410 1749 tendebat

129 1769 185 1817 de
220 1768 350 1817 fumo
369 1806 383 1829 ‚
415 1782 466 1817 ut
489 1771 785 1833 proverbium
806 1772 1008 1836 loquitur
1029 1786 1180 1832 vetus,
1201 1774 1254 1821 acl
1283 1773 1409 1820 flam-

127 1859 244 1889 mam
262 1859 276 1891 :
308 1843 359 1890 &
383 1842 595 1907 ingressus
615 1843 1062 1908 Constantinopolim
1078 1881 1092 1904 ‚
1112 1858 1323 1909 tanquam
1358 1846 1406 1891 iu

128 1916 260 1964 rebus
289 1915 512 1980 prosperis
531 1917 582 1966 &
601 1916 783 1976 securis,
806 1911 933 1965 editis
960 1919 1235 1981 equestribus
1264 1919 1409 1977 ludis,

127 1989 261 2053 capiti
289 1990 477 2038 Coracis
502 1990 666 2055 aurigae
698 2007 915 2039 coronam
939 1992 1153 2055 imposuit
1181 2006 1231 2039 ut
1260 1993 1406 2040 victo-

128 2063 204 2110 ris.
230 2065 343 2124 Quo
362 2065 575 2128 cognito,
595 2064 886 2113 Constantius
911 2067 1028 2113 ultra
1049 2067 1284 2114 mortalem
1305 2083 1407 2113 mo-

129 2136 235 2182 dum
255 2136 417 2184 exal-fit
438 2154 450 2184 :
478 2153 529 2185 ac
550 2153 606 2184 ne
623 2152 717 2200 quo
736 2137 835 2184 casu
853 2138 968 2185 idem
992 2139 1148 2185 Gallus
1166 2175 1179 2197 ‚
1202 2139 1256 2186 de
1281 2138 1406 2186 futu-

128 2209 190 2256 ris
233 2210 430 2260 incertus
452 2247 468 2270 ‚
497 2212 660 2276 agitare
698 2213 902 2276 quaedam
940 2214 1240 2269 conducentia
1280 2213 1412 2260 saluti.

127 2281 217 2328 suae
247 2300 326 2346 per
351 2284 510 2332 itinera
542 2298 811 2343 conaretur,
840 2287 1005 2334 remoti
1031 2286 1130 2334 sunt
1161 2304 1318 2334 omnes
1351 2288 1412 2334 de·

127 2354 341 2404 industria
373 2358 538 2409 milites
563 2372 740 2423 agentes
760 2359 807 2406 in
829 2360 1088 2408 civitatibus
1107 2362 1292 2425 perviis,
1312 2365 1407 2407 Eo-

127 2440 217 2492 que
250 2443 454 2495 tempore
487 2434 660 2482 Taurus
693 2434 886 2497 quaestor
918 2435 974 2482 ad
1009 2434 1267 2482 Armeniam
1298 2434 1403 2482 mis·

1055 2509 1155 2568 <34
