1626 2917
202 215 293 274 276
425 210 758 258 AMMlANI
797 210 1257 258 MARCELL1N1

189 321 409 382 superbam
437 319 720 364 auxiliaribus
740 321 894 379 paucis
909 353 922 374 ,
931 319 1099 377 feritate
1103 320 1255 381 speque
1277 321 1479 386 postrema

199 398 261 441 ad
269 393 547 455 perniciosam
568 395 790 438 audaciam
803 395 984 453 promtis
997 427 1010 449 ,
1027 397 1073 439 in
1091 412 1252 440 noxam
1262 397 1479 456 publicam

198 468 476 528 conspiravit,
509 468 693 525 aquitate
724 469 908 521 calcata,
919 482 1089 526 parente
1113 471 1340 528 nutriceque
1368 470 1479 515 orbis

199 542 389 586 Romani
408 557 423 585 .·
441 557 564 600 quam
588 553 784 584 tumentes
795 539 977 599 spiritus
999 555 1198 600 tanquam
1207 540 1392 598 favillas
1410 539 1480 603 effe

153 602 160 608 .
187 613 402 674 faciurum
425 615 569 658 deinde
583 647 596 670 ‚
616 628 662 657 ut
670 612 927 678 scelestorum
945 616 1125 659 ultricem
1143 649 1157 670 ,
1179 611 1221 659 θ’
1238 615 1320 674 ipse
1336 633 1479 675 exper-

198 705 292 744 tus,
317 685 359 733 δ’
390 689 552 732 docente
586 687 834 746 antiquitate
861 685 994 744 facile
1029 689 1158 732 credo.
1200 689 1320 749 Quid
1351 691 1479 749 igitur

185 760 394 824 superest,
426 759 512 823 nisi
540 774 586 804 ut
623 761 851 805 turbinibus
886 759 1036 804 excitis
1064 762 1358 805 occurramus?
1372 762 1476 821 suc·

196 834 406 894 crescentis
424 834 574 877 rabiem
599 834 693 876 belli
707 866 719 888 ‚
739 847 959 892 antequam
969 832 1164 892 pubescat
1179 834 1369 877 validius
1384 867 1397 888 ‚
1415 851 1476 878 ce-

194 908 372 954 leritatis
397 906 588 951 remediis
617 903 844 968 oppreſjuri.
873 907 960 950 Nec
984 907 1091 949 enim
1123 907 1312 959 dubium,
1326 905 1477 963 favore

193 980 384 1026 numinis
402 978 563 1038 summi
587 976 808 1037 praesente,
831 975 947 1031 cujus
974 978 1140 1036 perenni
1161 974 1370 1039 suffragio
1398 980 1475 1022 da·

192 1067 397 1098 mnantur
420 1039 770 1112 ingratissftrrum
802 1051 926 1108 impie
944 1066 1222 1110 praeparatum
1250 1053 1311 1095 ad
1338 1068 1475 1097 eorum.

193 1128 400 1172 interitum
422 1120 491 1185 effe
510 1123 743 1166 vertendum
756 1155 766 1175 ,
789 1123 860 1181 qui
875 1139 960 1165 non
978 1120 1144 1183 laceffiti
1156 1155 1168 1177 ‚
1178 1122 1263 1181 sed
1277 1122 1388 1168 auc‘li
1406 1126 1473 1168 be·

192 1197 351 1255 neficiis
380 1195 599 1255 pluribuS,
635 1194 695 1236 ad
723 1191 951 1252 insontium
981 1195 1164 1251 pericula
1184 1193 1471 1252 surrexerunt.

195 1273 250 1316 U
246 1286 263 1314 t
281 1271 387 1314 enim
405 1283 495 1311 mea
514 1281 626 1309 mens
644 1281 893 1325 auguratur,
905 1264 1141 1328 justitiaque
1157 1263 1269 1310 reiiis
1288 1266 1472 1329 confiliis

191 1342 377 1407 affutura
393 1339 626 1401 promittit,
643 1338 834 1398 spondeo
850 1371 863 1392 ,
891 1336 1056 1400 quodsi
1077 1353 1241 1382 ventum
1254 1338 1388 1396 fuerit
1403 1358 1471 1385 co-

191 1419 353 1469 minus,
378 1414 439 1456 ita
451 1428 604 1472 pavore
622 1409 842 1469 torpescent
853 1443 867 1466 ‚
883 1424 930 1453 ut
946 1426 1017 1453 nec
1034 1413 1240 1454 oculorum
1257 1411 1470 1475 vestrorum

190 1491 360 1536 vibratae
396 1487 499 1530 lucis
534 1486 718 1528 ardorem
735 1517 748 1539 ‚
780 1500 851 1527 nec
884 1483 1063 1527 barritus
1080 1481 1235 1540 sonum
1261 1483 1471 1543 perferant

180 1564 379 1624 primum.
407 1558 578 1604 Omnes
607 1554 707 1617 post
732 1555 828 1601 haec
852 1554 898 1600 in
930 1553 1192 1601 sententiam
1222 1554 1369 1614 suam,
1391 1557 1470 1604 ha-

188 1632 360 1695 stasque
389 1630 617 1677 vibrantes
649 1627 776 1686 irati,
804 1627 904 1691 post
926 1628 1093 1686 multa,
1112 1644 1212 1690 quae
1240 1629 1468 1676 benevole

187 1704 536 1768 responderant,
560 1703 770 1765 petebant
803 1702 845 1749 se
875 1701 981 1749 duci
1010 1701 1215 1764 protinus
1244 1702 1292 1748 in
1324 1702 1468 1749 rebel-

186 1781 290 1827 lem.
330 1780 434 1839 Qua
470 1777 603 1840 gratia
635 1777 682 1824 in
715 1775 914 1823 laetitiam
947 1778 1193 1838 Imperator
1227 1775 1377 1823 versus
1408 1794 1468 1825 ex

185 1862 338 1907 metu,
370 1849 596 1896 concione
630 1866 740 1895 mox
775 1848 997 1905 absoluta,
1031 1847 1328 1895 Arbetionem
1361 1861 1464 1897 ante

186 1922 300 1969 alios
334 1920 523 1967 faustum
555 1921 610 1967 ad
645 1919 850 1967 intestina
882 1918 997 1966 bella
1027 1918 1213 1966 sedanda
1249 1935 1305 1965 ex
1339 1933 1465 1967 ante·

187 1995 292 2042 aclis
321 1992 407 2055 jam
441 1993 608 2052 sciens,
643 1993 724 2040 iter
754 1991 882 2039 suum
907 1991 1064 2055 praeire
1094 2008 1195 2039 cum
1229 1991 1463 2040 lanceariis

183 2070 236 2115 &
267 2066 522 2123 Mattiariis‚
543 2062 590 2113 δ’(
608 2064 800 2112 catervis
819 2063 1129 2126 expeditorum
1153 2063 1363 2125 praecepit
1377 2099 1390 2120 ‚
1411 2065 1462 2112 δε

182 2157 286 2187 cum
315 2139 445 2186 Laetis
469 2139 621 2185 itidem
649 2136 975 2194 Gomoarium,
999 2135 1200 2184 venturis
1221 2135 1268 2182 in
1287 2136 1459 2184 Succo—

183 2229 280 2260 rum
313 2211 531 2275 angustias
554 2210 879 2274 opponendum
896 2226 973 2265 ,ea
997 2225 1043 2254 re
1068 2207 1163 2255 aliis
1184 2209 1425 2255 antelatum
1442 2244 1457 2266 ,

179 2285 307 2348 quod
324 2298 372 2331 ut
394 2295 645 2331 contemtus
673 2284 719 2330 in
739 2282 923 2337 Galliis,
949 2296 1041 2327 erat
1063 2281 1239 2328 Juliano
1258 2280 1457 2330 infestus.

246 2360 372 2405 XIV.
406 2359 455 2403 In
486 2358 574 2404 hoc
594 2374 741 2403 rerum
761 2354 1043 2403 adversarum
1068 2354 1262 2400 tumultu
1283 2353 1456 2401 haerens

180 2429 276 2491 ejus
314 2429 495 2475 fortuna
531 2428 615 2489 jam
653 2430 702 2476 δέ
738 2427 995 2482 subsistens,
1031 2427 1269 2474 adventare
1304 2426 1455 2474 casum

179 2503 288 2552 vitae
306 2502 530 2552 difficilem
544 2538 559 2563 ,
574 2502 715 2550 modo
738 2518 833 2550 non
850 2500 1139 2566 loquentibus
1158 2499 1284 2565 lignis
1304 2512 1454 2563 aperte
