1626 2917
240 184 461 237 RERUM
494 183 837 231 GESTARUM
872 182 975 228 Ltss.
1006 181 1132 227 XXV.
1271 196 1323 242 17

50 288 250 337 disceffit.
280 290 386 336 Ideo
420 288 524 335 urbs
557 286 823 335 venerabilis
860 286 958 350 post
981 287 1188 350 superbas
1221 287 1330 334 effe-

49 368 239 408 ratarum
260 361 457 424 gentium
480 361 682 408 cervices
703 360 949 424 oppressas,
974 359 1169 423 latasque
1189 359 1330 423 leges,

50 435 337 482 fundamenta
359 435 574 483 libertatis
597 434 905 495 &retinacula
929 434 1191 496 sempiterna
1209 469 1223 490 ‚
1247 450 1332 479 ve-

50 508 120 554 lut
147 506 263 571 frugi
297 523 480 570 parens,
502 509 550 555 δι
580 507 802 570 prudens,
829 509 877 554 &
907 506 1056 561 dives,
1083 505 1333 552 Caesaribus

52 591 261 642 tanquam
295 578 443 625 liberis
473 577 559 624 suis
591 578 780 641 regenda
809 578 1069 640 patrimonii
1099 576 1197 639 jura
1227 594 1330 640 per-

51 650 179 697 mifi't.
212 652 268 696 Et
300 651 409 696 olim
441 650 545 698 licet
577 650 736 696 otiosae
765 650 849 697 fint
881 651 1046 707 tribus,
1079 664 1335 714 pacataeque

52 722 266 769 centuriae
283 758 297 780 ,
336 724 384 769 &
428 722 549 768 nulla
591 722 898 785 suffragiorum
951 723 1192 769 certamina
1211 760 1224 780 ,
1264 723 1338 770 sed

53 797 324 858 Pompiliani
349 796 530 842 redierit
554 796 762 843 securitas
794 798 1008 859 temporis
1029 816 1039 843 :
1067 814 1145 860 per
1177 814 1337 845 ornnes

54 887 203 918 tamen
219 908 234 930 ‚
262 885 493 935 quotquot
519 870 617 916 sunt
645 882 788 932 partes
809 883 1025 917 terrarum
1040 908 1054 927 ‚
1085 885 1134 918 ut
1154 873 1338 919 domina

45 942 289 1005 *suspicitur
317 945 366 991 &
398 941 581 1005 regina,
609 941 658 988 &
684 941 850 1004 ubique
875 943 1054 988 Parrum
1088 945 1337 991 reverenda

59 1034 159 1063 cum
177 1015 440 1063 att&oritate
461 1013 646 1060 canities
659 1050 673 1070 ,
687 1014 937 1079 populique
954 1016 1150 1062 Romani
1169 1033 1339 1063 nomen

57 1089 420 1151 circumspeetum
465 1089 515 1136 &
554 1087 882 1136 verecundum.
927 1089 1012 1135 Sed
1028 1095 1030 1098 ’
1049 1089 1227 1136 laeditur
1266 1091 1339 1137 hic

56 1176 260 1211 coetuum
280 1159 542 1226 magnificus
562 1160 772 1224 splendor
795 1162 977 1209 levitate
999 1179 1248 1225 paucorum
1270 1164 1342 1211 in-

58 1235 272 1291 condita,
301 1234 380 1282 ubi
413 1234 502 1282 nati
535 1235 621 1281 fint
653 1251 749 1281 non
783 1236 1115 1298 reputantium,
1136 1235 1208 1283 sed
1239 1248 1342 1283 tan·

57 1324 190 1370 quam
209 1308 379 1355 indulta
400 1308 582 1355 licentia
610 1308 735 1355 vitiis
749 1344 762 1365 ,
780 1309 834 1355 ad
855 1326 1028 1355 errores
1049 1309 1274 1372 lapsorum
1293 1311 1342 1357 &t

0 1408 3 1430 ι
57 1382 297 1429 lasciviam.
329 1383 392 1428 Ut
412 1381 530 1428 enim
552 1381 804 1430 Simonides
825 1384 1014 1446 Lyricus
1033 1383 1195 1441 docet,
1216 1384 1343 1430 beate

61 1453 253 1518 perfe&a
277 1453 451 1500 ratione
474 1453 676 1512 viC'turo,
697 1466 798 1500 ante
818 1454 901 1500 alia
921 1454 1102 1516 patriam
1122 1455 1205 1502 effe
1227 1472 1343 1503 con-

0 1530 6 1595 l
62 1527 190 1574 v‘enit
218 1525 467 1589 gloriosam.
494 1528 559 1572 Ex
582 1526 648 1572 his
675 1525 857 1589 quidam
887 1527 1122 1574 aeternitati
1143 1526 1184 1574 se
1212 1544 1343 1589 corn-

62 1599 264 1647 mendari
289 1599 412 1661 posse
431 1616 510 1661 per
529 1599 686 1645 statuas
704 1599 999 1646 existimantes
1014 1635 1024 1653 ‚
1045 1617 1115 1647 eas
1137 1602 1343 1649 ardenter

63 1671 292 1730 affeelanss
309 1671 429 1735 quasi
453 1672 551 1734 plus
571 1671 742 1734 praemii
760 1688 815 1718 ex
838 1669 1059 1735 figmentis
1077 1674 1201 1720 aereis
1222 1673 1345 1721 sensu

64 1742 319 1791 carentibus
349 1743 580 1806 adepturi,
612 1760 744 1806 quam
779 1760 836 1790 ex
864 1744 1140 1792 conscientia
1163 1745 1347 1794 honeste

64 1815 268 1878 resteque
284 1808 504 1862 fastorum
526 1832 537 1860 :
555 1817 712 1878 easque
730 1833 844 1863 auro
862 1830 1020 1864 curant
1041 1817 1345 1867 imbrafiteari:

65 1889 192 1952 quod
232 1887 381 1936 Acilio
421 1888 662 1935 Glabrioni
698 1888 893 1936 delatum
927 1889 990 1936 est
1024 1891 1203 1952 primo,
1242 1909 1347 1940 cum

66 1959 263 2009 consiliis
309 1960 525 2025 armisque
575 1977 721 2025 regem
773 1961 1008 2024 superasset
1056 1961 1350 2015 Antiochum,

67 2037 219 2096 Quam
238 2048 387 2082 autem
406 2036 458 2099 sit
477 2035 717 2098 pulchrum
736 2071 749 2093 ,
768 2035 927 2099 exigua
951 2037 1046 2082 haec
1068 2036 1348 2099 spernentem

68 2110 117 2156 &
138 2108 342 2166 minima,
360 2109 415 2155 ad
439 2108 639 2155 ascensus
660 2125 777 2154 verae
802 2109 957 2172 gloriae
983 2109 1162 2156 tendere
1181 2110 1349 2174 longos

71 2182 120 2228 &
149 2181 341 2237 arduos,
373 2194 422 2228 ut
442 2196 664 2228 memorat
693 2194 817 2227 vates
847 2180 1072 2236 Ascraeus,
1102 2181 1348 2244 Censorius

69 2250 187 2300 Cato
208 2252 479 2302 monstravit
498 2272 508 2299 ε
530 2254 608 2317 qui
629 2254 950 2317 interrogatus,
970 2255 1262 2317 quamobrem
1285 2255 1353 2302 in-

72 2339 141 2373 ter
175 2327 343 2375 multos
379 2328 555 2375 nobiles
587 2326 773 2374 statuam
815 2344 909 2373 non
947 2328 1152 2385 haberet,
1190 2328 1314 2374 Malo
1335 2364 1351 2385 ,

73 2399 251 2463 inquit,
281 2401 504 2464 ambigere
535 2401 704 2457 bonos,
735 2401 1029 2463 quamobrem
1057 2401 1102 2446 id
1134 2418 1229 2447 non
1260 2418 1353 2446 me-

23 2474 28 2529 '3
74 2475 239 2522 ruerint
254 2510 268 2532 ‚
290 2493 420 2539 quam
434 2513 448 2532 ,
467 2476 591 2539 quod
618 2475 679 2520 est
697 2475 902 2537 gravius,
920 2492 996 2523 cur
1018 2474 1355 2536 impetraverim

25 2544 27 2552 ⁴
138 2553 360 2598 Ammiczrz.
379 2553 614 2607 Ῑιίιζῑτείίὶη,
646 2554 693 2597 V
689 2553 743 2596 ali
767 2552 801 2596 I,
1129 2549 1160 2591 Β
