1626 2917
166 179 226 222 42
371 161 709 208 ΑΜΜΙΑΝΙ
755 161 1234 208 MARCELLINI

166 268 255 326 30,
271 267 570 315 Alexandrum
592 267 807 330 Magnum
824 267 1147 329 urgenti-matri
1159 303 1173 326 ,
1191 278 1240 314 ut
1259 265 1441 315 occide?

165 354 233 388 ret
258 341 480 404 quendam
506 338 725 385 insontem
748 373 762 397 ,
797 341 847 387 ὅ(
867 339 1082 387 dictitanti
1100 339 1172 402 spe
1191 339 1437 402 impetran-

164 415 210 461 di
235 414 411 477 postea,
437 430 536 476 quae
573 411 738 470 vellet,
766 428 868 459 eum
897 412 938 460 se
963 429 1041 475 per
1071 429 1239 460 novem
1268 412 1438 460 menses

162 500 296 535 utero
338 487 530 551 portass‘e
564 498 868 550 praegnantem
889 523 904 544 ‚
941 487 1000 534 ita
1028 485 1296 550 respondisse
1329 503 1438 549 pru-

164 560 320 606 denter
343 577 354 606 :
373 563 522 605 Aliam
542 594 556 616 ‚
578 577 730 620 parens
752 563 909 620 optima
923 594 937 616 ‚
950 561 1068 620 posce
1099 561 1311 606 mercedem
1324 577 1344 614 ;
1363 560 1440 604 lzo-

163 633 295 677 minis
323 635 429 677 enim
449 632 574 692 salus
594 634 782 691 beneficio
803 635 918 677 nullo
935 634 1144 693 pensatur.
1170 632 1280 690 Quo
1310 645 1441 676 com-

163 717 295 766 perto
317 739 329 757 ‚
366 702 660 750 irrevocabili
679 703 742 749 ira
761 704 972 766 princeps
1000 702 1195 764 percitus
1224 703 1273 749 &
1301 700 1440 747 dolo-

164 792 237 834 re,
258 774 465 822 fiduciam
489 773 671 822 onmem
695 774 932 822 fundandae
948 775 1189 823 securitatis
1211 776 1259 822 in
1279 774 1440 821 eodem

164 847 318 910 posuit
336 847 577 894 abolendo.
606 849 661 894 Et
687 847 815 894 miffo
839 847 1082 895 Sereniano
1101 883 1116 906 ‚
1132 864 1266 910 quem
1283 847 1329 893 in
1349 847 1441 893 cri-

164 937 268 967 men
305 919 537 982 majestatis
565 933 778 968 vocatum
798 920 1058 985 ‚praestigiis
1076 921 1333 984 quibusdam
1360 921 1442 967 ab·

165 993 361 1039 solutum
395 992 481 1038 effe
514 992 644 1055 supra
667 993 1044 1052 monstravimus,
1077 992 1293 1040 Pentadio
1328 991 1440 1056 quin

166 1064 297 1110 etiam
319 1064 523 1122 notario,
550 1067 598 1113 ὅ(
624 1065 881 1127 Apodemio
915 1077 1073 1129 agente
1092 1065 1137 1111 in
1158 1065 1316 1122 rebus,
1337 1081 1442 1111 eum

169 1135 345 1196 capitali
381 1135 603 1198 supplicio
637 1137 909 1184 destinavit:
944 1137 1072 1185 &ita
1103 1137 1323 1200 colligatis
1346 1153 1442 1184 ma·
1471 1166 1474 1169 >

167 1207 301 1254 nibus
336 1207 383 1254 in
417 1208 601 1256 modum
633 1209 764 1256 noxii
796 1208 1016 1271 cujusdam
1051 1209 1236 1256 latronis
1263 1208 1443 1256 cervice

166 1279 346 1326 abscissa
361 1315 375 1338 ‚
394 1294 637 1345 ereptaque
666 1282 818 1330 vultus
840 1284 891 1330 &
919 1281 1074 1344 capitis
1094 1281 1306 1345 dignitate
1323 1317 1337 1339 ‚
1365 1297 1443 1328 ca-

167 1354 303 1398 daver
322 1352 382 1399 est
402 1354 602 1400 relictum
630 1354 827 1401 informe
844 1389 858 1413 ‚
881 1355 1016 1417 paulo
1046 1366 1148 1401 ante
1171 1354 1354 1400 urbibus
1390 1354 1442 1400 δε

167 1425 423 1488 provinciis
445 1426 752 1475 formidatum.
770 1427 854 1474 Sed
872 1427 1082 1491 vigilavit
1103 1428 1352 1491 'utrobique
1371 1426 1442 1473 su-

167 1499 295 1561 perni
327 1498 521 1547 numinis
552 1500 749 1564 aequitas.
779 1501 894 1547 Nam
922 1502 972 1548 &
1000 1501 1180 1548 Gallum
1208 1502 1326 1548 ailus
1352 1516 1443 1562 op-

167 1572 356 1633 pressere
385 1573 610 1634 crudeles,
638 1575 689 1622 &
709 1590 806 1621 non
834 1573 911 1620 diu
939 1573 1091 1637 postea
1112 1575 1246 1621 ambo
1266 1573 1443 1623 crucia-

168 1645 247 1690 bili
282 1658 428 1692 morte
465 1647 653 1693 absumti
695 1647 796 1695 sunt
821 1683 835 1706 ‚
869 1647 947 1711 qui
989 1663 1092 1694 eum
1127 1648 1233 1694 licet
1266 1663 1443 1694 nocen-

168 1728 289 1772 tem,
322 1717 526 1765 blandius
556 1719 810 1782 palpantes,
832 1718 1038 1782 perjuriis
1067 1719 1261 1782 adusque
1293 1720 1444 1782 plagas

169 1788 415 1850 perduxere
440 1790 590 1838 letales
609 1809 620 1838 ε
643 1808 840 1855 quorum
862 1791 1042 1838 Scudilo
1070 1791 1363 1838 destillatione
1379 1790 1444 1853 je-

169 1860 287 1906 coris
307 1862 543 1922 pulmones
566 1864 794 1911 vomitans
815 1863 1008 1911 interiit:
1037 1863 1243 1910 Barbatio
1262 1899 1276 1921 ‚
1295 1863 1374 1927 qui
1394 1863 1443 1909 in

169 1948 267 1979 eum
303 1933 387 1993 jam
418 1935 496 1982 diu
526 1935 626 1982 falsa
658 1936 972 1999 composuerat
999 1935 1215 1995 crimina,
1251 1953 1354 1983 cum
1384 1951 1443 1982 ex

169 2007 419 2067 magisterio
455 2010 650 2072 peditum
678 2010 808 2056 altius
839 2009 922 2056 niti
950 2009 1231 2071 quorundam
1264 2007 1444 2054 susurris

168 2077 443 2127 incusaretur
461 2116 474 2139 ,
506 2082 735 2129 damnatus
755 2118 770 2138 ‚
802 2080 1003 2128 exstinffl
1031 2097 1110 2143 per
1128 2079 1319 2127 fallacias
1337 2081 1442 2126 Cae-

169 2151 272 2199 saris
298 2155 504 2201 manibus
541 2156 778 2202 lacrimoso
809 2155 938 2202 obitu
972 2153 1238 2217 parentavit.
1262 2154 1371 2200 Haec
1391 2155 1442 2201 &

168 2225 424 2287 hujusmodi
441 2230 642 2291 quaedam
669 2227 1010 2275 innumerabilia
1027 2226 1161 2273 ultrix
1187 2225 1442 2272 facinorum

169 2298 412 2361 impiorum
424 2337 437 2359 ‚
459 2302 772 2366 bonorumque
789 2301 1060 2365 praemiatrix
1077 2300 1314 2362 aliquoties
1333 2316 1443 2362 ope-

168 2386 290 2420 ratur
313 2375 534 2432 Adrastia‚
562 2375 726 2440 (atque
749 2377 919 2422 utinam
949 2372 1170 2438 semperl)
1194 2390 1326 2436 quam
1348 2390 1441 2420 vo·-

169 2446 332 2494 cabulo
380 2447 547 2510 duplici
588 2447 720 2494 etiam
756 2447 964 2495 Nemefin
998 2446 1271 2511 appellamus
1302 2463 1314 2493 :
1362 2447 1439 2494 Jus
