1626 2917
307 210 530 258 RERUM
569 191 912 259 GESTARUM
948 213 1054 260 ΠΒ.
1090 212 1240 260 XXII.
1331 228 1416 277 323

130 317 245 366 ciem
273 333 530 380 equorum,
558 316 713 365 bifidas
741 318 952 366 habentes
978 318 1167 382 ungulas
1189 354 1202 377 ‚
1236 319 1424 367 caudas-

129 409 217 454 que
242 391 435 439 breves:
464 408 656 455 quorum
693 391 902 440 sollertiae
939 392 1031 440 duo
1063 391 1243 440 interim
1270 392 1425 440 oste'n—

131 464 236 510 dere
266 463 538 510 documenta
569 463 770 512 sufficiet.
804 467 925 512 Inter
947 465 1187 512 arundines
1216 465 1351 513 celsas
1373 466 1425 514 δε

130 537 381 600 squalentes
404 536 540 584 nimia
561 538 774 586 densitate
805 540 902 586 baec
924 538 1069 586 bellua
1090 539 1313 586 cubilibus
1339 556 1427 603 po-

131 609 252 670 fitis,
277 611 424 658 otium
450 611 664 675 pervigili
691 612 838 659 studio
867 611 1229 675 circumspefhit,
1254 612 1426 659 laxata-

131 701 221 748 que
244 684 379 748 copia
404 685 460 731 ad
491 684 657 748 segetes
692 685 990 749 depascendas
1021 685 1258 748 egreditur.
1277 685 1425 732 Cum-

131 774 220 820 que
247 756 333 820 jam
363 759 557 821 coeperit
593 757 740 805 redire
773 758 960 805 distenta
984 793 1000 816 ,
1027 758 1190 805 'aversis
1225 758 1428 822 vestigiis

131 830 361 894 distinguit
387 831 585 878 tramites
621 832 823 889 multos,
856 847 912 877 ne
944 830 1075 878 unius
1100 832 1222 895 plani
1254 831 1429 880 itineris

131 903 271 951 lineas
297 904 573 951 insidiatores
604 904 768 962 secuti,
790 918 1018 966 repertum
1050 904 1140 952 fine
1164 905 1428 954 difficultate

133 976 417 1024 confodiant.
451 979 560 1023 Item
594 994 697 1024 cum
727 977 942 1026 aviditate
973 977 1111 1024 nimia
1155 979 1429 1025 extuberato

133 1062 295 1098 ventre
319 1048 551 1112 pigrescit,
572 1048 702 1112 super
723 1049 922 1098 calamos
948 1067 1104 1098 recens
1135 1050 1335 1099 exse8tos
1359 1051 1429 1099 fe-

133 1139 264 1170 mora
293 1122 538 1170 convolvit
582 1123 633 1169 &
675 1139 806 1169 crura
828 1159 842 1179 ‚
876 1134 926 1168 ut
955 1123 1144 1185 pedibus
1177 1124 1427 1172 vulneratis

132 1212 271 1243 cruor
288 1188 457 1259 egestus
475 1194 620 1259 sagina
642 1194 878 1242 distentum
896 1194 1029 1243 faciat
1051 1195 1200 1243 levem
1219 1215 1229 1244 ε
1249 1199 1298 1245 &
1322 1214 1426 1245 car-

132 1285 213 1316 nes
249 1267 417 1316 saucias
452 1283 590 1314 coeno
629 1267 823 1327 oblinit,
852 1269 1070 1331 quamdiu
1106 1269 1153 1315 in
1194 1271 1428 1320 cicatrices

132 1341 416 1391 conveniant
446 1340 602 1404 plagae.
633 1342 724 1388 Has
756 1340 1059 1388 monstruosas
1095 1344 1282 1391 antehac
1312 1346 1427 1391 rari-

133 1428 248 1463 tates
268 1414 326 1473 ·in
362 1414 520 1461 belluis
541 1448 555 1472 ,
589 1413 636 1459 in
672 1413 883 1460 aedilitate
915 1414 1072 1460 Scauri
1109 1414 1224 1463 vidit
1253 1417 1429 1464 Roma-

136 1505 220 1536 nus
251 1488 447 1551 populus
479 1485 718 1549 primitus,
751 1486 888 1548 patris
928 1487 1046 1534 illius
1071 1488 1229 1535 Scauri
1249 1508 1427 1554 ‚quem

138 1562 385 1609 defendens
407 1559 616 1608 Tullius
604 1572 792 1624 imperat
814 1561 985 1620 Sardis,
1006 1573 1055 1608 ut
1075 1562 1128 1627 de
1150 1562 1313 1610 familia
1338 1582 1430 1612 no-

137 1636 219 1684 bili
239 1636 320 1699 ipsi
341 1651 526 1698 quoque
543 1651 645 1682 cum
669 1634 793 1681 orbis
810 1647 1032 1682 temarum
1049 1636 1312 1684 a11&oritate
1334 1638 1431 1686 sen·

131 1710 308 1769 ,tii-ent:
340 1710 391 1757 &
416 1725 497 1772 per
523 1719 672 1755 aetates
702 1707 866 1756 exinde
899 1709 1046 1771 plures
1079 1709 1191 1772 saepe
1229 1711 1318 1758 huc
1349 1713 1434 1759 du-

137 1782 226 1841 ai,
258 1798 381 1829 nunc
406 1781 603 1829 inveniri
630 1781 846 1844 nusquam
873 1782 1079 1845 poss'unt,
1098 1795 1149 1828 ut
1168 1784 1433 1847 conjefian·

137 1866 209 1903 tes·
237 1854 474 1919 regionum
501 1853 666 1900 incolae
705 1854 861 1902 dicunt
884 1891 897 1911 ,
931 1854 1181 1904 inseetantis
1223 1859 1432 1906 multitu-

139 1927 259 1975 dinis
289 1927 427 1974 taedio
451 1927 503 1972 ad
533 1926 793 1989 Blemmyas
823 1927 1025 1990 migrasse
1053 1929 1286 1990 compulsi.
1313 1933 1433 1978 inter

140 2001 376 2066 AEgyptias
410 2000 571 2058 alites,
597 2018 784 2064 quarum
827 2001 1019 2046 varietas
1053 2003 1180 2050 nullo
1221 2020 1435 2067 compre-

140 2076 278 2123 hendi
303 2092 491 2123 numero
525 2075 671 2138 potest
690 2113 706 2133 ‚
744 2075 827 2121 ibis
861 2076 980 2122 sacra
1008 2075 1071 2121 est
1101 2078 1151 2124 &
1188 2080 1390 2126 amabilis
1416 2118 1433 2139 ‚

142 2146 194 2196 &
228 2148 451 2207 innocua,
475 2149 579 2196 ideo
603 2150 727 2212 quod
750 2150 919 2196 nidulis
951 2148 1038 2196 suis
1066 2150 1121 2196 ad
1147 2151 1298 2200 cibum
1337 2154 1434 2218 sug-

142 2235 300 2283 gerens
329 2238 420 2275 ova
459 2222 710 2285 serpentum
740 2223 878 2271 efficit
896 2259 911 2281 ,
945 2235 993 2269 ut
1019 2224 1239 2272 rarescant
1269 2228 1436 2274 morti-

144 2292 252 2339 ferae
289 2295 429 2373 pestes
460 2295 684 2343 absumtae.
717 2297 980 2344 Occurrunt
1011 2297 1180 2344 eaedem
1221 2298 1436 2349 volucres

142 2364 340 2426 pinnatis
358 2367 606 2429 agminibus
625 2368 864 2431 anguium,
887 2368 965 2432 qui
983 2385 1038 2416 ex
1059 2370 1264 2419 Arabicis
1287 2388 1435 2420 emer-

144 2448 258 2500 gunt
291 2437 523 2499 paludibus
553 2458 728 2488 venena
760 2442 1090 2506 malignantes:
1109 2443 1277 2507 eoique
1308 2461 1436 2499 ante-

144 2525 280 2574 quam
297 2509 460 2565 finibus
481 2513 569 2563 suis
596 2514 846 2578 excedant,
864 2514 1039 2580 proeliis
1054 2514 1286 2578 superatos
1305 2518 1434 2568 aeriis

1063 2590 1111 2637 X
1148 2608 1173 2638 2
