1626 2917
311 139 529 194 RERUM
560 147 898 194 GESTARUM
933 146 1034 192 LIB.
1062 144 1256 191 XXVII.
1331 161 1382 199 12
1395 159 1427 191 ι’

149 255 317 302 saevitia
349 272 528 301 morum
559 255 705 300 multis
739 267 831 300 erat
865 253 1050 310 exosus,
1081 253 1164 299 hac
1196 252 1421 314 praecipue

150 325 275 373 causa
291 361 304 382 ,
327 327 450 390 quod
479 327 680 388 superare
697 326 842 372 hostes
863 326 908 372 in
927 325 1143 373 vastandis
1169 324 1424 387 provinciis

150 397 408 455 festinabat,
428 400 638 446 affinitate
667 399 857 462 Remigii
882 413 989 446 tunc
1020 398 1211 462 magistri
1239 398 1425 444 officio-

150 485 252 514 rum
283 468 508 515 confisus:
540 486 632 532 quo
663 486 802 530 prava
833 473 882 518 &
914 472 1139 518 contraria
1172 470 1390 517 referente
1410 505 1425 528 ‚

112 547 118 555 ‘
151 541 387 603 Princeps,
409 555 455 587 ut
478 559 566 604 prae
594 542 634 588 se
659 541 826 589 ferebat
858 543 946 605 ipse
965 579 977 601 ,
1006 544 1272 590 cautissimus
1292 543 1427 590 lacri-

151 610 274 659 mosa
306 612 531 674 dispendia
554 613 718 659 diutius
747 613 975 676 ignoravit
1001 615 1230 662 Afrorum.
1266 614 1429 662 Gesto-

152 701 252 730 rum
273 698 418 731 autem
441 703 518 747 per
538 703 608 732 eas
629 687 836 748 regiones
857 687 1009 734 seriem
1031 688 1205 750 plenam
1226 725 1237 745 ,
1268 690 1315 735 &
1336 690 1429 734 Ru-

153 756 251 804 ricii
283 758 476 819 praesidis
496 759 834 820 legatorumque
865 773 1082 818 mortem,
1109 762 1159 807 &
1183 773 1328 806 cetera
1357 759 1430 804 lu-

153 828 334 886 ἑὶιιοῖει,
367 847 468 877 cum
495 830 691 894 adegerit
718 831 862 888 ratio,
890 832 1142 894 diligentius
1177 831 1431 893 explicabo.

153 900 211 946 Et
238 900 452 962 quoniam
487 901 603 947 adest
634 901 746 946 liber
775 902 900 948 locus
932 903 1109 949 dicendi
1132 921 1145 959 3
1171 920 1270 965 quae
1302 902 1432 948 senti-

156 989 278 1030 mus,
294 987 444 1036 aperte
465 973 728 1037 loquamur:
752 976 869 1021 hunc
887 977 1206 1036 Imperatorem
1225 976 1435 1023 omnium

156 1045 348 1107 primum
375 1045 421 1092 in
451 1045 590 1106 majus
623 1047 832 1093 militares
862 1047 994 1094 fastus
1018 1049 1072 1094 ad
1096 1049 1254 1095 damna
1284 1066 1434 1096 rerum

159 1117 324 1165 auxisse
344 1118 674 1173 communium,
692 1119 927 1182 dignitates
941 1121 1139 1184 opesque
1158 1137 1314 1167 eorum
1334 1121 1436 1167 sub-

158 1189 306 1237 limius
325 1191 564 1254 erigentem
581 1208 591 1234 :
606 1193 654 1238 &
671 1191 796 1254 quod
822 1206 913 1238 erat
929 1193 1106 1255 publice
1133 1192 1436 1254 privatimque

156 1263 427 1321 dolendum,
451 1264 675 1311 indeflexa
710 1265 878 1311 saevitia
913 1264 1174 1327 punientem
1212 1265 1438 1328 gregario-

156 1351 254 1380 rum
292 1349 458 1393 errata‚
497 1349 751 1398 parcentem
788 1335 1072 1397 potioribus,
1112 1335 1188 1398 qui
1223 1350 1436 1400 tanquam

156 1407 348 1469 peccatis
376 1407 547 1453 indulta
581 1407 785 1465 licentia,
810 1408 863 1453 ad
887 1407 1029 1453 labem
1057 1407 1320 1454 defletorum
1350 1409 1437 1456 im-

159 1479 356 1525 manium
392 1481 747 1543 consurgebant:
780 1480 937 1543 quiex
972 1498 1027 1527 eo
1064 1481 1347 1539 anhelantes,
1382 1499 1438 1530 ex

158 1563 272 1597 nutu
294 1550 372 1597 suo
392 1551 651 1598 indistanter
673 1564 832 1613 putant
855 1553 1059 1599 omnium
1080 1553 1270 1615 pendere
1289 1553 1442 1606 form-z

157 1640 251 1670 nas.
284 1624 460 1669 Horum
486 1623 614 1671 flatus
644 1626 692 1671 δι
712 1626 911 1686 pondera
941 1625 1202 1673 inventores
1231 1626 1337 1689 juris
1357 1645 1441 1674 an-

159 1696 273 1760 tiqui
307 1696 590 1754 mollientes,
621 1698 754 1743 etiam
781 1697 978 1744 insontes
1012 1699 1226 1762 quosdam
1262 1700 1440 1762 aliquo-

159 1761 241 1818 ti'es
296 1770 522 1832 suppliciis
562 1770 732 1817 aboleri
784 1771 991 1818 censuere
1033 1771 1249 1820 letalibus.
1295 1773 1439 1834 Quod

160 1841 273 1904 saepe
293 1842 542 1906 contingit,
568 1860 669 1890 cum
691 1843 752 1889 ob
772 1844 1069 1890 multitudinis
1090 1845 1274 1891 crimina
1288 1882 1302 1902 ,
1322 1863 1440 1892 non-

160 1915 273 1962 nulli
305 1915 435 1961 sortis
463 1916 698 1979 iniquitate
728 1916 977 1978 pleftuntur
1004 1918 1214 1965 innoxii:
1242 1919 1287 1965 id
1318 1920 1441 1967 enim

162 2005 488 2051 nonnunquam
521 1989 575 2036 ad
613 1989 895 2051 privatorum
935 1990 1149 2052 pertinuit
1184 1991 1346 2051 causas.
1379 1995 1441 2038 At

160 2061 207 2108 in
238 2061 394 2109 Isauria
419 2061 635 2124 globatim
678 2079 756 2123 per
791 2063 940 2110 vicina
972 2064 1144 2127 digreffi
1174 2067 1438 2127 praedones,

162 2133 331 2194 oppida
351 2132 568 2196 villasque
592 2135 749 2181 uberes
779 2134 915 2181 libera
946 2136 1242 2198 populatione
1271 2155 1442 2185 vexan-

163 2217 253 2256 tes,
283 2204 587 2267 magnitudine
618 2206 881 2265 jafiurarum
914 2208 1224 2272 Pamphyliam
1258 2211 1442 2256 afflifflt-

162 2276 268 2325 bant
294 2278 342 2323 &
367 2277 544 2324 Cilicas.
577 2280 706 2337 Quos
730 2295 829 2324 cum
862 2278 997 2326 nullis
1022 2281 1274 2327 arcentibus
1300 2281 1441 2326 inter-

163 2347 325 2394 necive
355 2349 510 2396 cunila
541 2350 788 2411 disperdere
825 2350 937 2396 Afiae
969 2351 1163 2400 vicarius
1187 2369 1236 2399 ea
1269 2366 1442 2413 tempe-

167 2418 273 2469 state
297 2419 532 2471 Musonius
559 2421 814 2472 advertisset
829 2453 843 2479 ,
864 2422 1050 2470 Athenis
1069 2423 1232 2472 Atticis
1253 2424 1441 2472 antehac
