1626 2917
329 205 548 269 RERUM
583 219 919 270 GESTARUM
950 216 1053 270 2113:
1088 220 1197 271 xx.
1313 237 1402 286 225

131 342 264 394 atque
294 328 551 388 Celtarum,
572 328 747 376 facinus
776 329 1010 393 indignum
1044 330 1300 377 turbulente
1327 347 1413 378 ex-

131 404 318 460 clamat,
346 402 487 465 pridie
518 402 766 465 Augustum
800 419 957 449 eorum
995 403 1180 450 arbitrio
1217 403 1412 451 declara·

132 489 227 524 tum
243 513 257 534 ‚
276 476 384 523 clam
405 475 706 523 interemtum.
732 478 919 539 Hocque
943 490 1203 540 comperto,
1223 479 1413 536 milites,

131 566 249 614 quos
275 549 430 612 ignota
458 548 553 611 pari
583 547 881 596 sollicitudine
913 550 1160 596 movebant
1194 551 1245 598 &
1274 565 1412 610 nota,

135 638 236 685 pars
261 619 501 683 crispantes
523 619 718 677 miffilia,
741 619 815 666 alii
846 621 1100 667 minitantes
1126 621 1299 668 nudatis
1324 621 1418 685 gla-

135 697 241 752 diis,
258 693 435 742 diverso
457 710 661 757 vagoque
681 692 753 757 (ut
773 693 818 740 in
838 694 1076 756 repentino
1096 694 1230 757 solet)
1251 712 1417 743 excur-

136 769 497 830 su‘occupavere
525 767 770 813 volucriter
798 766 964 829 regiam
988 784 998 813 :
1029 765 1299 831 strepituque
1328 769 1418 816 im·-

138 841 257 890 mani
286 840 571 887 excubitores
593 839 780 901 perculsi
797 874 809 896 ,
830 841 879 886 &
910 840 1106 897 tribuni,
1129 843 1178 889 &
1205 841 1418 890 domesti—

141 929 299 961 corum
335 928 486 959 comes
511 911 760 962 Excubitor
792 911 1000 970 nomine,
1021 913 1243 976 veritique
1268 915 1420 962 versa-

140 987 244 1034 bilis
268 984 493 1046 perfidiam
515 985 666 1030 militis
684 1020 696 1040 ‚
714 1000 936 1030 evanuere
963 1001 1084 1032 metu
1115 987 1272 1034 mortis
1303 989 1421 1036 subi-

141 1072 199 1106 tae
221 1058 429 1121 dispalati.
453 1057 560 1103 Viso
584 1069 732 1103 tamen
761 1056 859 1102 otio
885 1057 1081 1117 (ummo,
1106 1059 1245 1122 quieti
1267 1061 1423 1111 stetere

141 1130 364 1197 paulisper
386 1131 566 1178 armati:
588 1131 638 1177 &
657 1130 946 1193 interrogati,
966 1148 1065 1194 quae
1085 1132 1210 1180 causa
1231 1134 1335 1182 effet
1352 1135 1424 1182 in-

143 1205 336 1254 consulti
364 1218 514 1250 motus
535 1205 584 1252 δε
601 1203 847 1267 repentini,
868 1204 942 1250 diu
964 1205 1155 1251 tacendo
1173 1206 1423 1258 haesitantes

143 1277 276 1340 super
292 1276 427 1323 salute
443 1276 659 1339 principis
672 1311 684 1333 ,
705 1292 800 1322 non
820 1287 946 1323 antea
965 1276 1248 1326 discesserunt
1262 1317 1274 1339 ‚
1292 1299 1424 1344 quam

145 1350 278 1399 acciti
297 1349 342 1395 in
360 1349 669 1396 consistorium
690 1348 933 1413 fulgentem
954 1366 1054 1397 eum
1069 1353 1252 1415 augusto
1268 1354 1425 1404 habitu

147 1423 492 1488 conspexissent.

214 1501 272 1545 V.
292 1498 372 1544 His
388 1510 535 1544 tamen
555 1492 713 1543 auditis
727 1532 740 1554 ‚
761 1492 891 1543 etiam
913 1495 1000 1554 illi,
1019 1512 1133 1561 quos
1155 1500 1428 1565 antegressos

150 1570 382 1619 retulimus
409 1570 598 1617 ducente
626 1569 795 1616 Sintula
814 1605 826 1626 ,
849 1587 948 1617 cum
973 1587 1028 1616 eo
1055 1570 1141 1631 jam
1173 1572 1311 1620 securi
1341 1576 1427 1624 Pa-

151 1644 281 1692 risios
309 1654 598 1690 revertuntur
618 1659 628 1689 z
649 1642 906 1705 ediftoquffi
925 1654 973 1688 ut
996 1641 1140 1690 futura
1160 1644 1256 1692 luce
1280 1647 1432 1697 cunili

155 1715 459 1766 convenirent
490 1713 535 1759 in
561 1731 721 1777 campo
744 1750 756 1771 ,
781 1714 1030 1776 progressus
1050 1715 1258 1779 princeps
1285 1720 1430 1768 ambi-

154 1790 312 1838 tiofius
332 1787 465 1834 solito
491 1786 685 1834 tribunal
702 1786 917 1841 ascendit,
939 1786 1070 1849 signis
1086 1788 1329 1852 aquilisque
1350 1792 1433 1839 cit·-

156 1861 389 1910 cumdatus
415 1862 464 1907 &
490 1859 694 1916 vexillis,
725 1858 954 1922 septusque
989 1860 1127 1906 tutius
1161 1874 1432 1913 armatarum

158 1935 421 1983 cohortium
454 1933 613 1996 globis.
643 1933 851 1994 Cumque
878 1930 1232 1994 interquievisset
1273 1938 1435 1997 paulu-

159 2007 252 2055 lum
272 2041 285 2062 ‚
308 2007 413 2052 dum
445 2005 532 2053 alte
564 2005 897 2066 contemplatur
933 2003 1212 2067 praesentium
1247 2008 1400 2056 'vultus
1421 2025 1441 2071 ,⁴

160 2079 328 2126 alacres
355 2095 512 2125 omnes
548 2077 669 2124 visos
695 2079 744 2124 &
777 2077 904 2123 laetos
923 2113 935 2134 ‚
962 2078 1079 2138 quasi
1111 2078 1228 2125 lituis
1247 2114 1260 2136 ‚
1287 2081 1440 2130 verbis

165 2150 247 2214 (ut
274 2150 460 2213 intelligi
485 2149 651 2213 poffit)
676 2148 947 2211 simplicibus
971 2150 1248 2198 incendebat.
1268 2155 1351 2200 Res
1374 2174 1444 2201 ar·

167 2227 253 2270 dua
269 2226 406 2285 poscit
430 2223 655 2287 &flagitat
673 2260 686 2282 ‚
700 2240 1027 2284 propugnatores
1047 2227 1126 2269 mei
1148 2228 1276 2285 reique
1302 2231 1445 2287 publi-

170 2314 222 2343 σαι
233 2295 367 2354 fortes
395 2294 532 2356 &fidi
545 2332 557 2352 ‚
577 2301 647 2357 qui
663 2315 814 2341 mecum
827 2296 1030 2360 prostant
1049 2300 1360 2356 provinciarum
1384 2303 1451 2346 υἱέ

171 2387 256 2416 tam
271 2371 431 2430 saepius
450 2369 650 2435 objecistis
668 2405 680 2426 ‚
699 2371 894 2429 quoniam
925 2370 1117 2428 Ccefizrem
1147 2370 1312 2434 vcssrum
1321 2374 1448 2431 firmo

163 2443 331 2499 judicio
354 2444 414 2486 ad
429 2443 670 2508 potestatum
693 2444 878 2487 omnium
901 2445 1083 2487 columen
1089 2440 1243 2502 fistuli
1275 2447 1338 2500 is,
1357 2458 1452 2505 per-T

158 2515 356 2581 stringere
382 2528 520 2574 pauca
534 2515 781 2574 ficmtnatz'm
801 2549 815 2570 ‚
837 2530 883 2559 ut
919 2519 1093 2562 remedia
1117 2514 1358 2577 permzttatae
1395 2520 1451 2565 rei

238 2589 463 2647 Ammian.
493 2588 730 2636 Marcellin.
765 2590 859 2634 Vol.
880 2589 919 2635 I.
1259 2589 1295 2646 Ρ
