1626 2917
308 199 530 250 RERUM
563 198 903 248 GESTARUM
938 194 1042 246 ΠΒ.
1078 196 1207 247 Xv1.
1337 212 1403 265 93

116 317 218 367 tur,
246 305 439 354 obfideri
468 304 697 368 coepisset,
717 303 1059 368 defensoresque
1082 303 1175 364 ejus
1207 303 1404 352 deditio-

119 397 223 428 nem
247 379 451 427 meditari
479 378 663 426 sentiret
681 395 691 424 :
722 377 892 424 veritus
909 413 923 435 ,
939 371 1001 423 ne*
1016 377 1212 440 parentis
1229 390 1405 439 oppro·‘

118 452 223 501 brio
251 452 399 515 puella
433 450 601 498 nobilis
636 449 817 512 captiva
847 450 1084 512 superesset
1116 451 1165 499 &
1198 450 1403 509 violata,

118 523 349 572 interfecta
369 524 445 572 illa
464 540 574 571 mox
597 522 792 586 gladium
813 521 860 569 in
879 521 1050 571 viscera
1068 521 1141 569 sua
1160 524 1404 587 compegit.

118 600 254 647 Nunc
273 600 476 656 redeam,
502 598 620 644 unde
650 596 824 643 diverti.

197 672 319 718 VIII.
349 671 569 734 Superato
588 704 601 728 ,
621 681 671 716 ut
695 669 818 728 dixi,
846 668 1069 717 Marcello
1088 704 1102 727 ‚
1130 668 1405 733 reversoque

118 743 378 801 Serdicam,
406 743 526 789 unde
554 741 812 799 oriebatur,
849 742 897 788 in
929 742 1075 789 castris
1106 742 1291 806 Augusti
1322 759 1404 805 per

118 816 449 864 fimulationem
481 817 658 863 tuendae
677 815 913 877 majestatis
941 817 1243 879 imperatoriae
1263 816 1404 865 multa

120 891 173 938 &
206 889 396 937 nefanda
428 890 811 953 perpetrabantur.
839 889 959 936 Nam
982 888 1015 934 fi
1039 890 1140 952 quis
1172 889 1301 953 super
1321 907 1406 937 oc-

120 975 255 1011 centu
280 963 435 1010 soricis
466 963 542 1010 ‘vel
573 962 765 1010 occursu
797 961 994 1009 mustelae
1016 997 1030 1021 ‚
1059 963 1137 1010 vel
1167 963 1317 1010 fimilis
1346 964 1407 1009 fi-

122 1034 200 1097 gni
219 1034 356 1098 gratia
375 1033 663 1081 consuluisset
678 1050 947 1097 quemquam
966 1033 1156 1096 peritum
1170 1070 1186 1091 ,
1208 1047 1285 1081 aut
1311 1034 1407 1081 ani-

118 1108 162 1154 le
192 1107 576 1155 incantamentum
609 1107 664 1155 ad
696 1107 952 1154 leniendum
983 1107 1248 1154 adhibuisset
1268 1109 1404 1156 dolo-

118 1195 239 1239 rem,
266 1181 424 1243 (quod
447 1180 683 1228 medicinae
708 1197 894 1245 quoque
910 1180 1103 1228 admittit
1126 1182 1402 1247 auctoritas)

117 1270 247 1312 reus,
266 1254 385 1300 unde
403 1269 498 1301 non
516 1266 696 1317 poterat
715 1254 924 1318 opinari,
944 1255 1142 1312 delatus,
1166 1255 1402 1320 raptusque

118 1328 169 1375 in
203 1326 455 1388 judicium,
483 1326 726 1390 poenaliter
764 1327 987 1374 interibat.
1028 1328 1112 1373 Per
1150 1327 1195 1373 id
1226 1340 1404 1390 tempus

119 1398 448 1447 fer........,·.num
470 1434 483 1456 ,
504 1399 726 1462 quendam
762 1399 950 1446 nomine
979 1401 1164 1446 Danum
1184 1436 1197 1458 ,
1230 1412 1404 1448 terrore

120 1484 254 1519 tenus
281 1487 402 1518 uxor
419 1487 567 1518 rerum
599 1471 768 1526 levium
789 1472 1038 1530 incusarat;
1060 1488 1229 1520 certum
1252 1493 1308 1522 an
1331 1476 1405 1523 in-

121 1559 324 1603 certum,
354 1543 575 1591 insontem
607 1544 797 1593 Rufinus
826 1546 1099 1604 subsidebat,
1121 1546 1249 1612 (quo
1282 1549 1405 1596 indi-

123 1631 254 1667 cante
286 1619 490 1682 quaedam
526 1619 707 1682 cognita
749 1636 828 1682 per
859 1620 1164 1666 Gaudentium
1197 1634 1404 1684 agentem

121 1692 172 1740 in
200 1692 360 1752 rebus,
390 1691 670 1739 consularem
697 1692 944 1740 Pannoniae
967 1703 1075 1739 tunc
1105 1691 1368 1740 Africanum
1386 1730 1402 1754 ,

121 1782 227 1813 cum
249 1765 468 1814 convivis
493 1766 726 1813 retulimus
750 1764 1067 1830 interfectum)
1089 1768 1403 1830 Apparitionis

121 1838 397 1903 praefeCIurae
425 1840 707 1902 praetorianae
731 1852 826 1886 tum
847 1840 979 1886 etiam
1000 1842 1207 1903 princeps
1228 1842 1291 1888 ob
1321 1843 1404 1890 de·

121 1913 377 1960 votionem.
404 1917 443 1960 Is
471 1925 522 1961 ut
550 1914 819 1977 loquebatur
846 1913 1101 1977 jactantius,
1137 1915 1402 1966 versabilem

120 1983 333 2032 seminam
372 1985 473 2048 post
509 1985 747 2032 nefandum
784 1987 1077 2034 concubitum
1104 1988 1401 2051 periculosam

120 2057 172 2105 in
200 2058 398 2105 fraudem
424 2058 596 2106 illexit:
629 2058 845 2122 suasitque
873 2059 1191 2107 consarcinatis
1215 2062 1402 2109 menda·-

120 2130 204 2178 ciis
223 2166 238 2188 ‚
269 2131 380 2178 laesae
413 2131 649 2193 majestatis
680 2132 889 2180 arceffere
908 2132 1116 2181 maritum
1140 2134 1365 2181 insontem
1384 2170 1402 2194 ‚

123 2205 176 2251 &
194 2203 360 2269 fingere
373 2238 387 2261 ‚
406 2206 532 2270 quod
550 2207 754 2253 velamen
775 2224 1051 2271 purpureum
1073 2226 1096 2255 a
1115 2209 1399 2256 Diocletiani
1473 2249 1476 2251 .

122 2261 328 2339 fepulcro
361 2278 528 2327 furatus
548 2315 562 2338 ‚
599 2280 861 2342 quibusdam
895 2281 1088 2329 consciis
1127 2282 1401 2330 occultabat.

125 2349 293 2413 Hisque
320 2352 375 2398 ad
393 2353 638 2400 multorum
658 2353 846 2400 exitium
867 2355 926 2402 ita
947 2354 1151 2403 formatis
1170 2391 1183 2415 ,
1203 2355 1294 2418 ipse
1326 2355 1400 2419 spe

125 2425 360 2488 potiorum
386 2428 440 2473 ad
472 2429 758 2491 Imperatoris
786 2431 997 2492 pervolat
1027 2431 1164 2480 castra
1182 2466 1196 2490 ‚
1229 2430 1402 2477 excita-

124 2509 250 2545 turus
281 2498 521 2550 calumnias
550 2500 798 2552 consuetas.
831 2503 988 2571 Reque
1017 2516 1247 2569 comperta
1273 2502 1404 2566 jubet
