1626 2917
219 156 317 189 v111
405 144 810 189 AMMJANI
851 145 1382 189 M.›IRCELLINI

218 253 386 308 stram,
414 250 603 315 periculi
630 249 831 296 instantis
863 250 1124 298 admonuit:
1145 260 1307 314 quo‘ea
1338 250 1513 299 ratione

220 318 454 377 superato,
480 316 628 363 miffus
647 315 708 360 est
731 318 1005 362 Marcellinus
1035 318 1090 362 ab
1121 318 1330 364 Ursicino
1354 318 1404 362 ad
1429 318 1511 362 Sa-

219 396 395 444 trapam
422 382 707 437 Corduenae‚
737 379 813 441 qui
841 397 864 427 a
898 381 1118 428 Romanis
1149 399 1242 427 non
1279 395 1371 427 erat
1403 382 1512 427 alie-

220 463 306 494 nus
324 483 339 505 ,
370 461 420 493 ut
441 446 665 494 Persarum
697 444 884 491 consilia
910 445 1176 493 scrutaretur
1197 465 1208 494 :
1232 445 1514 505 deleclusque

219 512 328 560 ideo
356 511 472 569 fuit,
499 511 604 574 quia
633 509 892 557 liberalibus
924 510 1166 573 disciplinis
1187 512 1359 559 deditus
1390 523 1513 568 erat,

220 577 386 640 quibus
414 577 546 624 etiam
567 577 743 635 Satrapa
766 575 1075 623 deleE’tabatur.
1107 578 1224 636 Quae
1253 577 1416 639 legatio
1442 575 1514 622 fe-

224 643 290 689 lix
317 643 430 688 adeo
465 640 549 692 fuit
568 676 582 696 ‚
608 652 658 686 ut
687 640 908 686 Persicum
935 654 1192 704 apparatum
1224 642 1415 689 oculitus
1444 641 1515 687 di-

225 707 418 763 dicerit,
445 705 738 767 retuleritque
777 706 1011 752 comitatui
1052 706 1260 754 Ursicini.
1295 710 1363 753 Eo
1398 718 1514 751 tem-

224 789 337 835 pore
359 787 408 818 ac
439 771 560 817 bello
586 770 813 817 retinuifl‘e
830 771 979 817 adhuc
1003 771 1286 817 Ammianum
1310 770 1515 830 militiam

226 839 278 884 &
308 835 568 899 dignitatem
604 835 878 882 ProteEloris
908 836 1159 883 Domestici
1183 871 1198 894 ‚
1224 853 1279 882 ex
1311 852 1368 882 eo
1397 852 1515 882 con-

226 901 310 948 stat
326 936 339 956 ‚
359 902 486 962 quod
502 903 806 947 Verennianum
825 901 1038 964 aequalem
1054 937 1068 957 ,
1082 902 1387 947 Proteelorem
1410 901 1518 947 Do-

225 965 459 1014 mesticum
482 1000 496 1022 ‚
529 966 584 1011 de
613 982 709 1029 quo
736 965 889 1027 supra,
915 971 1111 1028 collegam
1128 968 1258 1027 suum
1285 964 1478 1028 appellat
1499 997 1518 1021 ,

227 1049 331 1079 cum
355 1029 450 1092 ejus
478 1030 623 1078 casum
657 1029 865 1078 describit
892 1048 903 1077 :
934 1047 1029 1077 non
1057 1031 1175 1077 enim
1199 1031 1356 1076 dubito
1374 1065 1388 1086 ,
1407 1028 1519 1092 quin

227 1096 267 1144 is
293 1096 345 1141 sit
364 1131 378 1152 ‚
406 1112 538 1159 quem
567 1095 790 1142 editiones
824 1108 1037 1157 corrupte
1065 1095 1289 1158 appellant
1321 1095 1397 1141 lib.
1425 1095 1517 1141 XV

228 1162 374 1209 modo
413 1163 668 1217 Verianum,
690 1161 830 1206 tnodo
870 1164 912 1206 V
911 1165 1155 1208 erinianum.
1186 1163 1235 1206 ln
1265 1175 1322 1206 eo
1348 1160 1469 1205 bello
1493 1175 1520 1206 a

230 1228 345 1273 duce
378 1225 458 1272 suo
486 1225 698 1273 Ursicino
733 1226 781 1272 vi
812 1226 1016 1273 Parthica
1046 1225 1266 1288 separatus
1303 1227 1521 1271 Marcelli-

229 1311 340 1347 nus,
365 1292 571 1338 Amidam
596 1291 767 1354 magnis
798 1291 943 1337 tenuit
963 1291 1172 1337 aerumnis
1191 1325 1204 1348 ,
1228 1308 1328 1354 quae
1353 1291 1408 1336 ab
1429 1290 1520 1335 ho-

229 1357 294 1404 ste
315 1357 517 1415 tandem,
539 1369 855 1420 propugnante
885 1356 1002 1402 inter
1024 1369 1199 1403 ceteros
1221 1356 1404 1412 nostro,
1423 1370 1522 1400 non

233 1422 498 1470 obtinendae
520 1422 669 1468 salutis
685 1456 698 1478 ,
726 1421 798 1467 sed
824 1419 1004 1467 fortiter
1026 1420 1249 1467 moriendi
1278 1420 1422 1467 studio
1443 1419 1522 1465 fla·

234 1502 390 1551 grante
408 1523 423 1545 ,
454 1500 502 1533 ut
529 1488 590 1533 ait
609 1523 625 1544 ,
654 1486 751 1549 post
771 1486 920 1550 longae
950 1488 998 1535 δι
1026 1484 1286 1548 periculosae
1318 1485 1523 1531 obsidio-

232 1552 306 1599 nis
330 1569 508 1608 moram
541 1566 669 1615 capta
701 1551 792 1597 est:
820 1568 875 1598 ex
908 1567 994 1614 qua
1023 1552 1261 1614 quomodo
1295 1549 1524 1604 evaserit,

237 1618 290 1665 &
328 1619 490 1681 quibus
521 1616 655 1664 fuerit
686 1617 877 1680 agitatus
906 1616 1101 1674 casibus,
1133 1616 1309 1672 donec,
1341 1625 1526 1676 reperto

236 1683 352 1729 duce
396 1686 474 1728 iuo
496 1718 510 1740 ,
547 1700 647 1730 cum
680 1699 736 1728 eo
770 1681 1065 1729 Antiochiam
1105 1680 1290 1739 revisit,
1324 1680 1527 1726 modeste

236 1761 570 1798 commemorat
603 1747 676 1793 lib.
714 1749 842 1795 XIX.

304 1813 508 1860 Reverso
536 1826 682 1860 autem
712 1813 766 1859 ad
798 1810 1113 1859 commilitium
1145 1810 1365 1874 Principis
1396 1810 1527 1857 Ursi-

239 1877 349 1926 cino
370 1915 383 1935 ,
411 1877 621 1940 facioque
654 1878 814 1924 iterum
848 1876 1061 1941 Magistro
1091 1877 1290 1937 peditum
1326 1875 1527 1921 Praesen-

240 1944 399 1989 talium
420 1979 432 1999 ‚
456 1943 690 2006 probabile
715 1943 800 2000 est,
821 1946 1033 1990 comitem
1060 1940 1156 2003 ejus
1176 1941 1389 1988 affiduum
1415 1951 1527 1986 Am·-

232 2012 433 2056 mianum
451 2044 464 2066 ‚
489 2009 543 2055 ad
567 2008 834 2055 ProteCloris
853 2006 1107 2055 Domestici
1126 2006 1399 2053 ordinariam
1421 2004 1528 2051 fun-

243 2074 440 2122 &ionem
461 2073 630 2120 rediiffe
647 2091 657 2120 :
676 2087 751 2122 aut
780 2073 810 2119 fi
835 2075 891 2120 ad
912 2072 1151 2134 ampliores
1172 2071 1406 2134 dignitates
1427 2070 1528 2117 fue-

241 2138 302 2185 rit
330 2139 595 2199 provectus,
620 2137 817 2184 modeste
837 2139 1019 2185 reticet(
1036 2137 1167 2184 Bellis
1187 2136 1311 2192 sane,
1331 2153 1381 2184 ac
1403 2153 1528 2198 proe-

241 2203 349 2261 liis,
387 2205 436 2250 &
471 2203 731 2266 periculosis
767 2203 1133 2265 expeditionibus
1155 2237 1169 2258 ‚
1202 2214 1329 2248 aetate
1362 2200 1447 2260 jam
1478 2200 1527 2247 in

244 2282 468 2316 maturum
495 2269 733 2331 gliscente,
753 2269 1046 2316 acceffionem
1070 2267 1259 2314 honoris
1281 2276 1532 2323 meruerat,

245 2332 373 2395 cujus
406 2346 552 2379 tamen
587 2351 678 2396 prae
709 2334 933 2380 literarum
965 2350 1014 2379 ac
1045 2332 1345 2378 doclrinarum
1377 2331 1533 2377 dulce-

244 2399 351 2443 dine
390 2399 520 2444 valde
554 2412 765 2460 appetens
787 2433 801 2455 ,
834 2410 908 2443 aut
936 2397 1197 2443 ambitiosus
1225 2413 1317 2440 non
1352 2396 1532 2440 videtur

247 2463 389 2512 fuisse.
427 2464 575 2511 Porro
608 2464 814 2528 quamvis
845 2463 1150 2512 palatinorum
1184 2460 1423 2519 calumniis,
1448 2477 1531 2524 ap-
