1626 2917
287 89 502 142 RERUM
535 94 875 140 GESTARUM
912 93 1019 139 ΜΒ.
1057 93 1212 140 xxv:
1344 111 1399 155 59

120 201 171 248 &
197 201 415 247 moenium
456 199 762 264 magnitudine
794 198 1023 245 restitisset.
1070 197 1220 244 Miseri
1252 208 1403 243 tamen

119 273 228 320 licet
255 272 421 335 majore
452 274 632 320 venturi
662 289 832 335 pavore
865 272 1307 335 constringerentur,
1330 270 1404 333 spe

118 357 269 392 tamen
301 346 527 393 sustentari
565 358 809 408 potuerunt
846 345 1040 407 exigua:
1082 345 1163 391 hac
1200 344 1366 391 scilicet
1389 380 1404 400 ,

120 419 248 465 velut
276 418 434 482 suopte
462 433 620 475 motu,
654 419 728 465 vel
755 432 966 465 exoratus
997 435 1156 465 eorum
1195 418 1405 480 precibus

118 491 367 554 Imperator
384 528 396 551 ‚
427 493 586 539 eodem
613 491 722 538 statu
744 491 953 538 retinebit
980 492 1135 538 urbem
1153 528 1166 549 ,
1201 491 1406 539 Orientis

120 564 416 613 firmiffimum
443 564 690 613 claustrum.
710 566 834 612 Dum
869 566 1091 628 gestorum
1118 565 1271 611 seriem
1301 563 1405 611 ubi-

118 656 209 703 que
230 657 436 688 rumores
465 640 753 687 diffunditant
776 640 889 686 varii
909 676 922 697 ‚
944 639 990 685 in
1010 640 1210 686 exercitu
1232 639 1403 685 absum-

119 712 176 759 tis
191 713 515 760 commeatibus
535 712 687 775 paucis
699 748 713 771 ,
735 729 850 777 quos
868 713 1080 760 advestos
1095 713 1405 776 praediximus,

119 785 167 833 in
196 804 392 850 corpora
412 788 484 835 sua
505 788 728 835 necessitas
749 802 841 836 erat
863 789 1055 834 humana
1086 789 1299 835 vertenda
1314 825 1326 846 ,
1357 791 1406 838 ni

121 859 428 922 jumentorum
449 878 553 908 caro
576 861 791 908 caesorum
814 861 1094 923 aliquatenus
1114 861 1406 923 perdurasset:

122 933 242 979 unde
274 932 475 980 effe&um
496 933 557 979 est
578 970 590 990 ‚
625 946 672 978 ut
703 935 752 980 &
783 950 1009 978 armorum
1036 933 1246 995 pleraque
1264 934 1406 996 proji-

123 1018 331 1053 cerentur
367 1008 416 1054 &
444 1006 731 1053 sarcinarum.
765 1006 893 1052 Adeo
930 1005 1048 1051 enim
1082 1006 1225 1051 atroci
1256 1006 1408 1052 tabui-

123 1094 223 1125 mus
246 1077 361 1125 fame
380 1114 394 1137 ‚
417 1090 466 1124 ut
489 1078 518 1124 fi
539 1078 721 1141 usquam
746 1077 927 1124 modius
950 1093 1066 1124 unus
1088 1076 1241 1123 farinae
1261 1077 1407 1125 suiffet

123 1162 352 1214 repertus,
375 1151 503 1214 quod
533 1168 636 1197 raro
657 1150 910 1214 contigerat
929 1185 942 1206 ‚
969 1148 1110 1196 aureis
1135 1149 1286 1196 decem
1305 1167 1409 1197 mu-

124 1235 291 1271 taretur
313 1237 362 1271 ut
385 1225 546 1272 minus.
574 1223 766 1271 Profeffi
784 1223 945 1269 exinde
970 1222 1253 1285 Thilsaphata
1273 1222 1411 1270 veni-

124 1315 246 1357 mus,
275 1298 352 1345 ubi
375 1298 648 1345 Sebastianus
666 1311 796 1358 atque
818 1298 1069 1359 Procopius
1088 1314 1188 1345 cum
1215 1298 1408 1346 tribunis

127 1370 445 1434 principiisque
473 1371 663 1417 militum
707 1369 784 1415 fibi
814 1369 868 1415 ad
897 1369 1105 1416 tuendam
1143 1368 1411 1431 Mesopota-

127 1443 262 1490 miam
278 1442 635 1499 commissorum,
658 1455 705 1488 ut
721 1441 930 1504 poscebat
943 1440 1199 1488 solemnitas
1211 1477 1224 1498 ,
1242 1454 1411 1489 occur-⁴

128 1528 313 1563 rerunt:
340 1517 387 1563 &
408 1516 705 1579 sequebantur
739 1515 930 1579 benigne
957 1514 1154 1578 suscepti.
1177 1513 1278 1561 Post
1305 1531 1407 1577 quae

126 1589 287 1638 itinere
319 1590 526 1637 festinato
542 1627 556 1649 ‚
578 1590 717 1636 Nisibi
756 1590 915 1652 cupide
942 1589 1034 1635 visa
1055 1626 1068 1647 ‚
1093 1602 1217 1635 extra
1248 1589 1406 1635 urbem

127 1663 288 1711 stativa
327 1664 463 1711 castra
510 1663 657 1727 posuit
693 1664 903 1726 Princeps
940 1682 950 1710 :
986 1663 1254 1727 rogatusque
1289 1663 1408 1710 enise

127 1748 339 1799 precante
370 1736 607 1798 multiplici
642 1736 800 1797 plebe,
836 1746 886 1782 ut
913 1734 1122 1798 ingressus
1142 1771 1157 1792 ,
1193 1735 1407 1797 palatium

127 1826 256 1856 more
280 1809 533 1856 succederet
553 1809 807 1871 Principum
827 1843 841 1866 ‚
861 1808 1148 1871 pertinaciter
1169 1809 1408 1856 relufflatus

128 1882 192 1928 est
208 1917 222 1941 ‚
254 1883 516 1929 erubescens
534 1918 547 1940 ‚
568 1894 724 1945 agente
743 1881 784 1927 se
802 1882 918 1929 intra
944 1898 1097 1928 muros
1116 1917 1128 1937 ,
1148 1883 1304 1928 urbem
1335 1881 1409 1927 in-

129 1955 471 2018 expugnabilem
493 1955 611 2002 iratis
632 1954 831 2001 hostibus
856 1954 982 2002 tradi.
1012 1955 1075 2001 lbi
1094 1971 1201 2003 tunc
1224 1955 1409 2017 vespera

128 2027 388 2074 tenebrante
404 2062 417 2084 ‚
450 2039 601 2089 raptus
620 2043 643 2072 a
668 2043 797 2073 coena
817 2025 1032 2073 Jovianus
1054 2062 1068 2085 ‚
1099 2027 1270 2089 primus
1289 2028 1408 2074 inter

129 2100 333 2147 notarios
365 2116 553 2158 omnes,
574 2117 706 2163 quem
735 2099 781 2145 in
816 2099 1052 2146 obsidione
1084 2100 1278 2148 civitatis
1307 2102 1409 2146 Ma-

129 2171 420 2234 jozamalchae
445 2189 524 2235 per
553 2171 813 2220 cuniculum
835 2173 1071 2221 docuimus
1100 2174 1280 2220 evasisse
1305 2190 1410 2220 cum

131 2245 230 2291 aliis
256 2280 270 2303 ‚
301 2246 538 2309 duffiiusque
573 2246 627 2293 ad
669 2245 851 2292 devium
889 2246 1076 2306 locum,
1121 2247 1171 2294 &
1210 2263 1408 2309 praeceps

132 2317 252 2363 aEius
270 2316 314 2362 in
335 2330 519 2380 puteum
547 2318 709 2365 siccum
731 2355 745 2375 ‚
771 2319 960 2366 obrutus
979 2318 1040 2366 est
1061 2319 1267 2366 saxorum
1289 2321 1410 2365 mul-

130 2390 320 2439 titudine
338 2391 599 2457 fflperjefiia:
616 2393 731 2440 hanc
749 2392 954 2457 profesto
977 2394 1038 2442 ob
1058 2394 1228 2444 causam
1242 2428 1258 2452 ,
1281 2392 1409 2458 quod
