1626 2917
298 142 517 190 RERUM
551 142 885 190 GESTARUM
915 143 1019 188 LIB.
1050 143 1226 189 XXIX.
1315 144 1402 204 187

121 254 262 316 phum
290 252 512 317 quendam
543 252 807 300 Coeranium
825 289 839 311 ‚
867 252 986 299 haud
1010 251 1138 299 exilis
1170 250 1317 298 meriti
1338 250 1409 297 vi-

123 340 258 382 rum,
282 340 332 371 ea
369 324 494 372 causa
531 336 866 371 tormentorum
900 322 1173 370 immanitate
1212 321 1407 368 inultum

127 398 326 457 occidit,
351 400 478 463 quod
508 399 563 446 ad
590 397 832 462 conjugem
857 397 978 445 suam
1012 396 1286 444 familiariter
1307 395 1410 442 scri-

126 471 263 530 bens,
283 472 328 518 id
356 473 560 519 sermone
584 471 811 520 addiderat
842 472 1037 518 Graeco:
1062 478 1110 519 σὺ
1136 478 1182 519 s&
1214 477 1309 524 νόει,
1340 477 1409 516 καὶ

128 553 252 604 στέφε
273 553 341 595 τὴν
366 555 506 598 vunnu.-
527 546 652 610 quod
685 544 774 592 dici
808 543 1151 608 proverbialiter
1180 542 1294 589 solet
1312 576 1327 599 ‚
1360 553 1412 587 ut

127 619 311 668 audiens
352 621 482 668 altius
517 622 687 687 aliquid
724 620 943 684 agendum
987 618 1213 682 agnoscat.
1259 620 1411 662 Anum

128 695 351 755 quandam
384 696 628 760 {implicem
647 733 661 756 ‚
693 693 991 743 intervallatis
1020 692 1217 740 febribus
1247 689 1413 737 mederi

128 764 220 812 leni
240 769 438 816 carmine
466 770 722 818 consuetam
745 805 757 827 ,
783 767 954 816 occidit
982 778 1031 813 ut
1055 765 1240 812 noxiam
1262 799 1274 819 ‚
1295 762 1414 825 post·

129 853 266 900 quam
299 837 432 889 filiam
467 842 588 891 suam
612 842 709 905 ipso
743 840 931 889 conscio
964 837 1140 887 curavit
1175 836 1330 883 accita.
1362 836 1413 880 In

131 911 295 960 chartis
325 914 550 978 cujusdam
571 914 812 978 municipis
845 914 953 961 clari
977 911 1157 960 scrutari
1186 927 1241 956 ex
1269 924 1415 972 nego-

133 982 199 1029 tio
219 983 367 1045 juffis,
386 987 590 1051 genitura
618 986 820 1034 Valentis
852 984 1078 1047 cujusdam
1103 983 1292 1029 inventa
1327 980 1417 1027 est:

134 1058 436 1124 repellensque
457 1061 702 1110 calumnias
720 1060 755 1108 is
770 1097 784 1118 ,
803 1058 929 1121 cujus
952 1058 1187 1115 intererat,
1209 1073 1309 1103 cum
1331 1055 1418 1101 ob·

131 1129 364 1193 jenaretur
385 1134 448 1194 ei,
475 1134 767 1199 quamobrem
787 1131 1175 1181 constellationem
1202 1127 1418 1189 Principis

133 1206 380 1272 collegisset
398 1246 412 1267 ‚
445 1210 625 1258 fratrem
646 1211 770 1257 suum
793 1210 918 1256 fuiffe
943 1208 1205 1265 Valentem,
1229 1205 1420 1252 dudum-

132 1295 221 1343 que
265 1280 430 1335 offiffe,
461 1282 838 1330 documentorum
877 1280 1008 1342 plena
1045 1278 1132 1324 fide
1172 1276 1420 1323 monstrare

134 1354 366 1417 pollicitus
386 1392 399 1413 ‚
430 1356 731 1419 inexspeElato
766 1354 967 1401 veritatis
1000 1353 1172 1401 indicio
1204 1353 1418 1410 laniatus,

135 1427 255 1474 lacer
282 1428 528 1476 trucidatus
546 1428 620 1475 est.
646 1426 778 1473 Visus
802 1425 1057 1474 adolescens
1078 1426 1124 1472 in
1154 1422 1324 1471 balneis
1346 1424 1421 1471 ad-

136 1517 327 1548 movere
350 1500 565 1549 marmori
589 1517 748 1548 manus
773 1498 1000 1562 utriusque
1032 1498 1198 1563 digitos
1228 1497 1421 1544 alterna-

110 1590 116 1595 ·
136 1572 218 1620 tim
238 1575 288 1622 &
306 1573 503 1636 pectori,
525 1574 782 1636 septemque
808 1571 990 1620 vocales
1017 1571 1165 1618 literas
1194 1568 1421 1617 numeras-

136 1645 180 1693 se
200 1682 215 1705 ,
243 1646 298 1693 ad
326 1645 542 1693 stomachi
571 1645 820 1692 remedium
859 1643 1061 1707 prodesse
1084 1643 1130 1690 id
1158 1643 1422 1690 arbitratus:

137 1719 187 1767 in
202 1718 432 1781 ,judicium
455 1719 617 1767 trastus
635 1753 648 1778 ,
676 1717 903 1781 percussus
934 1716 996 1764 est
1024 1716 1173 1781 gladio
1196 1716 1297 1780 post
1323 1728 1420 1764 tor-

140 1805 302 1840 menta.

206 1866 278 1911 111.
305 1863 386 1911 His
415 1864 467 1912 &
495 1863 606 1911 mihi
638 1863 834 1913 vertenti
862 1863 1009 1911 stilum
1040 1861 1086 1910 in
1116 1862 1282 1910 Gallias
1306 1879 1423 1911 con-

141 1935 344 1983 funditur
375 1937 493 1983 ordo
527 1935 744 2001 seriesque
774 1936 995 2002 gestorum
1014 1971 1029 1994 ‚
1061 1935 1176 1982 inter
1204 1936 1342 1983 multa
1375 1937 1427 1984 &

142 2007 259 2055 saeva
292 2008 590 2056 Maximinum
627 2009 854 2072 reperiens
882 2007 969 2071 jam
1000 2007 1253 2072 praefeElum
1280 2026 1291 2054 ε
1317 2007 1422 2071 qui,

142 2080 358 2144 potestate
382 2082 468 2130 late
488 2081 641 2129 diffusa
657 2117 671 2140 ,
688 2081 878 2130 scaevum
901 2079 1165 2144 Imperatori
1189 2080 1424 2129 accesserat

143 2152 458 2213 incentivum,
488 2154 701 2217 majestati
733 2154 927 2201 fortunae
961 2154 1162 2201 miscenti
1199 2153 1423 2202 licentiam

146 2243 340 2289 gravem.
365 2228 579 2293 Quisquis
606 2228 739 2293 igitur
754 2228 865 2275 dieta
883 2227 1132 2275 considerat
1146 2264 1162 2286 ,
1182 2228 1428 2291 perpendat

146 2300 280 2348 etiam
298 2314 465 2363 cetera,
480 2320 580 2368 quae
603 2314 831 2351 tacentur:
851 2302 1028 2349 veniam
1049 2302 1230 2349 daturus
1252 2314 1300 2348 ut
1319 2318 1429 2364 pru-

147 2373 281 2434 dens,
302 2374 332 2421 fi
357 2391 454 2423 non
489 2377 647 2425 cuneta
675 2374 1020 2438 complectimur
1041 2410 1054 2433 ,
1082 2392 1181 2438 quae
1212 2376 1427 2422 contilao·

148 2462 246 2493 rum
270 2447 465 2510 pravitas
480 2484 495 2510 ‚
518 2449 703 2498 crimina
721 2448 768 2496 in
789 2448 932 2513 majus,
947 2453 1282 2516 exaggerand0‚
1299 2464 1428 2497 com*
