1626 2917
216 210 311 273 ‘348
432 212 766 258 AMMIANI
822 212 1299 261 MARCELLINI

218 317 303 364 niis
322 316 603 363 imminutam
624 336 634 364 :
666 318 816 380 primo
841 335 918 380 per
939 319 1113 382 Cyrum
1128 355 1140 377 ‚
1160 336 1292 382 quem
1313 318 1508 381 Bospori

220 388 382 435 fretum
412 406 513 435 cum
545 390 832 436 multitudine
859 389 1060 437 fabulosa
1095 392 1424 455 transgressum,
1448 389 1509 437 act

217 461 573 507 internecionem
603 461 773 508 delevit
791 461 1014 525 Tomyris
1035 463 1186 526 regina
1205 463 1504 527 Scytharum,

216 535 354 580 ultrix
375 534 588 581 acerrima
614 533 825 581 filiorum.
844 535 1024 582 Deinde
1040 553 1140 582 cum
1163 537 1361 594 Dareus,
1382 535 1505 598 post-

217 623 356 670 eaque
388 608 562 654 Xerxes
579 644 591 665 ,
617 610 840 655 Graeciam
872 609 1196 655 elementorum
1221 607 1303 654 usu
1327 619 1509 654 mutato

217 680 433 743 aggreffi,
462 681 631 729 cunetis
667 699 794 745 paene
831 683 976 745 copiis
1005 695 1120 728 terra
1157 682 1354 743 marique
1392 698 1502 728 con-

215 752 402 811 sumtis,
439 753 522 801 vix
570 754 649 816 ipsi
695 768 842 801 tutum
889 755 1104 803 invenere
1144 753 1371 801 disceffum
1406 772 1418 800 ε
1454 765 1506 799 ut·

217 826 333 874 bella
373 842 688 891 praetereamus
719 829 998 886 Alexandri,
1033 831 1083 877 &
1124 827 1388 875 testamento
1427 844 1507 875 na-

213 902 388 948 tionem
421 919 603 949 omnem
642 904 687 949 in
719 903 980 950 succefforis
1010 902 1143 949 unius
1185 901 1281 963 jura
1315 901 1506 949 transla-

215 986 320 1021 tam.
342 975 521 1035 Quibus
542 976 724 1038 pet-aclis
744 975 1086 1040 transcurfisque
1111 973 1393 1037 temporibus
1412 973 1516 1019 lon».

217 1047 284 1111 gis
301 1084 314 1104 ,
337 1047 416 1094 sub
437 1047 697 1095 consulibus
715 1084 728 1106 ,
752 1049 802 1097 &c
822 1049 1031 1110 deinceps
1051 1048 1097 1094 in
1117 1046 1380 1110 potestatem
1400 1047 1504 1092 Cae-

214 1123 359 1167 sarum
402 1122 574 1168 redacta
614 1122 877 1184 republica,
919 1122 1153 1169 nobiscum
1198 1139 1260 1168 eae
1300 1120 1505 1166 nationes

212 1194 398 1241 subinde
434 1194 702 1241 dimicarunt
723 1230 736 1252 ‚
777 1193 1046 1257 paribusque
1082 1192 1325 1239 momentis
1360 1192 1504 1239 inter-

213 1268 343 1324 dum,
364 1267 603 1331 aliquoties
630 1267 841 1330 superatae
861 1304 874 1324 ‚
901 1284 1230 1330 nonnunquam
1264 1267 1410 1313 abiere
1431 1267 1502 1313 vi-

213 1339 383 1385 &rices
411 1340 547 1385 Nunc
573 1338 783 1385 locorum
813 1339 971 1394 situm,
1001 1351 1221 1400 quantum
1240 1338 1355 1384 ratio
1379 1338 1502 1396 finit,

212 1411 402 1475 carptim
424 1412 712 1475 breviterque
740 1412 987 1458 absolvam.
1010 1411 1091 1457 Hae
1112 1411 1318 1474 regiones
1339 1411 1387 1457 in
1411 1428 1508 1457 ani--

213 1484 456 1548 plitudines
485 1483 653 1530 diffusae
688 1484 845 1547 longas
874 1485 924 1532 &
955 1484 1059 1530 latas
1078 1518 1091 1540 ‚
1122 1500 1177 1529 ex
1211 1483 1338 1529 omni
1368 1483 1509 1530 latere-

214 1555 463 1604 insulosum
492 1557 542 1604 &
567 1555 739 1602 celebre
769 1555 990 1602 Persicum
1024 1555 1227 1601 ambiunt
1249 1572 1369 1601 mare
1391 1573 1401 1601 ε
1427 1572 1502 1602 cu-

212 1630 282 1694 jus
310 1631 421 1678 ostia
447 1633 560 1678 adeo
581 1630 665 1677 efl‘e
691 1631 987 1693 perhibentur
1011 1630 1194 1694 angusta
1212 1667 1225 1689 ‚
1245 1642 1294 1677 ut
1316 1648 1370 1677 ex
1392 1631 1502 1677 Har-

213 1718 431 1753 mozonta
450 1705 702 1753 Carmania:
720 1705 1046 1767 promontorio
1067 1716 1225 1752 contra
1245 1705 1507 1766 oppositum

214 1777 337 1823 aliud
370 1777 739 1838 promontorium
761 1813 775 1833 ‚
805 1777 932 1840 quod
957 1775 1182 1838 appellant
1206 1775 1369 1822 incolae
1399 1778 1502 1823 Ma·

216 1865 316 1907 ces,
341 1848 431 1896 fine
472 1849 799 1911 impedimento
834 1863 1054 1896 cernatur.
1081 1848 1259 1910 Quibus
1291 1848 1503 1912 angustiis

213 1920 486 1983 permeatis,
523 1937 623 1966 cum
665 1919 858 1966 latitudo
893 1919 1086 1980 patuerit
1125 1919 1256 1965 nimis
1292 1918 1467 1964 extensa
1486 1955 1508 1978 ‚¹

214 1991 448 2055 navigatio
477 1992 670 2055 adusque
690 1992 846 2038 urbem
872 1993 1112 2040 Teredona
1133 1990 1376 2054 porrigitur
1390 2027 1403 2049 ,
1424 1991 1508 2038 ubi·

213 2064 314 2129 post
336 2063 520 2126 jaauras
552 2064 823 2126 multiplices
851 2065 1013 2128 pelago
1049 2063 1257 2110 miscetur
1296 2065 1500 2125 Euphra-

213 2150 315 2184 tes:
350 2138 586 2202 omnisque
614 2138 729 2184 finus
765 2137 1042 2184 dimensione
1075 2137 1233 2183 litorea
1260 2137 1306 2183 in
1341 2153 1500 2183 nume-

213 2228 313 2258 rum
342 2211 505 2274 viginti
531 2211 720 2257 millium
741 2211 1008 2268 stadiorum,
1034 2210 1159 2257 velut
1188 2209 1332 2272 spatio
1351 2211 1499 2257 detor-

213 2294 324 2330 nato
354 2280 538 2330 finitur:
568 2282 698 2344 cujus
722 2299 800 2346 per
827 2298 928 2329 oras
948 2298 1104 2328 omnes
1137 2282 1410 2344 oppidorum
1438 2281 1507 2331 est⁴

214 2354 404 2402 densitas
436 2357 485 2402 &
507 2354 753 2412 vicorum,
782 2354 1057 2416 naviumque
1091 2354 1234 2400 crebri
1269 2353 1506 2404 discursus..

214 2430 334 2491 Ergo
348 2428 583 2490 permeatis
603 2427 810 2491 angustiis
832 2441 933 2473 ante
957 2426 1079 2473 distis
1099 2462 1113 2485 ‚
1135 2426 1319 2473 venitur
1336 2428 1390 2474 ad
1412 2428 1496 2473 Ar-

214 2501 375 2549 meniae
407 2501 546 2550 finum
570 2537 584 2561 ,
618 2501 800 2549 Orienti
836 2499 1062 2564 objectum
1089 2500 1345 2551 intervallo.
1372 2501 1498 2556 Canz
