1626 2917
249 155 348 216 476
468 151 806 209 AMMtANi
847 149 1324 202 MARCELLlNl

251 275 342 308 nas·
363 256 557 317 vidimus
587 254 781 312 multos,
801 253 917 301 utin
942 254 1186 318 tenebrosis
1216 253 1347 302 rebus
1371 251 1533 300 consui

249 335 379 383 fione
406 331 562 379 cuneta
592 327 803 376 miscente
830 347 840 376 ε
869 327 1122 379 summatim,
1151 327 1257 391 quia
1289 345 1372 375 nos
1406 325 1533 389 peni-

250 405 416 455 rriffima
441 403 663 467 gestorum
689 400 904 447 memoria
929 399 1066 464 fugit,
1092 417 1191 464 quae
1208 400 1406 447 recolere
1427 395 1533 461 pos·-

249 479 429 536 sumus,
449 475 700 538 expeditius
734 473 1032 528 absolvemus.
1051 474 1203 530 Primo
1236 473 1532 529 introvocatu

248 549 358 613 ,post
372 546 813 609 interrogatiunculas
830 546 949 594 leves
966 545 1246 609 pergamius,
1264 561 1289 590 a
1306 543 1534 601 Palladio,

248 622 486 682 *ut-‘dictum
515 620 618 678 est,
636 621 841 682 proditus
859 655 874 679 ,
903 618 1531 683 quaedamjmprecatio'nibus

251 696 471 761 praescifl‘e
493 694 671 749 nefariis
687 729 702 751 ‚
724 693 834 741 ficut
853 706 945 741 erat
961 692 1194 756 impendio
1217 691 1534 755 eloquentior,

250 773 309 821 ὃ(
328 770 373 815 in
402 768 541 816 verba
564 766 820 830 ,periculosa
849 765 1071 829 proiectus
1089 801 1106 824 ,
1125 767 1242 813 inter
1262 765 1537 828 ambigentes

250 842 455 905 judiceS,
477 841 586 904 quid
610 840 732 903 prius
746 840 894 904 quaeri
908 840 1088 897 debeat,
1107 839 1274 902 quidve
1293 837 1537 901 posterius„

255 915 410 963 dicere
446 915 648 961 audacier
683 913 866 960 exorsus
890 948 904 970 ,
947 913 1085 958 multa
1121 911 1355 958 hominum
1399 908 1538 961 millia

250 988 385 1052 quast
409 986 694 1034 consciorum
714 984 804 1030 fine
825 984 913 1030 fine
931 984 1165 1060 strependo
1190 981 1424 1042 fundebat,
1441 997 1539 1041 m9-

249 1059 327 1112 ⁴do
360 1074 457 1104 non
483 1058 539 1103 ab
567 1069 768 1103 extremo
802 1056 979 1101 Atlante
1006 1070 1275 1117 magnorum
1304 1053 1540 1100 criminum

252 1131 512 1194 „arguendos
529 1129 715 1192 poscens
741 1128 917 1192 aliquos
942 1127 1169 1174 exhiberi..
1181 1129 1318 1186 Quo,
1340 1138 1389 1172 ut
1423 1143 1539 1174 con-

255 1203 512 1254 ,sarcinante
549 1202 679 1248 nimis
717 1202 851 1248 ardua
872 1237 887 1258 ‚
915 1215 1062 1246 morte
1090 1199 1303 1261 mulctato
1323 1235 1336 1257 ,
1356 1199 1540 1264 aliisque

252 1275 478 1340 gregatim
501 1275 600 1337 post
623 1275 748 1321 illum
765 1275 945 1333 occisis,
961 1275 1016 1320 ad
1034 1275 1165 1336 ipsuis
1184 1274 1420 1321 Theodori
1437 1285 1540 1322 cau-

254 1351 374 1409 sam,
391 1348 509 1414 quasi
528 1350 582 1394 ad
600 1347 838 1412 Olympici
853 1347 1105 1395 certaminis
1119 1347 1366 1409 pulverem,
1384 1363 1543 1410 perve-

259 1425 404 1472 nitur.
436 1423 608 1470 Eodem
640 1422 710 1469 die
740 1422 855 1469 inter
877 1421 1112 1484 complura
1134 1419 1218 1471 alia
1249 1420 1338 1467 hoc
1359 1437 1544 1484 quoque

256 1510 478 1545 evenerat
504 1495 625 1542 triste
645 1527 659 1554 ,
689 1495 812 1558 quod
830 1495 942 1541 Salia
962 1494 1267 1549 thesaurorum
1288 1495 1422 1556 paulo
1443 1484 1545 1542 ante

266 1585 349 1632 per
372 1569 585 1615 Thracias
610 1584 762 1614 comes
781 1603 794 1626 ‚
815 1585 916 1614 cum
941 1567 994 1613 de
1015 1566 1212 1614 vinculis
1233 1565 1435 1613 educitur
1464 1584 1546 1614 au-

267 1642 457 1690 diendus
475 1677 490 1700 ,
512 1643 562 1689 &
591 1641 745 1688 calceo
775 1641 928 1688 inserit
955 1641 1111 1704 pedem
1128 1675 1142 1699 ‚
1164 1641 1286 1704 quasi
1317 1640 1443 1688 ruina
1472 1641 1546 1687 in·-

267 1715 460 1765 cidentis
494 1715 695 1762 immensi
725 1716 908 1763 terroris
940 1728 1122 1778 repente
1156 1714 1379 1778 perculsus
1399 1751 1412 1771 ‚
1448 1715 1546 1762 ani-

269 1806 390 1835 mam
419 1789 533 1836 inter
556 1788 841 1836 retinentium
874 1805 1032 1835 manus
1060 1787 1243 1835 efflavit.
1273 1786 1543 1834 Constituto

269 1862 421 1924 itaque
451 1860 624 1923 judicio
646 1895 660 1919 ,
688 1862 736 1907 &
771 1860 1083 1924 cognitoribus
1110 1857 1363 1922 praescripta
1396 1857 1545 1905 osten-

256 1933 470 1980 tantibus
494 1934 638 1996 legum
659 1967 672 1990 ,
695 1931 768 1980 sed
797 1950 852 1980 ex
880 1933 1114 1980 voluntate
1146 1930 1416 1980 dominantis
1448 1948 1547 1977 mo-

273 2007 532 2053 derantibus
563 2019 790 2054 momenta
820 2006 1074 2064 causarum,
1101 2006 1267 2052 horror
1299 2003 1550 2066 pervaserat

274 2079 525 2126 universos.
547 2080 694 2126 Totus
713 2080 831 2127 enim
853 2079 1010 2127 devius
1031 2081 1085 2126 ab
1108 2078 1313 2141 aequitate
1333 2077 1548 2140 dilapsus,

271 2153 455 2217 jamque
489 2153 705 2201 eruditior
727 2155 781 2201 ad
808 2154 1056 2201 laedendum
1071 2188 1085 2213 ,
1106 2152 1153 2199 in
1174 2152 1360 2198 modum
1391 2167 1549 2198 arena·-

251 2229 355 2273 ·1iae
382 2227 512 2285 serae,
533 2228 562 2273 fi
589 2229 795 2275 admotus
821 2218 1050 2291 quisquam
1080 2226 1255 2274 fabricae
1287 2224 1550 2288 diffugisset,

278 2300 333 2345 ad
363 2298 564 2346 ultimam
593 2301 758 2347 rabiem
791 2298 1205 2348 raeviebat.1nduffi
1230 2299 1378 2362 itaque
1412 2298 1551 2344 Patri-

276 2373 372 2420 cius
394 2374 442 2420 &
473 2373 668 2421 Hilarius
691 2410 703 2433 ,
736 2374 1028 2437 ordinemque
1052 2372 1266 2435 replicare
1285 2371 1380 2432 juffi
1403 2370 1550 2434 gesto·-

274 2463 405 2506 rum,
442 2463 541 2494 cum
564 2446 678 2495 inter
710 2448 892 2512 exordia
926 2447 1181 2506 variarent,
1209 2445 1414 2493 fodicatis
1445 2445 1551 2490 late·
