1626 2917
211 231 298 273 ³42
401 210 754 258 AMMIANI
789 209 1286 257 MARCELLINI

205 318 415 367 industria
456 316 916 380 comprehensumque
952 316 1164 363 offerrent
1206 315 1286 362 fibi
1332 312 1475 376 capti-

207 410 342 444 vum·,
358 393 405 438 &
427 402 657 452 correptus
675 389 894 436 velociter
909 389 1162 436 adolescens
1183 388 1358 436 ducitur
1377 386 1477 433 Ala-

205 481 394 513 mannus
414 500 426 522 ,
457 464 584 525 paclo
606 463 861 509 obtinendae
891 462 1036 509 salutis
1062 463 1289 525 pollicitus
1320 460 1478 506 itinera

205 537 249 584 se
286 534 647 581 monstraturum.
690 534 792 579 Hoc
824 533 1058 595 praegresso
1098 533 1269 578 secutus
1302 530 1478 577 exerci-

208 622 277 656 tus
296 642 308 664 ‚
331 607 535 653 celsarum
557 606 767 651 arborum
790 605 1026 651 obsistente
1045 605 1256 652 concaede
1278 604 1341 650 ire
1369 618 1479 665 pro·

207 683 330 728 tinus
368 680 613 726 vetabatur.
652 680 820 725 Verum
866 695 944 740 per
984 677 1193 724 circuitus
1229 678 1392 740 longos
1431 677 1482 723 &

208 752 434 801 flexuosos
456 765 640 798 ventum
672 752 733 797 est
753 752 928 797 tandem
961 751 1014 796 ad
1037 750 1137 796 loca
1158 769 1169 797 :
1201 752 1249 797 &
1278 750 1342 796 ira
1364 748 1482 811 quis·

208 845 298 892 que
323 827 518 886 percitus
547 838 818 874 armatorum
853 824 1009 871 urebat
1039 839 1198 887 agros,
1223 839 1387 885 pecora
1417 821 1484 867 di-

208 900 400 963 ripiebat
430 901 477 947 &
510 898 739 956 homines,
765 896 1092 959 resistentesque
1123 896 1211 942 fine
1237 896 1325 940 ulla
1350 894 1483 957 parsi·-

208 974 364 1022 monia
394 972 733 1019 contruncabat.
758 972 838 1017 His
868 965 992 1016 malis
1014 969 1233 1031 perculsus
1256 985 1359 1025 rex,
1380 984 1484 1015 cum

210 1047 480 1109 multiplices
509 1045 732 1108 legiones,
753 1045 1054 1107 vicorumque
1089 1043 1296 1105 reliquias
1328 1058 1484 1088 cerne-

211 1134 280 1168 ret
303 1119 560 1166 exustorum
579 1154 593 1176 ‚
617 1118 788 1164 ultimas
821 1117 1097 1163 fortunarum
1127 1115 1312 1177 jaeluras
1345 1113 1485 1161 adeffe

212 1194 302 1256 jam
335 1192 697 1254 contemplatus,
735 1192 884 1240 oravit
923 1190 1013 1253 ipse
1053 1185 1484 1253 quoque'veniam‚

212 1267 430 1313 faCturum
453 1265 495 1311 se
515 1265 795 1327 imperanda,
811 1263 1074 1326 jurandique
1094 1262 1401 1310 exsecratione
1419 1278 1486 1308 re-

213 1341 394 1387 stituere
424 1338 657 1385 universos·
684 1338 911 1400 promisit:
934 1337 978 1382 id
999 1337 1118 1383 enim
1150 1354 1255 1383 cura
1276 1336 1487 1400 agebatur

212 1412 484 1474 impensiore
503 1430 514 1458 :
535 1410 810 1474 detentisque
843 1410 1043 1472 plurimis
1059 1445 1073 1466 ‚
1092 1410 1283 1456 reddidit
1307 1426 1488 1471 paucos.

215 1490 327 1547 Quo
361 1485 548 1549 cognito
571 1521 584 1542 ,
621 1487 675 1532 ad
709 1485 1062 1548 indignationem
1094 1483 1250 1545 justam
1289 1482 1489 1531 Julianus

214 1561 383 1608 erectus
404 1595 417 1618 ‚
447 1577 547 1607 cum
577 1559 875 1606 munerandus
902 1557 1087 1605 venisset
1117 1574 1174 1602 ex
1201 1573 1354 1613 more,
1376 1573 1490 1618 qua-

215 1648 324 1682 tuor
343 1634 530 1682 comites
549 1632 642 1694 ejus
662 1668 673 1685 ,
692 1649 889 1697 quorum
916 1648 1003 1695 ope
1023 1635 1071 1679 &
1092 1631 1178 1677 fide
1207 1630 1401 1677 maxime
1424 1629 1490 1676 ni-

216 1709 427 1763 tebatur,
466 1722 560 1752 non
598 1717 701 1752 ante
738 1704 960 1762 absolvit,
995 1705 1099 1751 dum
1130 1695 1287 1752 omines
1321 1704 1490 1752 rediere

217 1780 405 1845 captivi.
436 1779 503 1826 Ad
534 1779 815 1842 colloquium
847 1792 992 1826 tamen
1020 1779 1187 1826 accitus
1223 1795 1245 1824 a
1283 1777 1455 1826 Caesare
1474 1816 1491 1837 ,

218 1853 510 1901 trementibus
537 1853 681 1899 oculis
711 1854 929 1910 adorato,
964 1851 1232 1915 victorisque
1264 1851 1493 1914 superatus

220 1927 395 1990 aspefiiu
411 1963 424 1985 ‚
446 1927 710 1975 conditione
730 1927 898 1974 difficili
926 1926 1210 1990 premebatur
1232 1943 1242 1971 :
1272 1926 1352 1972 hac
1376 1926 1494 1973 scili-

222 2013 294 2049 cet
313 2038 326 2057 ‚
355 2011 405 2047 ut
431 2000 644 2063 quoniam
671 2001 1019 2048 consentaneum
1045 2011 1165 2055 erat,
1199 1999 1298 2061 post
1329 2012 1399 2045 tot
1430 2000 1496 2046 se-

223 2074 400 2123 cundos
427 2085 611 2120 eventus
641 2073 843 2121 civitates
872 2089 1055 2136 quoque
1079 2071 1271 2134 reparari
1307 2072 1354 2119 vi
1392 2073 1495 2119 bar-

224 2147 440 2194 barorum
467 2145 666 2213 excisas,
698 2158 902 2209 carpenta
927 2148 975 2193 ὅ(
1007 2145 1209 2191 materias
1243 2161 1298 2190 ex
1334 2145 1496 2208 opibus

225 2218 312 2265 suis
344 2217 611 2280 suorumque
643 2217 857 2280 praeberet
885 2234 895 2263 :
923 2218 970 2263 &
1001 2216 1095 2262 haec
1120 2214 1376 2277 pollicitus,
1411 2215 1498 2261 im-

225 2288 516 2354 precatusque
532 2326 546 2346 ,
570 2290 598 2335 si
619 2289 832 2352 perfidum
857 2290 1096 2354 quidquam
1129 2288 1299 2351 egisset,
1336 2289 1497 2335 luenda

226 2364 307 2426 fibi
336 2380 496 2410 cruore
531 2363 770 2426 supplicia,
799 2365 850 2411 ad
874 2363 1055 2427 propria
1084 2379 1277 2409 remeare
1311 2361 1497 2423 permis-

228 2437 297 2484 sus
330 2436 405 2484 est.
433 2439 673 2483 Annonam
700 2437 817 2484 enim
850 2435 1112 2493 transferre,
1137 2436 1193 2481 ita
1228 2448 1278 2481 ut
1309 2435 1498 2480 Suoma-

226 2510 340 2572 rius,
361 2526 412 2559 ea
432 2525 479 2558 re
505 2509 719 2574 compelli
753 2526 845 2558 non
877 2509 1048 2574 potuit,
1073 2508 1195 2573 quod
1216 2508 1270 2554 ad
1300 2506 1496 2554 interne-
