1626 2917
207 212 297 276 238
425 210 760 258 AMMIANI
802 209 1276 258 MARCELLINI

204 320 392 384 pedibus
418 319 554 366 fitam.
579 317 673 378 Qui
695 316 958 373 intromissi,
988 318 1087 365 data
1112 319 1353 382 potestate,
1372 317 1485 366 offe-

204 407 312 442 runt
336 393 494 454 scripta
518 411 528 439 :
557 392 695 453 iisque
730 390 951 447 recitatis,
989 392 1103 438 ultra
1130 393 1315 440 modum
1343 393 1486 440 solitae

206 464 528 528 indignationis
549 463 792 510 excanduit
810 465 1075 524 Imperator,
1096 463 1360 527 limibusque
1378 481 1487 511 ocu·

205 541 259 586 lis
289 556 368 586 eos
404 539 599 603 adusque
639 552 806 585 metum
838 554 1060 585 contuens
1094 540 1253 586 mortis
1280 575 1294 596 ,
1334 539 1485 602 egredi

204 613 321 676 juffit
341 650 355 671 ,
378 612 490 659 nihil
514 612 610 674 post
636 613 731 659 haec
767 624 1083 674 percontatus,
1105 613 1179 660 vel
1198 613 1352 660 audire
1381 630 1484 674 per-

206 686 364 749 pessus.
401 685 628 733 Perculsus
657 698 804 732 tamen
830 685 1036 731 ardenter
1065 686 1330 733 contarione
1354 685 1486 731 strin-

207 760 390 822 gebatur
420 760 627 823 ambigua
647 795 660 817 ,
685 773 835 805 utrum
858 759 904 805 in
937 759 1082 807 Persas
1103 795 1118 817 ,
1148 777 1204 806 an
1234 773 1391 807 contra
1408 761 1488 806 Ju-

207 832 377 879 lianum
405 832 584 879 moveri
602 830 776 892 juberet
801 832 943 889 acies,
963 832 1123 895 quibus
1146 830 1309 880 fidebat
1329 851 1339 879 ε
1362 832 1488 878 haefi-

209 906 396 969 tansque
425 906 501 952 diu
524 905 746 967 perpensis
768 904 966 951 confiliis
985 940 998 962 ,
1020 904 1162 951 flexus
1187 905 1248 951 est
1279 921 1488 967 quorun·-

210 979 311 1025 dam
338 978 555 1025 sententia
586 977 762 1023 utilium
790 976 1017 1023 suasorum
1036 1012 1049 1034 ,
1082 978 1131 1024 &
1164 977 1248 1024 iter
1267 977 1491 1024 orientem

208 1052 362 1099 versus
385 1052 537 1098 edixit.
562 1050 717 1097 Statim
749 1064 896 1096 tamen
922 1050 970 1097 &
991 1049 1159 1113 legatos
1185 1049 1383 1097 absolvit
1403 1085 1416 1105 ‚
1439 1051 1490 1096 &

210 1129 408 1174 Leonam
422 1125 683 1187 quaestorem
706 1123 826 1170 suum
850 1124 896 1169 in
917 1124 1086 1170 Gallias
1106 1142 1205 1170 cum
1225 1124 1361 1171 literis
1381 1123 1489 1170 datis

212 1201 267 1248 ad
281 1199 502 1247 Iulianum
522 1215 701 1261 pergere
720 1197 853 1244 celeri
869 1196 1012 1242 statuit
1032 1197 1170 1259 gradu
1185 1232 1197 1252 ,
1215 1197 1324 1243 nihil
1343 1213 1489 1242 nova-

210 1286 364 1320 torum
389 1272 429 1318 se
448 1271 636 1317 afferens
660 1269 885 1331 suscepiffe
904 1305 916 1325 ‚
937 1268 1008 1314 sed
1031 1285 1132 1315 eum
1169 1268 1232 1334 (fi
1257 1268 1383 1315 saluti
1402 1268 1488 1315 sua:

212 1346 624 1409 proximorumque
653 1341 878 1406 consulit)
909 1344 1096 1389 tumenti
1125 1343 1231 1389 flatu
1259 1343 1487 1405 deposito,

181 1423 185 1427 ’
213 1421 330 1468 intra
363 1418 548 1466 Caesaris
583 1417 623 1464 se
652 1416 914 1480 potestatem
945 1417 1178 1463 continere
1212 1417 1488 1480 praecipiens.

215 1497 369 1557 thue
404 1493 450 1539 id
489 1491 619 1539 facile
654 1491 853 1539 formido
894 1491 1219 1537 intentatorum
1253 1492 1448 1539 efficeret
1472 1527 1488 1548 ,

215 1566 343 1612 velut
376 1565 548 1629 magnis
587 1563 761 1610 viribus
791 1562 928 1609 fretus
952 1599 965 1619 ,
1001 1562 1048 1608 in
1087 1563 1241 1608 locum
1271 1562 1490 1610 Florentii

215 1640 472 1704 praefeelum
516 1639 729 1702 praetorio
760 1638 1056 1696 Nebridium,
1094 1651 1191 1685 tum
1228 1639 1495 1702 quaestorem

215 1713 408 1775 ejusdem
441 1713 652 1771 Caesaris,
690 1725 1011 1776 promoverat,
1047 1713 1097 1759 &
1131 1713 1321 1760 Felicem
1358 1727 1494 1759 nota-

217 1790 333 1836 rium
355 1825 369 1847 ,
400 1788 661 1836 officiorum
702 1787 987 1850 magistrum,
1026 1787 1074 1833 &
1113 1785 1328 1849 quosdam
1364 1787 1493 1833 alios.

219 1861 547 1908 Gumoharium
591 1860 710 1906 enim
753 1857 1045 1906 successorem
1084 1857 1293 1919 Lupicini
1315 1893 1328 1914 ,
1365 1872 1493 1903 ante-

218 1951 354 1999 quam
400 1933 583 1980 sciretur
625 1930 881 1993 hujusmodi
919 1930 1160 1992 quidquam
1182 1964 1195 1987 ,
1237 1929 1492 1992 magistrum

220 2005 436 2070 provexit
450 2022 693 2052 armorum.
714 2002 927 2067 Ingressus
939 2001 1087 2064 itaque
1101 2000 1286 2047 Parisios
1299 2002 1491 2056 Leonas,

221 2080 444 2143 susceptus
462 2093 510 2126 ut
537 2081 789 2127 honoratus
813 2077 863 2124 &
887 2075 1080 2138 prudens
1101 2109 1114 2130 ,
1137 2072 1350 2136 postridie
1372 2073 1494 2135 prin·

220 2154 308 2216 cipi
328 2153 555 2216 progreffo
578 2152 624 2198 in
656 2167 860 2213 campum
884 2165 987 2195 cum
1011 2146 1295 2193 multitudine
1330 2159 1497 2192 armata

222 2226 385 2289 pariter
404 2228 453 2273 ὃς
484 2223 653 2287 plebeja
671 2259 684 2281 ,
705 2240 836 2285 quam
862 2222 916 2268 de
941 2218 1151 2266 industria
1176 2231 1492 2276 convocarat,

221 2317 244 2346 e
267 2298 504 2350 tribunali,
531 2311 579 2344 ut
604 2298 845 2352 emineret,
865 2294 994 2340 altius
1019 2291 1275 2354 superstanti
1292 2326 1306 2347 ,
1334 2289 1493 2352 scripta

221 2372 398 2432 jubetur
411 2370 587 2419 offerre.
606 2370 932 2432 Replicatoque
952 2365 1186 2413 volumine
1201 2364 1347 2421 ediffi,
1369 2363 1494 2426 quod

221 2445 393 2491 miffum
423 2444 482 2490 est
504 2480 518 2502 ‚
546 2444 593 2490 &
615 2443 698 2505 legi
717 2443 772 2488 ab
798 2440 990 2487 exordio
1019 2451 1175 2501 coepto
1198 2474 1212 2496 ,
1249 2454 1348 2484 cum
1379 2452 1492 2481 ven-

224 2529 320 2564 tum
344 2513 487 2564 fuiffet
509 2514 563 2562 ad
596 2514 749 2569 locum
779 2514 825 2562 id
856 2511 1166 2562 continentem
1185 2545 1200 2571 ,
1230 2509 1356 2575 quod
1378 2507 1494 2572 gesta
