1626 2917
295 201 538 250 ‚RERUM
574 200 912 247 GESTAHUM
947 200 1048 245 Lm,
1084 200 1186 246 XV.
1349 216 1403 261 50

1381 240 1401 261 l

129 308 407 371 nagistrum,
427 307 529 372 (qui
551 324 648 354 mos
667 307 727 354 est
746 306 1040 377 honoratior)
1060 306 1203 355 accito
1225 307 1412 365 eodem,

129 379 324 444 ingresso
343 379 657 427 consistorium
675 379 867 426 offertur
883 397 1100 442 purpura,
1117 379 1260 425 multo
1281 385 1415 442 quam

129 465 256 499 antea
284 452 540 516 placidius..
551 488 583 500 ..
617 452 821 499 omnium
857 451 1026 512 primus
1055 466 1213 500 extero
1246 452 1334 499 ritu
1364 454 1416 499 &

129 526 255 590 regio
282 543 411 574 more
431 526 620 574 instituit
653 527 860 585 adorari,
884 544 986 574 cum
1010 527 1180 590 semper
1208 541 1336 575 antea
1360 528 1417 573 ad

130 600 465 647 fimilitudinem
502 600 728 662 judicum,
761 600 972 648 salutatos
1004 602 1228 664 principes
1256 601 1416 665 legeri-

130 691 246 723 mus,
264 678 318 722 Et
332 676 409 739 qui
428 675 563 738 paulo
584 687 710 722 antea
732 691 832 722 cum
854 675 1417 733 insecffationemalevola,

130 748 334 796 Orientis
374 766 584 812 vorago,
625 749 985 812 invadendaeque
1022 749 1202 796 summae
1241 749 1304 796 rei
1341 766 1420 812 per

131 818 252 867 filios
277 821 508 870 affe&ator
541 821 928 883 compellabatur,
961 835 1070 868 tunc
1103 823 1191 868 dux
1223 823 1420 884 pruden-

133 891 316 939 tiffimus
354 895 402 941 &
438 892 726 939 Constantini
762 893 914 955 Magni
949 891 1094 938 fuerat
1133 894 1420 951 commilito,

134 965 342 1028 solusque
367 967 422 1012 ad
443 965 812 1028 exstinguendum
835 965 989 1028 probis
1022 966 1232 1030 quidem,
1256 966 1327 1012 sed
1349 966 1421 1012 in-

133 1039 303 1086 ficliofis
336 1039 583 1086 rationibus
613 1040 860 1102 petebatur.
896 1039 1102 1103 Diligens
1135 1040 1254 1087 enim
1284 1057 1423 1103 opera

134 1113 388 1159 navabatur
407 1112 641 1159 Silvanum
675 1111 918 1176 exstingui,
941 1125 991 1159 ut
1012 1112 1298 1160 fortiffimum
1318 1130 1422 1176 per-

133 1185 354 1233 duellem:
376 1202 453 1234 aut
479 1186 509 1233 fi
538 1186 658 1234 secus
679 1186 927 1244 accidisset,
951 1186 1210 1234 Ursicinum
1238 1188 1423 1235 exulce-

133 1270 278 1306 ratum
306 1260 392 1323 jam
415 1260 594 1322 penitus
620 1260 820 1317 aboleri,
845 1276 899 1306 ne
931 1259 1166 1321 superesset
1193 1259 1425 1322 scrupulus

133 1333 370 1396 impendio
403 1334 728 1382 formidandus.
757 1334 896 1397 Igitur
922 1351 1025 1379 cum
1057 1333 1109 1378 de
1139 1333 1423 1395 profectione

136 1407 371 1454 celeranda
410 1406 751 1468 disponeretur,
787 1403 1173 1467 propulsationem
1218 1404 1426 1463 objecto-

137 1497 237 1526 rum
263 1479 499 1525 criminum
527 1480 717 1525 eundem
741 1479 902 1524 ducem
927 1489 1156 1540 parantem
1173 1512 1186 1532 ,
1212 1479 1427 1542 praegres-

139 1552 208 1598 sus
242 1551 451 1598 oratione
482 1551 571 1598 leni
601 1551 810 1614 probibet
841 1553 1118 1613 Imperator,
1142 1567 1237 1597 non
1269 1550 1315 1596 id
1341 1552 1427 1598 efl'e

137 1639 394 1671 memorans
420 1635 625 1684 tempus,
652 1633 701 1667 ut
733 1619 1031 1667 controversa
1061 1619 1258 1666 defensio
1287 1620 1428 1668 causae

138 1695 458 1758 susciperetur,
476 1712 580 1743 curn
600 1693 791 1742 viciffim
813 1691 982 1739 restitui
1002 1692 1049 1738 in
1068 1691 1296 1754 pristinam
1314 1710 1429 1740 con-

139 1769 526 1832 cordiam-partes
560 1767 783 1814 neceffitas
819 1765 1037 1829 subigeret
1070 1765 1325 1828 urgentium
1358 1783 1429 1811 re-

138 1859 266 1900 rum,
299 1853 537 1905 antequam
566 1840 783 1888 cresceret
814 1839 1072 1886 mollienda.
1104 1839 1262 1886 Habita
1293 1839 1430 1903 igitur

138 1915 467 1962 deliberatione
507 1912 777 1974 multiplici,
814 1911 1087 1974 potissimum
1129 1912 1429 1970 tractabatur,

138 2005 235 2052 quo
257 2001 521 2035 commento
543 1987 754 2033 Silvanus
775 1986 890 2050 gesta
911 1985 1042 2032 etiam
1066 1998 1161 2037 tum
1185 1988 1430 2049 Imperato-

139 2079 236 2109 rem
266 2061 474 2125 ignorare
502 2061 788 2108 existimaret.
816 2061 872 2106 Et
905 2060 1131 2122 probabili
1163 2071 1431 2124 argumento

143 2135 200 2182 ad
230 2133 495 2182 firmandam
528 2133 659 2181 fidem
689 2147 899 2196 reperto,
921 2148 1134 2181 monetur
1163 2133 1432 2181 honorificis

141 2206 343 2269 scriptis,
359 2220 426 2266 ut,
448 2219 639 2269 accepto
660 2206 871 2254 Ursicino
893 2207 1155 2264 successore,
1175 2224 1276 2254 cum
1296 2220 1431 2269 pote-

141 2278 251 2325 state
268 2279 432 2326 rediret
459 2279 636 2326 intaeta.
671 2280 773 2327 Post
800 2280 896 2327 haec
918 2280 979 2326 ita
1008 2279 1198 2342 digesta,
1224 2279 1431 2342 protinus

141 2352 322 2418 jubetur
349 2353 495 2410 exire,
514 2352 706 2399 tribunis
737 2354 786 2400 &
819 2354 1150 2416 protectoribus
1176 2353 1433 2400 domesticis

141 2424 327 2479 decem,
346 2435 396 2470 ut
416 2423 685 2487 postularat,
722 2425 777 2471 ad
802 2423 1023 2486 juvandas
1054 2425 1324 2472 neceffitates
1349 2441 1434 2487 pu-

141 2496 281 2544 blicas
310 2495 352 2543 ei
380 2494 664 2557 conjunctis:
692 2496 808 2544 inter
839 2514 958 2561 quos
986 2514 1070 2562 ego
1106 2513 1292 2563 quoque
1312 2513 1432 2543 eram
