<?xml version="1.0" encoding="UTF-8"?>
<!DOCTYPE html PUBLIC "-//W3C//DTD XHTML 1.0 Transitional//EN"
    "http://www.w3.org/TR/xhtml1/DTD/xhtml1-transitional.dtd">
<html xmlns="http://www.w3.org/1999/xhtml" xml:lang="en" lang="en">
 <head>
  <title>
</title>
<meta http-equiv="Content-Type" content="text/html;charset=utf-8" />
  <meta name='ocr-system' content='tesseract 3.04.00' />
  <meta name='ocr-capabilities' content='ocr_page ocr_carea ocr_par ocr_line ocrx_word'/>
</head>
<body>
  <div class='ocr_page' id='page_1' title='image "./rerumgestarumqui00ammiuoft_0438.png"; bbox 0 0 1626 2917; ppageno 0'>
   <div class='ocr_carea' id='block_1_1' title="bbox 166 203 1242 250">
    <p class='ocr_par' dir='ltr' id='par_1_1' title="bbox 166 203 1242 250">
     <span class='ocr_line' id='line_1_1' title="bbox 166 203 1242 250; baseline -0.002 -1"><span class='ocrx_word' id='word_1_1' title='bbox 166 205 194 249; x_wconf 90' lang='lat'><strong>6</strong></span> <span class='ocrx_word' id='word_1_2' title='bbox 376 203 712 250; x_wconf 68' lang='lat' dir='ltr'>AMMIANI</span> <span class='ocrx_word' id='word_1_3' title='bbox 766 203 1242 249; x_wconf 78' lang='lat' dir='ltr'>MARCELLINI</span> 
     </span>
    </p>
   </div>
   <div class='ocr_carea' id='block_1_2' title="bbox 156 309 1449 2559">
    <p class='ocr_par' dir='ltr' id='par_1_2' title="bbox 156 309 1449 2559">
     <span class='ocr_line' id='line_1_2' title="bbox 164 309 1441 374; baseline 0 -17"><span class='ocrx_word' id='word_1_4' title='bbox 164 327 254 374; x_wconf 86' lang='lat' dir='ltr'>que</span> <span class='ocrx_word' id='word_1_5' title='bbox 273 346 286 367; x_wconf 91' lang='lat'>‚</span> <span class='ocrx_word' id='word_1_6' title='bbox 317 323 474 373; x_wconf 81' lang='lat' dir='ltr'>utpote</span> <span class='ocrx_word' id='word_1_7' title='bbox 509 327 752 373; x_wconf 86' lang='lat' dir='ltr'>regnorum</span> <span class='ocrx_word' id='word_1_8' title='bbox 782 309 976 372; x_wconf 88' lang='lat' dir='ltr'>sequelas</span> <span class='ocrx_word' id='word_1_9' title='bbox 995 346 1009 367; x_wconf 93' lang='lat'><strong><em>,</em></strong></span> <span class='ocrx_word' id='word_1_10' title='bbox 1027 310 1275 357; x_wconf 61' lang='lat' dir='ltr'>vifiloribus</span> <span class='ocrx_word' id='word_1_11' title='bbox 1298 310 1441 357; x_wconf 85' lang='lat' dir='ltr'>acces-</span> 
     </span>
     <span class='ocr_line' id='line_1_3' title="bbox 163 382 1440 445; baseline -0.001 -16"><span class='ocrx_word' id='word_1_12' title='bbox 163 383 302 430; x_wconf 83' lang='lat' dir='ltr'>suros.</span> <span class='ocrx_word' id='word_1_13' title='bbox 329 385 382 428; x_wconf 83' lang='lat' dir='ltr'>Et</span> <span class='ocrx_word' id='word_1_14' title='bbox 414 382 511 444; x_wconf 87' lang='lat' dir='ltr'>post</span> <span class='ocrx_word' id='word_1_15' title='bbox 533 383 628 430; x_wconf 85' lang='lat' dir='ltr'>haec</span> <span class='ocrx_word' id='word_1_16' title='bbox 649 395 1010 444; x_wconf 85' lang='lat' dir='ltr'>praetermeantes</span> <span class='ocrx_word' id='word_1_17' title='bbox 1038 382 1125 445; x_wconf 88' lang='lat' dir='ltr'>ipsa</span> <span class='ocrx_word' id='word_1_18' title='bbox 1146 384 1313 430; x_wconf 86' lang='lat' dir='ltr'>moenia</span> <span class='ocrx_word' id='word_1_19' title='bbox 1332 420 1343 440; x_wconf 92' lang='lat'>‚</span> <span class='ocrx_word' id='word_1_20' title='bbox 1368 401 1440 429; x_wconf 90' lang='lat' dir='ltr'>na·</span> 
     </span>
     <span class='ocr_line' id='line_1_4' title="bbox 163 455 1440 519; baseline -0.001 -16"><span class='ocrx_word' id='word_1_21' title='bbox 163 473 240 503; x_wconf 86' lang='lat' dir='ltr'>ves</span> <span class='ocrx_word' id='word_1_22' title='bbox 272 455 442 501; x_wconf 84' lang='lat' dir='ltr'>nostras</span> <span class='ocrx_word' id='word_1_23' title='bbox 471 472 573 502; x_wconf 88' lang='lat' dir='ltr'>cum</span> <span class='ocrx_word' id='word_1_24' title='bbox 609 456 879 503; x_wconf 82' lang='lat' dir='ltr'>verecundia</span> <span class='ocrx_word' id='word_1_25' title='bbox 906 456 1054 519; x_wconf 86' lang='lat' dir='ltr'>quiete</span> <span class='ocrx_word' id='word_1_26' title='bbox 1084 456 1332 518; x_wconf 70' lang='lat' dir='ltr'>spe&amp;abaiit</span> <span class='ocrx_word' id='word_1_27' title='bbox 1354 458 1440 502; x_wconf 88' lang='lat' dir='ltr'>irn-</span> 
     </span>
     <span class='ocr_line' id='line_1_5' title="bbox 160 529 1444 590; baseline 0 -14"><span class='ocrx_word' id='word_1_28' title='bbox 160 530 366 577; x_wconf 83' lang='lat' dir='ltr'><strong>mobiles.</strong></span> <span class='ocrx_word' id='word_1_29' title='bbox 391 532 501 590; x_wconf 87' lang='lat' dir='ltr'>Quo</span> <span class='ocrx_word' id='word_1_30' title='bbox 521 529 706 576; x_wconf 83' lang='lat' dir='ltr'>translto</span> <span class='ocrx_word' id='word_1_31' title='bbox 724 566 737 587; x_wconf 90' lang='lat'>,</span> <span class='ocrx_word' id='word_1_32' title='bbox 767 547 867 576; x_wconf 89' lang='lat' dir='ltr'>cum</span> <span class='ocrx_word' id='word_1_33' title='bbox 900 530 954 576; x_wconf 88' lang='lat' dir='ltr'>ad</span> <span class='ocrx_word' id='word_1_34' title='bbox 973 529 1300 577; x_wconf 76' lang='lat' dir='ltr'>munimentum</span> <span class='ocrx_word' id='word_1_35' title='bbox 1323 530 1444 576; x_wconf 84' lang='lat' dir='ltr'>aliud</span> 
     </span>
     <span class='ocr_line' id='line_1_6' title="bbox 161 602 1444 659; baseline 0 -11"><span class='ocrx_word' id='word_1_36' title='bbox 161 602 459 650; x_wconf 83' lang='lat' dir='ltr'>Achaiachala</span> <span class='ocrx_word' id='word_1_37' title='bbox 487 603 672 649; x_wconf 89' lang='lat' dir='ltr'>nomine</span> <span class='ocrx_word' id='word_1_38' title='bbox 692 603 958 650; x_wconf 86' lang='lat' dir='ltr'>venissemus</span> <span class='ocrx_word' id='word_1_39' title='bbox 978 639 990 659; x_wconf 89' lang='lat'>,</span> <span class='ocrx_word' id='word_1_40' title='bbox 1021 602 1215 651; x_wconf 87' lang='lat' dir='ltr'>fluminis</span> <span class='ocrx_word' id='word_1_41' title='bbox 1236 604 1444 650; x_wconf 86' lang='lat' dir='ltr'>circumi-</span> 
     </span>
     <span class='ocr_line' id='line_1_7' title="bbox 161 676 1442 739; baseline 0.002 -18"><span class='ocrx_word' id='word_1_42' title='bbox 161 676 290 722; x_wconf 84' lang='lat' dir='ltr'>tione</span> <span class='ocrx_word' id='word_1_43' title='bbox 339 677 551 724; x_wconf 90' lang='lat' dir='ltr'>vallatum</span> <span class='ocrx_word' id='word_1_44' title='bbox 579 714 593 734; x_wconf 90' lang='lat'>‚</span> <span class='ocrx_word' id='word_1_45' title='bbox 631 677 909 739; x_wconf 77' lang='lat' dir='ltr'>arduumque</span> <span class='ocrx_word' id='word_1_46' title='bbox 947 676 1228 734; x_wconf 82' lang='lat' dir='ltr'>transcensu,</span> <span class='ocrx_word' id='word_1_47' title='bbox 1264 677 1442 724; x_wconf 82' lang='lat' dir='ltr'>refutati</span> 
     </span>
     <span class='ocr_line' id='line_1_8' title="bbox 160 748 1446 811; baseline 0.001 -18"><span class='ocrx_word' id='word_1_48' title='bbox 160 749 259 811; x_wconf 88' lang='lat' dir='ltr'>pari</span> <span class='ocrx_word' id='word_1_49' title='bbox 287 748 500 811; x_wconf 88' lang='lat' dir='ltr'>responso</span> <span class='ocrx_word' id='word_1_50' title='bbox 528 749 809 796; x_wconf 85' lang='lat' dir='ltr'>disceffimus.</span> <span class='ocrx_word' id='word_1_51' title='bbox 844 749 940 795; x_wconf 88' lang='lat' dir='ltr'>Alia</span> <span class='ocrx_word' id='word_1_52' title='bbox 970 748 1180 811; x_wconf 81' lang='lat' dir='ltr'>postridie</span> <span class='ocrx_word' id='word_1_53' title='bbox 1211 749 1346 796; x_wconf 85' lang='lat' dir='ltr'>castra</span> <span class='ocrx_word' id='word_1_54' title='bbox 1382 750 1446 794; x_wconf 87' lang='lat' dir='ltr'>ob</span> 
     </span>
     <span class='ocr_line' id='line_1_9' title="bbox 161 821 1445 886; baseline 0.002 -18"><span class='ocrx_word' id='word_1_55' title='bbox 161 839 318 868; x_wconf 85' lang='lat' dir='ltr'>muros</span> <span class='ocrx_word' id='word_1_56' title='bbox 355 824 584 870; x_wconf 88' lang='lat' dir='ltr'>invalidos</span> <span class='ocrx_word' id='word_1_57' title='bbox 622 823 861 880; x_wconf 68' lang='lat' dir='ltr'>dereliEla,</span> <span class='ocrx_word' id='word_1_58' title='bbox 889 835 1212 886; x_wconf 84' lang='lat' dir='ltr'>praetereuntur</span> <span class='ocrx_word' id='word_1_59' title='bbox 1252 821 1445 870; x_wconf 87' lang='lat' dir='ltr'>incensa.</span> 
     </span>
     <span class='ocr_line' id='line_1_10' title="bbox 161 892 1446 957; baseline -0.001 -18"><span class='ocrx_word' id='word_1_60' title='bbox 161 893 341 940; x_wconf 84' lang='lat' dir='ltr'>Postera</span> <span class='ocrx_word' id='word_1_61' title='bbox 375 894 508 957; x_wconf 84' lang='lat' dir='ltr'>igitur</span> <span class='ocrx_word' id='word_1_62' title='bbox 544 897 593 942; x_wconf 86' lang='lat'>&amp;</span> <span class='ocrx_word' id='word_1_63' title='bbox 640 894 889 956; x_wconf 80' lang='lat' dir='ltr'>insequenti</span> <span class='ocrx_word' id='word_1_64' title='bbox 935 895 1005 939; x_wconf 84' lang='lat' dir='ltr'>die</span> <span class='ocrx_word' id='word_1_65' title='bbox 1045 892 1190 939; x_wconf 85' lang='lat' dir='ltr'>stadiis</span> <span class='ocrx_word' id='word_1_66' title='bbox 1242 893 1446 939; x_wconf 84' lang='lat' dir='ltr'>ducentis</span> 
     </span>
     <span class='ocr_line' id='line_1_11' title="bbox 162 965 1447 1023; baseline 0.001 -13"><span class='ocrx_word' id='word_1_67' title='bbox 162 966 373 1023; x_wconf 80' lang='lat' dir='ltr'>emensis,</span> <span class='ocrx_word' id='word_1_68' title='bbox 395 979 581 1014; x_wconf 89' lang='lat' dir='ltr'>ventum</span> <span class='ocrx_word' id='word_1_69' title='bbox 614 967 676 1013; x_wconf 89' lang='lat' dir='ltr'>est</span> <span class='ocrx_word' id='word_1_70' title='bbox 706 968 759 1013; x_wconf 91' lang='lat' dir='ltr'>ad</span> <span class='ocrx_word' id='word_1_71' title='bbox 791 967 941 1014; x_wconf 89' lang='lat' dir='ltr'>locum</span> <span class='ocrx_word' id='word_1_72' title='bbox 963 965 1293 1012; x_wconf 81' lang='lat' dir='ltr'>Baraxmalcha.</span> <span class='ocrx_word' id='word_1_73' title='bbox 1315 966 1447 1012; x_wconf 88' lang='lat' dir='ltr'>Unde</span> 
     </span>
     <span class='ocr_line' id='line_1_12' title="bbox 159 1036 1446 1101; baseline 0 -18"><span class='ocrx_word' id='word_1_74' title='bbox 159 1054 290 1084; x_wconf 85' lang='lat' dir='ltr'>amne</span> <span class='ocrx_word' id='word_1_75' title='bbox 326 1039 538 1095; x_wconf 79' lang='lat' dir='ltr'>tranfito,</span> <span class='ocrx_word' id='word_1_76' title='bbox 559 1039 772 1085; x_wconf 87' lang='lat' dir='ltr'>milliario</span> <span class='ocrx_word' id='word_1_77' title='bbox 810 1038 998 1101; x_wconf 86' lang='lat' dir='ltr'>septimo</span> <span class='ocrx_word' id='word_1_78' title='bbox 1026 1037 1237 1099; x_wconf 86' lang='lat' dir='ltr'>disparata</span> <span class='ocrx_word' id='word_1_79' title='bbox 1263 1036 1446 1084; x_wconf 82' lang='lat' dir='ltr'>Diacira</span> 
     </span>
     <span class='ocr_line' id='line_1_13' title="bbox 161 1107 1447 1166; baseline -0.002 -13"><span class='ocrx_word' id='word_1_80' title='bbox 161 1107 398 1156; x_wconf 87' lang='lat' dir='ltr'>invaditur</span> <span class='ocrx_word' id='word_1_81' title='bbox 427 1110 590 1157; x_wconf 87' lang='lat' dir='ltr'>civitas</span> <span class='ocrx_word' id='word_1_82' title='bbox 608 1145 621 1166; x_wconf 90' lang='lat'>,</span> <span class='ocrx_word' id='word_1_83' title='bbox 651 1109 977 1156; x_wconf 87' lang='lat' dir='ltr'>habitatoribus</span> <span class='ocrx_word' id='word_1_84' title='bbox 1010 1125 1153 1155; x_wconf 84' lang='lat' dir='ltr'>vacua</span> <span class='ocrx_word' id='word_1_85' title='bbox 1175 1143 1187 1164; x_wconf 94' lang='lat'>‚</span> <span class='ocrx_word' id='word_1_86' title='bbox 1213 1107 1447 1153; x_wconf 86' lang='lat' dir='ltr'>frumento</span> 
     </span>
     <span class='ocr_line' id='line_1_14' title="bbox 161 1179 1446 1246; baseline -0.003 -18"><span class='ocrx_word' id='word_1_87' title='bbox 161 1182 213 1228; x_wconf 87' lang='lat'>&amp;</span> <span class='ocrx_word' id='word_1_88' title='bbox 243 1180 402 1229; x_wconf 87' lang='lat' dir='ltr'>salibus</span> <span class='ocrx_word' id='word_1_89' title='bbox 431 1183 583 1231; x_wconf 87' lang='lat' dir='ltr'>nitidis</span> <span class='ocrx_word' id='word_1_90' title='bbox 616 1183 776 1246; x_wconf 83' lang='lat' dir='ltr'>plena,</span> <span class='ocrx_word' id='word_1_91' title='bbox 803 1181 849 1228; x_wconf 88' lang='lat' dir='ltr'>in</span> <span class='ocrx_word' id='word_1_92' title='bbox 881 1199 968 1246; x_wconf 88' lang='lat' dir='ltr'>qua</span> <span class='ocrx_word' id='word_1_93' title='bbox 996 1182 1212 1242; x_wconf 84' lang='lat' dir='ltr'>templum</span> <span class='ocrx_word' id='word_1_94' title='bbox 1248 1180 1324 1226; x_wconf 89' lang='lat' dir='ltr'>alti</span> <span class='ocrx_word' id='word_1_95' title='bbox 1352 1179 1446 1226; x_wconf 92' lang='lat' dir='ltr'>cul-</span> 
     </span>
     <span class='ocr_line' id='line_1_15' title="bbox 159 1254 1446 1319; baseline -0.001 -18"><span class='ocrx_word' id='word_1_96' title='bbox 159 1254 294 1301; x_wconf 89' lang='lat' dir='ltr'>minis</span> <span class='ocrx_word' id='word_1_97' title='bbox 315 1256 406 1303; x_wconf 85' lang='lat' dir='ltr'>arci</span> <span class='ocrx_word' id='word_1_98' title='bbox 436 1257 632 1305; x_wconf 89' lang='lat' dir='ltr'>vidimus</span> <span class='ocrx_word' id='word_1_99' title='bbox 661 1256 1008 1319; x_wconf 80' lang='lat' dir='ltr'>superpositum:</span> <span class='ocrx_word' id='word_1_100' title='bbox 1029 1273 1116 1317; x_wconf 85' lang='lat' dir='ltr'>qua</span> <span class='ocrx_word' id='word_1_101' title='bbox 1141 1254 1342 1310; x_wconf 87' lang='lat' dir='ltr'>incensa,</span> <span class='ocrx_word' id='word_1_102' title='bbox 1360 1271 1446 1300; x_wconf 82' lang='lat' dir='ltr'>cae·</span> 
     </span>
     <span class='ocr_line' id='line_1_16' title="bbox 160 1327 1445 1394; baseline -0.001 -19"><span class='ocrx_word' id='word_1_103' title='bbox 160 1327 302 1391; x_wconf 76' lang='lat' dir='ltr'>sisque</span> <span class='ocrx_word' id='word_1_104' title='bbox 331 1331 590 1378; x_wconf 85' lang='lat' dir='ltr'>mulieribus</span> <span class='ocrx_word' id='word_1_105' title='bbox 620 1332 772 1394; x_wconf 80' lang='lat' dir='ltr'>paucis</span> <span class='ocrx_word' id='word_1_106' title='bbox 789 1366 802 1388; x_wconf 88' lang='lat'><strong>‚</strong></span> <span class='ocrx_word' id='word_1_107' title='bbox 823 1347 924 1393; x_wconf 82' lang='lat' dir='ltr'>quae</span> <span class='ocrx_word' id='word_1_108' title='bbox 956 1343 1140 1390; x_wconf 77' lang='lat' dir='ltr'>repertae</span> <span class='ocrx_word' id='word_1_109' title='bbox 1160 1328 1287 1384; x_wconf 88' lang='lat' dir='ltr'>sunt,</span> <span class='ocrx_word' id='word_1_110' title='bbox 1313 1327 1445 1389; x_wconf 85' lang='lat' dir='ltr'>traje-</span> 
     </span>
     <span class='ocr_line' id='line_1_17' title="bbox 160 1401 1446 1464; baseline -0.002 -15"><span class='ocrx_word' id='word_1_111' title='bbox 160 1402 234 1449; x_wconf 71' lang='lat' dir='ltr'>&amp;o</span> <span class='ocrx_word' id='word_1_112' title='bbox 263 1401 390 1450; x_wconf 88' lang='lat' dir='ltr'>fonte</span> <span class='ocrx_word' id='word_1_113' title='bbox 416 1403 600 1451; x_wconf 81' lang='lat' dir='ltr'>scatenti</span> <span class='ocrx_word' id='word_1_114' title='bbox 631 1403 881 1458; x_wconf 80' lang='lat' dir='ltr'>bitumine,</span> <span class='ocrx_word' id='word_1_115' title='bbox 911 1401 1211 1464; x_wconf 79' lang='lat' dir='ltr'>Ozogardana</span> <span class='ocrx_word' id='word_1_116' title='bbox 1247 1417 1446 1462; x_wconf 90' lang='lat' dir='ltr'>occupa·</span> 
     </span>
     <span class='ocr_line' id='line_1_18' title="bbox 159 1472 1446 1539; baseline -0.002 -18"><span class='ocrx_word' id='word_1_117' title='bbox 159 1473 311 1521; x_wconf 88' lang='lat' dir='ltr'>vimus</span> <span class='ocrx_word' id='word_1_118' title='bbox 332 1476 575 1538; x_wconf 87' lang='lat' dir='ltr'>oppidum,</span> <span class='ocrx_word' id='word_1_119' title='bbox 602 1476 727 1539; x_wconf 88' lang='lat' dir='ltr'>quod</span> <span class='ocrx_word' id='word_1_120' title='bbox 750 1473 992 1520; x_wconf 89' lang='lat' dir='ltr'>formidine</span> <span class='ocrx_word' id='word_1_121' title='bbox 1012 1472 1294 1519; x_wconf 88' lang='lat' dir='ltr'>advenientis</span> <span class='ocrx_word' id='word_1_122' title='bbox 1316 1489 1446 1518; x_wconf 84' lang='lat' dir='ltr'>exer·</span> 
     </span>
     <span class='ocr_line' id='line_1_19' title="bbox 156 1544 1449 1608; baseline -0.003 -13"><span class='ocrx_word' id='word_1_123' title='bbox 156 1546 273 1595; x_wconf 80' lang='lat' dir='ltr'>citus</span> <span class='ocrx_word' id='word_1_124' title='bbox 304 1547 456 1594; x_wconf 86' lang='lat' dir='ltr'>itidem</span> <span class='ocrx_word' id='word_1_125' title='bbox 489 1548 719 1595; x_wconf 82' lang='lat' dir='ltr'>deseruere</span> <span class='ocrx_word' id='word_1_126' title='bbox 746 1547 943 1595; x_wconf 88' lang='lat' dir='ltr'>cultores</span> <span class='ocrx_word' id='word_1_127' title='bbox 969 1564 979 1591; x_wconf 91' lang='lat'><strong>:</strong></span> <span class='ocrx_word' id='word_1_128' title='bbox 1030 1545 1076 1592; x_wconf 89' lang='lat' dir='ltr'>in</span> <span class='ocrx_word' id='word_1_129' title='bbox 1101 1561 1196 1608; x_wconf 87' lang='lat' dir='ltr'>quo</span> <span class='ocrx_word' id='word_1_130' title='bbox 1230 1544 1449 1608; x_wconf 84' lang='lat' dir='ltr'>principis</span> 
     </span>
     <span class='ocr_line' id='line_1_20' title="bbox 159 1618 1443 1682; baseline 0 -17"><span class='ocrx_word' id='word_1_131' title='bbox 159 1618 343 1682; x_wconf 61' lang='lat' dir='ltr'>Traiani</span> <span class='ocrx_word' id='word_1_132' title='bbox 373 1621 567 1667; x_wconf 80' lang='lat' dir='ltr'>tribunal</span> <span class='ocrx_word' id='word_1_133' title='bbox 593 1621 921 1669; x_wconf 87' lang='lat' dir='ltr'>ostendebatur.</span> <span class='ocrx_word' id='word_1_134' title='bbox 945 1621 1039 1666; x_wconf 85' lang='lat' dir='ltr'>Hac</span> <span class='ocrx_word' id='word_1_135' title='bbox 1061 1635 1245 1682; x_wconf 89' lang='lat' dir='ltr'>quoque</span> <span class='ocrx_word' id='word_1_136' title='bbox 1265 1619 1443 1673; x_wconf 79' lang='lat' dir='ltr'>exusta,</span> 
     </span>
     <span class='ocr_line' id='line_1_21' title="bbox 161 1691 1445 1754; baseline -0.002 -16"><span class='ocrx_word' id='word_1_137' title='bbox 161 1692 302 1738; x_wconf 88' lang='lat' dir='ltr'>biduo</span> <span class='ocrx_word' id='word_1_138' title='bbox 336 1693 390 1739; x_wconf 90' lang='lat' dir='ltr'>ad</span> <span class='ocrx_word' id='word_1_139' title='bbox 415 1692 706 1740; x_wconf 58' lang='lat' dir='ltr'>refectionem</span> <span class='ocrx_word' id='word_1_140' title='bbox 733 1709 978 1754; x_wconf 82' lang='lat' dir='ltr'>corporum</span> <span class='ocrx_word' id='word_1_141' title='bbox 1009 1691 1114 1737; x_wconf 85' lang='lat' dir='ltr'>dato</span> <span class='ocrx_word' id='word_1_142' title='bbox 1136 1727 1148 1749; x_wconf 88' lang='lat'>‚</span> <span class='ocrx_word' id='word_1_143' title='bbox 1186 1707 1329 1753; x_wconf 86' lang='lat' dir='ltr'>prope</span> <span class='ocrx_word' id='word_1_144' title='bbox 1364 1707 1445 1736; x_wconf 82' lang='lat' dir='ltr'>ex-</span> 
     </span>
     <span class='ocr_line' id='line_1_22' title="bbox 160 1763 1447 1831; baseline -0.002 -19"><span class='ocrx_word' id='word_1_145' title='bbox 160 1776 353 1812; x_wconf 83' lang='lat' dir='ltr'>tremum</span> <span class='ocrx_word' id='word_1_146' title='bbox 373 1767 518 1814; x_wconf 74' lang='lat' dir='ltr'>noffis</span> <span class='ocrx_word' id='word_1_147' title='bbox 534 1804 548 1826; x_wconf 88' lang='lat'>‚</span> <span class='ocrx_word' id='word_1_148' title='bbox 569 1785 671 1831; x_wconf 85' lang='lat' dir='ltr'>quae</span> <span class='ocrx_word' id='word_1_149' title='bbox 688 1767 929 1814; x_wconf 86' lang='lat' dir='ltr'>secundum</span> <span class='ocrx_word' id='word_1_150' title='bbox 951 1766 1065 1813; x_wconf 89' lang='lat' dir='ltr'>diem</span> <span class='ocrx_word' id='word_1_151' title='bbox 1088 1765 1232 1812; x_wconf 83' lang='lat' dir='ltr'>secuta</span> <span class='ocrx_word' id='word_1_152' title='bbox 1251 1763 1311 1810; x_wconf 87' lang='lat' dir='ltr'>est</span> <span class='ocrx_word' id='word_1_153' title='bbox 1332 1799 1344 1819; x_wconf 91' lang='lat'><strong>‚</strong></span> <span class='ocrx_word' id='word_1_154' title='bbox 1365 1766 1447 1809; x_wconf 85' lang='lat' dir='ltr'>Su·</span> 
     </span>
     <span class='ocr_line' id='line_1_23' title="bbox 163 1836 1447 1903; baseline -0.001 -21"><span class='ocrx_word' id='word_1_155' title='bbox 163 1853 270 1883; x_wconf 89' lang='lat' dir='ltr'>rena</span> <span class='ocrx_word' id='word_1_156' title='bbox 298 1838 395 1899; x_wconf 82' lang='lat' dir='ltr'>post</span> <span class='ocrx_word' id='word_1_157' title='bbox 419 1855 567 1903; x_wconf 85' lang='lat' dir='ltr'>regem</span> <span class='ocrx_word' id='word_1_158' title='bbox 589 1841 707 1902; x_wconf 88' lang='lat' dir='ltr'>apud</span> <span class='ocrx_word' id='word_1_159' title='bbox 736 1839 882 1887; x_wconf 87' lang='lat' dir='ltr'>Persas</span> <span class='ocrx_word' id='word_1_160' title='bbox 913 1839 1170 1901; x_wconf 85' lang='lat' dir='ltr'>promeritae</span> <span class='ocrx_word' id='word_1_161' title='bbox 1190 1836 1412 1900; x_wconf 77' lang='lat' dir='ltr'>dignitatis</span> <span class='ocrx_word' id='word_1_162' title='bbox 1429 1871 1447 1893; x_wconf 77' lang='lat'>,</span> 
     </span>
     <span class='ocr_line' id='line_1_24' title="bbox 161 1909 1443 1973; baseline -0.002 -17"><span class='ocrx_word' id='word_1_163' title='bbox 161 1911 211 1956; x_wconf 86' lang='lat'>&amp;</span> <span class='ocrx_word' id='word_1_164' title='bbox 230 1910 461 1957; x_wconf 82' lang='lat' dir='ltr'>Malechus</span> <span class='ocrx_word' id='word_1_165' title='bbox 491 1911 737 1959; x_wconf 89' lang='lat' dir='ltr'>Podosaces</span> <span class='ocrx_word' id='word_1_166' title='bbox 768 1911 951 1958; x_wconf 83' lang='lat' dir='ltr'>nomine</span> <span class='ocrx_word' id='word_1_167' title='bbox 971 1946 984 1967; x_wconf 84' lang='lat'><strong>‚</strong></span> <span class='ocrx_word' id='word_1_168' title='bbox 1020 1909 1298 1973; x_wconf 85' lang='lat' dir='ltr'>Phylarchus</span> <span class='ocrx_word' id='word_1_169' title='bbox 1321 1909 1443 1954; x_wconf 74' lang='lat' dir='ltr'>Sara·</span> 
     </span>
     <span class='ocr_line' id='line_1_25' title="bbox 163 1976 1445 2040; baseline -0.001 -15"><span class='ocrx_word' id='word_1_170' title='bbox 163 1996 380 2027; x_wconf 87' lang='lat' dir='ltr'>cenorum</span> <span class='ocrx_word' id='word_1_171' title='bbox 400 1982 698 2030; x_wconf 65' lang='lat' dir='ltr'>Assanitari‘tm</span> <span class='ocrx_word' id='word_1_172' title='bbox 715 2020 728 2040; x_wconf 86' lang='lat'><em>‚</em></span> <span class='ocrx_word' id='word_1_173' title='bbox 754 1982 908 2030; x_wconf 82' lang='lat' dir='ltr'>famosi</span> <span class='ocrx_word' id='word_1_174' title='bbox 927 1982 1124 2031; x_wconf 88' lang='lat' dir='ltr'>nominis</span> <span class='ocrx_word' id='word_1_175' title='bbox 1149 1980 1265 2026; x_wconf 88' lang='lat' dir='ltr'>latro</span> <span class='ocrx_word' id='word_1_176' title='bbox 1287 1976 1445 2036; x_wconf 69' lang='lat' dir='ltr'>„omni</span> 
     </span>
     <span class='ocr_line' id='line_1_26' title="bbox 163 2053 1448 2120; baseline -0.003 -19"><span class='ocrx_word' id='word_1_177' title='bbox 163 2055 329 2102; x_wconf 83' lang='lat' dir='ltr'>saevitia</span> <span class='ocrx_word' id='word_1_178' title='bbox 366 2074 443 2119; x_wconf 91' lang='lat' dir='ltr'>per</span> <span class='ocrx_word' id='word_1_179' title='bbox 482 2059 659 2106; x_wconf 91' lang='lat' dir='ltr'>nostros</span> <span class='ocrx_word' id='word_1_180' title='bbox 691 2060 853 2106; x_wconf 87' lang='lat' dir='ltr'>limites</span> <span class='ocrx_word' id='word_1_181' title='bbox 889 2059 965 2104; x_wconf 88' lang='lat' dir='ltr'>diu</span> <span class='ocrx_word' id='word_1_182' title='bbox 997 2056 1233 2120; x_wconf 79' lang='lat' dir='ltr'>grassatus,</span> <span class='ocrx_word' id='word_1_183' title='bbox 1273 2053 1448 2098; x_wconf 67' lang='lat' dir='ltr'>struCtis</span> 
     </span>
     <span class='ocr_line' id='line_1_27' title="bbox 163 2125 1445 2196; baseline -0.004 -22"><span class='ocrx_word' id='word_1_184' title='bbox 163 2129 415 2176; x_wconf 81' lang='lat' dir='ltr'>Hormisdae</span> <span class='ocrx_word' id='word_1_185' title='bbox 441 2131 607 2178; x_wconf 87' lang='lat' dir='ltr'>infidiis</span> <span class='ocrx_word' id='word_1_186' title='bbox 635 2168 649 2190; x_wconf 93' lang='lat'>,</span> <span class='ocrx_word' id='word_1_187' title='bbox 687 2149 822 2196; x_wconf 86' lang='lat' dir='ltr'>quem</span> <span class='ocrx_word' id='word_1_188' title='bbox 855 2131 909 2178; x_wconf 89' lang='lat' dir='ltr'>ad</span> <span class='ocrx_word' id='word_1_189' title='bbox 945 2127 1260 2192; x_wconf 85' lang='lat' dir='ltr'>speculandum</span> <span class='ocrx_word' id='word_1_190' title='bbox 1296 2125 1445 2171; x_wconf 80' lang='lat' dir='ltr'>exitu-</span> 
     </span>
     <span class='ocr_line' id='line_1_28' title="bbox 164 2199 1447 2265; baseline -0.002 -20"><span class='ocrx_word' id='word_1_191' title='bbox 164 2216 264 2245; x_wconf 83' lang='lat' dir='ltr'>rum</span> <span class='ocrx_word' id='word_1_192' title='bbox 293 2200 514 2248; x_wconf 90' lang='lat' dir='ltr'>incertum</span> <span class='ocrx_word' id='word_1_193' title='bbox 545 2203 665 2249; x_wconf 89' lang='lat' dir='ltr'>unde</span> <span class='ocrx_word' id='word_1_194' title='bbox 699 2201 1009 2265; x_wconf 81' lang='lat' dir='ltr'>praesenserant</span> <span class='ocrx_word' id='word_1_195' title='bbox 1029 2238 1043 2260; x_wconf 88' lang='lat'>,</span> <span class='ocrx_word' id='word_1_196' title='bbox 1076 2201 1178 2247; x_wconf 91' lang='lat' dir='ltr'>ideo</span> <span class='ocrx_word' id='word_1_197' title='bbox 1215 2199 1313 2246; x_wconf 89' lang='lat' dir='ltr'>sunt</span> <span class='ocrx_word' id='word_1_198' title='bbox 1346 2212 1447 2244; x_wconf 85' lang='lat' dir='ltr'>ten-</span> 
     </span>
     <span class='ocr_line' id='line_1_29' title="bbox 166 2272 1445 2340; baseline -0.004 -20"><span class='ocrx_word' id='word_1_199' title='bbox 166 2286 368 2321; x_wconf 86' lang='lat' dir='ltr'>tamento</span> <span class='ocrx_word' id='word_1_200' title='bbox 399 2274 628 2334; x_wconf 86' lang='lat' dir='ltr'>frustrati,</span> <span class='ocrx_word' id='word_1_201' title='bbox 657 2277 784 2340; x_wconf 89' lang='lat' dir='ltr'>quod</span> <span class='ocrx_word' id='word_1_202' title='bbox 817 2276 999 2339; x_wconf 86' lang='lat' dir='ltr'>angusta</span> <span class='ocrx_word' id='word_1_203' title='bbox 1034 2273 1230 2321; x_wconf 81' lang='lat' dir='ltr'>fluminis</span> <span class='ocrx_word' id='word_1_204' title='bbox 1258 2272 1445 2317; x_wconf 82' lang='lat' dir='ltr'>interlu-</span> 
     </span>
     <span class='ocr_line' id='line_1_30' title="bbox 163 2345 1445 2410; baseline -0.002 -18"><span class='ocrx_word' id='word_1_205' title='bbox 163 2347 261 2393; x_wconf 87' lang='lat' dir='ltr'>vies</span> <span class='ocrx_word' id='word_1_206' title='bbox 290 2348 340 2395; x_wconf 91' lang='lat'>&amp;</span> <span class='ocrx_word' id='word_1_207' title='bbox 370 2349 550 2410; x_wconf 85' lang='lat' dir='ltr'>praealta</span> <span class='ocrx_word' id='word_1_208' title='bbox 570 2348 744 2396; x_wconf 75' lang='lat' dir='ltr'>transtri</span> <span class='ocrx_word' id='word_1_209' title='bbox 769 2349 888 2396; x_wconf 90' lang='lat' dir='ltr'>vado</span> <span class='ocrx_word' id='word_1_210' title='bbox 907 2365 1001 2395; x_wconf 89' lang='lat' dir='ltr'>non</span> <span class='ocrx_word' id='word_1_211' title='bbox 1029 2346 1190 2410; x_wconf 88' lang='lat' dir='ltr'>potuit.</span> <span class='ocrx_word' id='word_1_212' title='bbox 1211 2348 1265 2391; x_wconf 88' lang='lat' dir='ltr'>Et</span> <span class='ocrx_word' id='word_1_213' title='bbox 1294 2345 1445 2407; x_wconf 86' lang='lat' dir='ltr'>primo</span> 
     </span>
     <span class='ocr_line' id='line_1_31' title="bbox 162 2416 1443 2478; baseline -0.007 -10"><span class='ocrx_word' id='word_1_214' title='bbox 162 2418 277 2468; x_wconf 79' lang='lat' dir='ltr'>lucis</span> <span class='ocrx_word' id='word_1_215' title='bbox 303 2421 495 2467; x_wconf 85' lang='lat' dir='ltr'>exordio</span> <span class='ocrx_word' id='word_1_216' title='bbox 519 2456 532 2478; x_wconf 90' lang='lat'>,</span> <span class='ocrx_word' id='word_1_217' title='bbox 568 2438 670 2468; x_wconf 84' lang='lat' dir='ltr'>cum</span> <span class='ocrx_word' id='word_1_218' title='bbox 706 2421 844 2468; x_wconf 74' lang='lat' dir='ltr'>essent</span> <span class='ocrx_word' id='word_1_219' title='bbox 874 2419 1021 2468; x_wconf 87' lang='lat' dir='ltr'>hostes</span> <span class='ocrx_word' id='word_1_220' title='bbox 1059 2418 1145 2478; x_wconf 80' lang='lat' dir='ltr'>jam</span> <span class='ocrx_word' id='word_1_221' title='bbox 1180 2418 1226 2464; x_wconf 88' lang='lat' dir='ltr'>in</span> <span class='ocrx_word' id='word_1_222' title='bbox 1261 2416 1443 2463; x_wconf 87' lang='lat' dir='ltr'>contui-</span> 
     </span>
     <span class='ocr_line' id='line_1_32' title="bbox 156 2491 1442 2559; baseline -0.005 -20"><span class='ocrx_word' id='word_1_223' title='bbox 156 2504 204 2539; x_wconf 84' lang='lat' dir='ltr'>tu</span> <span class='ocrx_word' id='word_1_224' title='bbox 222 2526 237 2551; x_wconf 85' lang='lat'>,</span> <span class='ocrx_word' id='word_1_225' title='bbox 274 2493 355 2542; x_wconf 70' lang='lat' dir='ltr'>visi</span> <span class='ocrx_word' id='word_1_226' title='bbox 381 2508 487 2542; x_wconf 87' lang='lat' dir='ltr'>tunc</span> <span class='ocrx_word' id='word_1_227' title='bbox 512 2493 717 2559; x_wconf 77' lang='lat' dir='ltr'>primitus</span> <span class='ocrx_word' id='word_1_228' title='bbox 748 2492 921 2543; x_wconf 86' lang='lat' dir='ltr'>corusci</span> <span class='ocrx_word' id='word_1_229' title='bbox 953 2492 1115 2557; x_wconf 84' lang='lat' dir='ltr'>galeis,</span> <span class='ocrx_word' id='word_1_230' title='bbox 1137 2494 1183 2538; x_wconf 65' lang='grc' dir='ltr'>ὅ(</span> <span class='ocrx_word' id='word_1_231' title='bbox 1204 2491 1442 2536; x_wconf 80' lang='lat' dir='ltr'>horrentes</span> 
     </span>
    </p>
   </div>
  </div>
 </body>
</html>
