1626 2917
203 192 295 250 264
397 191 754 238 AMMIANI
790 191 1297 239 MARCELLINI

207 297 364 345 census
387 298 621 345 malleolus
652 297 903 345 volucriter
930 300 984 345 ad
1017 299 1227 346 destinata
1248 299 1492 358 festinans;

201 386 304 416 cum
331 370 516 416 venisset
554 371 843 429 Bononiam,
875 389 901 418 a
928 371 1090 420 Sirmio
1121 373 1331 420 milliario
1363 389 1494 419 nono

203 442 467 505 disparatam
501 445 551 492 δι
586 445 797 499 decimo,
829 444 1082 492 senescente
1118 445 1258 504 luna,
1297 447 1495 507 ideoque

203 515 472 563 obscurante
494 517 637 563 noctis
660 517 900 563 maximam
923 530 1091 579 partem
1109 554 1124 575 ‚
1146 535 1171 565 e
1194 519 1299 566 navi
1320 518 1497 565 exfiluit

202 589 477 651 improvisus
500 607 510 635 :
544 589 777 652 statimque
797 590 1132 653 Dagalaiphum
1160 592 1276 638 misit
1295 609 1396 638 cum
1414 609 1498 638 ex-

203 663 367 723 peditis
389 663 441 709 ad
455 662 755 710 Lucillianum
773 664 1057 721 vocandum,
1073 664 1453 728 trahendumque,
1467 665 1500 712 fi

203 733 486 780 reniteretur.
505 733 599 793 Qui
621 746 714 786 tum
737 736 874 782 etiarn
899 735 1130 798 quiescens
1153 773 1167 795 ‚
1193 754 1293 784 cum
1314 738 1501 800 strepitu

203 805 429 852 excitatus
462 806 728 854 turbulento
762 808 939 856 vidiffet
969 808 1237 871 ignotorum
1258 810 1499 857 hominum

205 875 249 922 se
289 877 465 925 circulo
502 879 848 943 circumseptum
871 916 884 938 ,
928 894 1159 943 concepto
1197 881 1417 946 negotio,
1449 884 1501 929 &

204 947 485 1011 imperatorii
520 951 718 998 nominis
750 964 874 998 metu
919 952 1189 1014 praestrictus
1211 988 1225 1010 ,
1261 953 1501 1015 praeceptis

205 1022 354 1085 paruit
390 1023 704 1072 invitiffimus:
742 1025 1006 1088 secutusque
1034 1026 1227 1072 alienum
1265 1026 1503 1073 arbitrium

204 1097 410 1160 magister
445 1099 647 1160 equitum
666 1136 681 1156 ,
700 1100 838 1162 paulo
868 1113 971 1146 ante
995 1100 1208 1162 superbus
1242 1101 1292 1147 &
1332 1099 1464 1146 ferox
1484 1135 1500 1158 ,

204 1168 504 1233 jumentoque
529 1172 764 1235 impositus
791 1173 1033 1235 repentino
1063 1207 1076 1227 ‚
1111 1173 1311 1235 principi
1336 1186 1388 1219 ut
1426 1190 1501 1221 ca-

205 1244 362 1307 ptivus
385 1244 573 1292 offertur
589 1246 820 1309 ignobilis,
835 1246 1087 1308 oppressam
1103 1258 1276 1292 terrore
1299 1245 1379 1291 vix
1401 1246 1497 1293 col-

204 1317 350 1380 ligens
381 1332 592 1365 mentem.
626 1322 796 1365 Verum
832 1336 936 1365 cum
967 1318 1173 1380 primitus
1207 1318 1356 1376 visus,
1389 1320 1497 1365 ado-

206 1392 358 1437 randae
381 1408 592 1454 purpurae
615 1392 761 1438 datam
787 1392 865 1437 fibi
887 1391 1067 1452 copiam
1097 1391 1357 1437 advertisset
1377 1426 1392 1448 ‚
1428 1408 1498 1438 re-

207 1479 382 1512 creatus
409 1467 588 1512 tandem
612 1464 765 1528 suique
786 1465 965 1512 securus
979 1500 992 1521 ‚
1023 1468 1193 1511 Incautc
1214 1465 1362 1527 inquit
1380 1501 1394 1523 ‚
1414 1468 1497 1511 Im·

199 1557 394 1604 perator,
415 1540 456 1588 6³
484 1558 624 1587 temere
652 1561 743 1587 cum
761 1544 914 1602 paucis
939 1543 1091 1586 alienis
1113 1542 1311 1601 partibus
1329 1555 1364 1585 te
1389 1558 1499 1586 ccm-

208 1612 367 1678 miststl.
396 1614 483 1659 Cui
513 1631 715 1660 amarum
736 1613 935 1661 Julianus
961 1613 1189 1659 subridens
1211 1649 1225 1670 ‚
1257 1616 1361 1660 Haec
1383 1616 1501 1659 verba

203 1689 432 1749 prudentia
454 1689 581 1748 serva
597 1723 610 1745 ‚
646 1686 794 1748 inquit
812 1723 825 1744 ,
852 1688 1090 1752 Constantio
1105 1705 1122 1732 :
1145 1687 1372 1753 majestatis
1390 1689 1501 1732 enim

207 1759 367 1823 inſsgrze
381 1795 394 1817 ,
415 1780 501 1806 non
522 1778 569 1807 uc
592 1762 827 1825 consiliario
855 1763 956 1818 tibi,
977 1761 1064 1821 sed
1089 1776 1135 1805 ut
1153 1760 1316 1824 desinas
1327 1777 1499 1820 pavere,

205 1852 393 1896 porse-vl·

275 1906 335 1951 X.
365 1905 490 1952 Nihil
517 1905 677 1953 deinde
703 1916 862 1952 amoto
894 1903 1149 1952 Lucilliano
1170 1902 1464 1950 differendum
1482 1940 1499 1961 ‚
1560 1938 1565 1942 .

208 1994 296 2024 nec
317 1980 538 2041 agendum
560 1979 689 2042 segne
717 1992 866 2036 ratus,
896 1992 944 2024 ut
963 1990 1054 2026 erat
1083 1978 1130 2024 in
1165 1977 1296 2024 rebus
1314 1977 1501 2039 trepidis

209 2052 353 2098 audax
389 2053 439 2099 &
458 2051 766 2100 confidentior
783 2086 797 2109 ‚
820 2050 1051 2097 civitatem
1071 2085 1085 2109 ,
1109 2062 1157 2095 ut
1179 2049 1502 2111 praesumebat,

210 2125 460 2172 dedititiam
492 2140 648 2188 petens
664 2162 677 2184 ,
698 2125 796 2173 citis
815 2124 1005 2187 pastibus
1025 2123 1259 2170 incedebat
1279 2139 1502 2186 :eumque

210 2200 476 2247 suburbanis
504 2200 886 2263 propinquantem
910 2198 1069 2260 amplis
1099 2197 1375 2259 nimiumque
1395 2213 1504 2258 pro-

209 2273 345 2320 tentis
368 2310 381 2330 ‚
410 2274 612 2321 militaris
641 2276 690 2321 &
717 2272 869 2320 omnis
899 2272 1070 2334 generis
1090 2271 1218 2317 turba
1239 2287 1339 2317 cum
1367 2270 1503 2316 lumi-

210 2363 268 2395 ne
296 2346 442 2392 multo
481 2348 526 2392 &
558 2346 773 2403 floribus,
810 2342 1187 2406 votisquefaustis
1207 2379 1219 2398 ‚
1252 2343 1500 2405 Augustum

209 2419 436 2482 appellans
459 2421 508 2467 &
527 2419 808 2472 Dominum,
834 2416 963 2463 duxit
981 2416 1025 2461 in
1046 2414 1223 2477 regiam.
1245 2414 1337 2461 Ubi
1355 2430 1501 2460 even-

211 2502 260 2538 tu
290 2491 417 2539 laetus
443 2492 493 2539 ὅ(
514 2490 666 2538 omine
681 2525 695 2551 ‚
715 2486 889 2536 firmata
915 2486 989 2551 spe
1017 2498 1317 2535 venturorum
1336 2519 1352 2545 ,
1375 2480 1504 2548 quod
