1626 2917
216 196 302 252 146
424 194 753 240 AMMIANI
800 196 1273 244 MARCELLINI

209 299 329 345 ricus
358 300 519 356 docet,
542 313 703 362 optans
736 301 880 363 perire
905 302 1056 364 potius
1084 304 1212 362 luce,
1243 322 1372 368 quam
1402 306 1492 368 pati

208 373 463 419 formidinis
486 390 723 435 augmenta
747 376 990 421 ηοὲὶιιῑηεε.
1021 380 1074 422 Et
1095 379 1307 440 quoniam
1330 379 1491 439 judex,

206 447 316 509 quin
335 448 476 493 immo
500 449 650 509 praetlo
674 447 907 507 nefandus,
925 451 976 496 ad
1001 450 1042 495 id
1067 451 1365 515 solum,quod
1388 473 1491 516 pro-

204 522 346 577 misit,
379 521 604 577 intentus,
632 525 791 569 cuncta
816 525 1062 570 extollebat
1098 525 1142 571 in
1181 526 1347 586 majus,
1377 527 1490 588 juffo

204 596 416 659 Aginatio
454 595 608 653 statui,
636 597 812 657 agmina
847 597 952 643 fecit
982 597 1170 643 introire
1199 598 1490 646 carnificum:

201 668 457 731 catenisque
479 668 739 714 sonantibus
758 669 878 714 triste
893 705 903 725 ‚
924 669 1149 731 mancipia
1167 670 1369 733 squalore
1391 674 1492 718 diu·

203 760 344 793 tui-no
374 743 615 790 marcentia
638 744 680 789 in
709 744 882 789 domini
912 758 1042 805 caput
1064 744 1257 808 adusque
1283 747 1491 792 ultimum

201 819 424 866 lacerabat
452 817 668 863 exitium:
698 818 824 880 quod
863 818 906 862 in
943 818 1079 880 stupri
1115 818 1361 880 quaestione
1397 819 1489 866 fieri

201 906 389 942 vetuere
427 890 774 937 clementiffimae
814 892 943 953 leges.
1001 893 1209 954 Denique
1255 909 1355 938 cum
1403 892 1490 952 jam

201 966 416 1028 contigua
446 965 584 1010 morti
620 977 845 1010 tormenta
881 965 1055 1010 ancillae
1091 981 1231 1011 voces
1256 966 1489 1027 expreffis-

200 1041 296 1088 sent
329 1039 563 1100 obliquas,
595 1037 752 1083 indicii
787 1035 871 1082 fisle
908 1054 1062 1097 pat-um
1104 1038 1234 1098 plene
1275 1037 1487 1092 discussa,

200 1111 434 1175 Aginatius
458 1110 511 1155 ad
531 1108 793 1170 supplicium
817 1109 918 1153 duci
938 1108 1254 1169 pronuntiatus
1279 1108 1485 1170 abrupte,

199 1203 284 1233 nec
309 1183 506 1237 auditus,
530 1198 630 1227 cum
650 1181 820 1243 magnis
844 1181 1115 1226 clamoribus
1134 1181 1374 1242 appellaret
1397 1198 1484 1226 no-

197 1261 320 1308 mina
357 1256 646 1317 Principum,
684 1254 879 1299 sublimis
915 1267 1065 1315 raptus
1102 1255 1351 1310 occiditur,
1391 1255 1484 1316 pari

198 1329 415 1379 sententia
437 1327 623 1387 Anepsia
650 1325 896 1371 interfecia.
932 1327 1040 1370 Haec
1061 1325 1250 1388 agitante
1271 1328 1485 1372 Maximi·

199 1421 263 1452 no
293 1420 393 1461 cum
421 1399 608 1455 adesset,
633 1416 797 1461 perque
820 1398 1062 1444 etiiifiarios
1083 1416 1183 1444 cum
1206 1402 1363 1459 procul
1384 1419 1486 1462 age-

198 1492 297 1536 ret,
321 1476 477 1522 funera
510 1473 616 1520 urbs
648 1473 904 1534 deploravit
937 1485 1114 1517 aeterna.
1148 1474 1233 1518 Sed
1262 1475 1483 1520 accelera-

197 1563 305 1599 runt
323 1547 490 1594 ultimae
512 1546 618 1591 dirae
640 1545 872 1591 caesorum.
904 1546 1107 1606 Namque
1130 1558 1176 1589 ut
1205 1545 1351 1606 postea
1372 1558 1485 1592 tem-

197 1624 367 1688 pestive
399 1620 595 1676 dicetur,
629 1620 678 1664 &
706 1619 820 1664 idem
854 1617 1128 1664 Maximinus
1163 1617 1239 1663 sub
1266 1620 1484 1667 Gratiano

197 1698 490 1746 intoleranter
527 1692 567 1738 se
606 1691 817 1748 efferens,
853 1691 1135 1738 damnatorio
1170 1690 1391 1754 jugulatus
1424 1694 1484 1740 est

197 1773 351 1826 ferm,
374 1771 421 1814 &
451 1765 703 1828 Simplicius
730 1766 772 1811 in
806 1766 994 1829 Illyrico
1024 1778 1280 1811 truncatus:
1312 1766 1359 1811 &
1382 1767 1483 1812 Do-

197 1841 524 1906 ryphorianum
549 1837 891 1899 pronuntiatum
921 1836 1077 1898 capitis
1101 1853 1221 1881 reum
1245 1871 1259 1891 ,
1289 1835 1482 1882 trusum-

197 1931 286 1978 que
309 1928 482 1959 carcere
507 1910 749 1965 Tulliano,
771 1909 924 1956 matris
955 1909 1143 1955 consilio
1169 1909 1380 1969 Princeps
1399 1925 1480 1954 ex-

195 1991 301 2037 inde
342 1987 517 2049 rapuit,
556 1985 872 2046 reversumque
906 1983 960 2028 ad
993 1983 1102 2027 lares
1142 1998 1220 2043 per
1256 1982 1479 2029 cruciatus

195 2064 411 2126 oppreffit
444 2059 696 2107 immensos.
734 2058 865 2104 Unde
903 2057 990 2102 huc
1022 2055 1249 2111 fleximus,
1279 2070 1480 2101 reverta-

195 2154 297 2182 mur
313 2154 323 2181 :
339 2136 373 2180 is
396 2135 664 2180 urbanarum
688 2147 833 2176 rerum
849 2128 996 2184 status,
1012 2140 1059 2172 ut
1079 2128 1136 2172 ita
1156 2127 1360 2183 dixerim,
1379 2125 1477 2174 fuit.

260 2210 309 2252 ll.
333 2212 389 2252 At
410 2204 767 2259 Valentinianus,
789 2218 946 2264 magna
966 2201 1117 2246 animo
1145 2200 1406 2262 concipiens
1428 2203 1477 2248 &

193 2281 346 2335 utilia,
370 2280 573 2324 Rhenum
605 2293 786 2323 omnem
809 2292 832 2320 a
853 2273 1094 2319 Raetiarum
1123 2272 1314 2317 exordio
1347 2271 1476 2317 adus-

191 2371 279 2416 que
309 2352 504 2398 fretalem
531 2354 762 2397 Oceanum
787 2346 955 2409 magnis
981 2345 1172 2391 molibus
1194 2344 1474 2391 communie-

194 2429 296 2483 bat,
331 2425 464 2471 castra
501 2423 724 2468 extollens
757 2420 886 2467 altius
922 2420 970 2465 &
1004 2417 1207 2473 castella,
1241 2417 1474 2479 turresque

194 2500 374 2547 aliiduas
394 2515 472 2562 per
500 2496 665 2543 'nabiles
695 2496 826 2542 locos
849 2494 896 2541 &
921 2505 1205 2555 opportunos
1221 2527 1234 2550 ‚
1257 2508 1341 2554 qua
1364 2490 1473 2537 Gal-
