1626 2917
180 229 267 259 222
400 209 728 256 AMMIANI
764 209 1234 258 MARCELL1N1

177 315 458 379 barbarisque
495 315 582 377 jam
618 314 897 364 formidatos.
938 317 1033 378 Qui
1067 335 1167 366 cum
1202 318 1447 382 suscepisset

175 391 359 439 Caesaris
380 391 547 448 literas,
565 391 792 437 monentis
812 391 1109 454 petentisque,
1128 405 1179 439 ut
1196 393 1350 440 venire
1369 411 1447 441 ac-

176 466 412 522 celeraret,
433 463 749 526 rempublicam
766 464 960 511 confiliis
977 463 1235 527 juvaturus,
1253 465 1447 512 obstina-

173 538 332 584 tiffime
355 536 618 583 detrectabat
636 554 647 583 :
666 553 715 582 ea
736 538 910 585 ratione
928 555 1100 601 pavore
1122 555 1268 585 mente
1287 539 1450 585 confu-
1505 587 1511 593 ,

175 612 240 669 sa,
262 612 385 674 quod
405 624 554 674 aperta
573 611 733 674 scripta
752 612 1056 676 significabant
1071 649 1083 671 ,
1106 613 1161 660 ab
1178 615 1448 675 Imperatore

174 685 390 747 nusquam
421 684 592 749 dijungi
613 685 771 732 debere
792 686 1047 749 praefestum
1070 686 1114 732 in
1136 686 1292 733 ardore
1314 685 1448 732 terri-

175 758 330 806 bilium
350 774 512 805 rerum.
544 757 870 821 Adjeclumque
897 758 982 817 est,
1011 759 1134 823 quod
1154 759 1183 804 fi
1206 775 1448 821 procurare

176 833 458 881 distimularet
473 868 487 890 ‚
507 832 597 896 ipse
624 833 805 904 propria
825 833 983 896 sponte
1004 833 1242 896 projiceret
1265 832 1450 896 insignia

173 906 451 971 principatus
472 923 482 952 ε
504 906 751 969 gloriosum
774 906 856 953 effe
885 906 1156 963 existimans,
1176 905 1282 967 jussa
1303 917 1449 952 morte

176 991 415 1041 oppetere,
432 996 565 1042 quam
591 980 630 1026 ei
658 980 992 1042 provinciarum
1018 981 1244 1027 interitum
1265 981 1449 1043 affigna·

174 1053 229 1099 ri.
249 1051 334 1098 Sed
357 1051 468 1098 vicit
489 1050 682 1114 praefecti
703 1051 982 1114 propositum
1004 1052 1224 1114 pertinax,
1245 1052 1330 1110 his,
1349 1067 1449 1114 quae

173 1121 496 1170 rationabiliter
515 1121 836 1184 poscebantur,
864 1139 1016 1186 parere
1043 1121 1337 1170 contentione
1355 1138 1448 1168 ma-

174 1197 297 1242 xima
331 1193 598 1240 reluctantis.
636 1196 754 1240 Inter
782 1195 857 1241 bas
896 1207 1043 1242 tamen
1079 1210 1226 1241 moras
1260 1193 1448 1241 absentis

173 1265 383 1327 Lupicini
397 1300 410 1322 ‚
430 1263 665 1327 motusque
682 1265 893 1313 militares
912 1267 1109 1314 timentis
1134 1267 1352 1329 praefeffi,
1370 1269 1447 1316 Ju-

175 1341 319 1386 lianus
345 1336 634 1385 confiliorum
658 1338 929 1385 adminiculo
961 1340 1191 1387 destitutus
1207 1375 1220 1398 ‚
1242 1341 1446 1404 ancipiti-

173 1429 261 1474 que
281 1409 495 1457 sententia
516 1409 727 1456 flustuans
742 1447 753 1466 ,
773 1410 817 1456 id
839 1411 1063 1472 optimum
1083 1412 1198 1475 fastu
1223 1414 1448 1461 existima-

175 1484 271 1532 vit:
293 1481 364 1530 via
393 1480 579 1528 solemni
604 1482 788 1530 cunctos
819 1498 841 1528 e
871 1482 1133 1531 stationibus
1156 1485 1374 1548 egressos,
1395 1486 1447 1533 'in

176 1555 340 1618 quibus
385 1554 666 1612 hiemabant,
711 1566 930 1601 maturare
979 1555 1203 1618 disposuit.
1256 1559 1448 1622 Hocque

176 1637 438 1690 comperto,
470 1627 589 1688 apud
621 1626 918 1673 Petulantium
948 1627 1068 1691 signa
1099 1628 1316 1676 famosum
1344 1630 1449 1694 qui·

177 1702 277 1748 dam
295 1698 496 1745 libellum
521 1697 647 1745 humi
670 1697 862 1761 projecit
878 1700 1056 1747 occulte
1071 1737 1083 1758 ,
1101 1700 1216 1748 inter
1234 1701 1315 1749 alia
1333 1703 1449 1749 mul-

175 1788 220 1822 ta
245 1773 377 1821 etiam
399 1772 444 1818 id
463 1771 769 1820 continentem
790 1791 799 1819 :
819 1775 912 1820 Nos
932 1778 1091 1835 quidem
1109 1779 1170 1820 ad
1193 1779 1301 1822 orbis
1317 1793 1447 1822 terra-

179 1867 265 1895 rum
293 1863 475 1893 extrema
508 1864 553 1892 ut
577 1849 700 1892 noxii
723 1849 919 1908 pellimur
946 1845 988 1893 δ’
1012 1851 1203 1894 damnati
1220 1866 1236 1894 .·
1258 1853 1448 1895 caritates

178 1942 270 1970 vero
289 1922 427 1987 nostrae
444 1922 707 1966 Alamannis
725 1922 858 1966 denuo
863 1921 1044 1980 servient
1056 1955 1071 1977 ‚
1091 1939 1193 1981 quas
1211 1924 1449 1981 captivitate

172 1999 313 2057 prima
327 1997 419 2060 post
436 1997 704 2041 internecivas
721 1996 983 2041 liberavimus
992 2011 1173 2056 pugnas.
1194 1995 1303 2053 Quo
1326 2005 1449 2041 textu

181 2069 235 2115 ad
268 2068 531 2115 comitatum
566 2067 738 2128 perlato
764 2067 994 2130 leftoque,
1017 2067 1209 2114 Julianus
1241 2080 1449 2113 contem-

181 2142 308 2203 plans
347 2140 632 2187 rationabiles
669 2140 867 2204 querelas
882 2177 895 2197 ,
927 2157 1028 2188 cum
1066 2139 1243 2187 familiis
1276 2157 1355 2188 eos
1392 2142 1448 2188 ad

180 2211 414 2259 Orientem
445 2210 669 2274 proficisci
696 2211 931 2275 praecepit,
951 2211 1189 2259 clavularis
1210 2212 1358 2259 curs-„13
1381 2213 1448 2259 fa-

180 2285 343 2332 cultate
370 2285 568 2347 permissa
590 2303 601 2331 :
624 2287 671 2332 &
702 2302 802 2333 cum
832 2283 1124 2347 ambigeretur
1152 2284 1339 2342 diutius,
1361 2302 1446 2348 qua

181 2370 413 2423 pergerent
430 2359 520 2416 via,
538 2359 720 2421 placuit,
736 2359 914 2406 notario
932 2358 1186 2422 suggerente
1202 2360 1444 2418 Decentio‚

180 2451 258 2496 per
278 2433 466 2497 Parisios
486 2433 689 2481 homines
709 2433 914 2490 transire,
936 2432 1012 2479 ubi
1028 2433 1283 2480 morabatur
1303 2433 1446 2481 adbuc

182 2507 324 2555 Caesar
353 2507 568 2573 nusquam
588 2520 750 2561 motus.
776 2510 831 2557 Et
848 2507 908 2558 ita
925 2506 1085 2558 saelum
1108 2508 1179 2556 est.
1205 2507 1447 2571 Iisdemque
