1626 2917
178 219 272 263 ³24
370 201 723 249 AMMIANI
777 200 1276 252 MARCELLINI

176 257 195 268 κ

172 323 379 360 vorant:
410 325 519 373 quas
541 325 650 356 aves
684 324 765 371 per
796 307 939 356 rostra
968 310 1098 357 edere
1119 311 1258 359 foetus
1289 307 1470 375 accepi⁴3

173 403 287 434 mus.
315 389 552 447 Serpentes
574 393 771 447 'quoque
802 385 1033 448 AEgyptus
1062 385 1140 433 alit
1174 388 1431 435 innumeras
1451 414 1467 439 ‚

170 461 288 506 ultra
327 475 511 505 omnem
541 457 788 520 perniciem
825 456 1093 505 saevientes:
1128 459 1383 518 bafiliscos,
1416 463 1468 508 δε

170 531 524 595 amphisbaenaS‚
559 533 609 578 δε
640 530 834 595 scytalas
852 566 866 590 ‚
893 532 943 578 δε
971 531 1202 591 acontias,
1237 533 1288 580 &
1320 532 1467 595 dipsa-

170 607 248 653 das
266 641 278 658 ‚
315 607 363 653 &
389 605 569 667 viperas
586 641 600 664 ,
622 603 818 668 aliasque
849 603 1109 666 complures
1131 642 1144 662 ,
1165 621 1275 669 quas
1305 622 1468 653 omnes

169 678 479 742 magnitudine
518 679 569 725 &
607 678 773 724 decore
797 676 911 739 aspis
946 675 1075 723 facile
1102 676 1431 740 supereminens
1452 708 1468 731 ,

167 769 405 815 nunquam
427 751 587 814 sponte
623 750 697 798 sua
728 750 896 798 fluenta
925 751 1152 814 egreditur
1180 752 1289 799 Nili,
1318 753 1467 799 Multa

168 824 220 872 in
247 825 336 871 illis
365 825 578 871 stafilibus
613 823 806 886 pretium
835 823 897 869 est
934 839 1088 885 operae
1119 823 1363 870 maximum
1400 824 1466 870 le-

168 915 275 964 gere
294 934 309 956 ‚
343 915 366 945 e
394 897 561 962 quibus
581 913 723 961 pauca
750 897 1003 945 conveniet
1024 896 1251 959 explicari.
1274 896 1468 958 Templa

166 973 340 1036 ubique
379 972 578 1019 molibus
626 971 797 1036 magnis
838 971 1071 1018 exstrufita.
1112 969 1374 1034 Pyramides
1410 970 1467 1017 ad

166 1045 388 1094 miracula
425 1045 591 1108 septem
621 1045 880 1108 prove&ae‚
902 1061 1088 1107 quarum
1114 1043 1347 1089 diuturnas
1368 1041 1467 1088 sur-

167 1119 305 1183 gendi
336 1118 620 1166 difficultates
651 1116 843 1179 scriptor
863 1118 1129 1164 Herodotus
1151 1117 1287 1163 docet
1305 1151 1320 1173 ‚
1346 1116 1463 1163 ultra

165 1209 356 1240 omnem
373 1192 567 1239 omnino
598 1191 880 1238 altitudinem
898 1208 1033 1253 ‚quae
1065 1189 1270 1237 humanis
1295 1188 1463 1237 confici

165 1267 318 1331 potest
341 1302 355 1325 ‚
386 1267 542 1313 &egrae
578 1265 680 1312 sunt
718 1281 862 1313 turres
884 1302 897 1324 ‚
919 1265 975 1312 ab
1011 1266 1106 1312 imo
1140 1264 1356 1311 latiffimae
1377 1301 1389 1322 ,
1411 1265 1459 1311 in

165 1342 440 1387 iurnmitates
459 1338 724 1386 acutissimas
753 1338 1016 1385 desinentes.
1035 1339 1153 1398 Quae
1173 1336 1310 1400 figura
1335 1338 1457 1400 apud

164 1425 421 1477 geometras
453 1411 558 1457 ideo
598 1410 658 1457 fic
688 1410 967 1473 appellatur,
1004 1411 1130 1474 quod
1151 1410 1206 1456 ad
1227 1410 1343 1473 ignis
1363 1410 1463 1475 spe-

166 1485 283 1532 ciem
301 1521 315 1544 ‚
334 1493 405 1534 τοῦ
433 1495 570 1548 πυρὶς,
590 1494 639 1530 ut
664 1499 750 1530 nos
777 1482 993 1542 dicimus,
1014 1494 1284 1530 extenuatur
1305 1482 1350 1528 in
1375 1499 1462 1531 co-

165 1576 292 1606 num.
312 1560 520 1619 Quarum
549 1556 816 1620 magnitudo
842 1556 1060 1620 quoniam
1084 1555 1130 1601 in
1151 1555 1458 1604 celfitudinem

164 1633 351 1680 nimiam
374 1631 587 1680 scandens
617 1630 862 1695 gracilescit
889 1630 1101 1694 paulatim
1116 1667 1130 1689 ‚
1150 1631 1326 1678 umbras
1344 1648 1460 1694 quo-

165 1726 256 1772 que
291 1707 554 1754 mechanica
580 1705 759 1753 ratione
789 1706 1028 1753 consumit.
1052 1706 1164 1753 Sunt
1184 1707 1234 1753 &
1255 1704 1460 1771 syringes

163 1779 435 1827 subterranei
469 1778 652 1842 quidam
684 1780 734 1826 &
763 1777 953 1826 flexuosi
980 1778 1165 1827 secessus
1185 1813 1198 1836 ‚
1230 1794 1375 1841 quos,
1407 1790 1460 1825 ut

162 1853 308 1900 fertur
328 1888 342 1911 ,
372 1853 508 1916 periti
542 1854 707 1900 rituum
744 1853 1026 1901 vetustorum
1059 1853 1304 1900 adventare
1339 1851 1458 1898 dilu-

164 1927 294 1973 vium
311 1927 498 1989 praescii,
513 1926 867 1991 metuentesque,
883 1944 940 1975 ne
959 1925 1321 1974 caerimoniarum
1340 1925 1458 1972 obli-

163 2011 386 2048 teraretur
411 2000 654 2059 memoria,
683 2001 860 2064 penitus
894 2000 1094 2064 operosis
1122 1998 1312 2062 digestos
1333 1997 1458 2045 fodi-

163 2073 234 2120 nis
266 2090 345 2135 per
368 2074 472 2121 loca
495 2074 670 2121 diversa
696 2074 953 2121 struxerunt
977 2091 988 2120 :
1018 2075 1067 2121 &
1095 2070 1250 2118 excisis
1271 2071 1456 2134 parieti-

160 2146 246 2194 bus
279 2146 520 2193 volucrum
556 2146 842 2210 ferarumque
885 2163 1048 2211 genera
1089 2145 1228 2192 multa
1264 2143 1458 2208 sculpse-

160 2230 270 2266 runt
287 2254 301 2276 ‚
326 2219 375 2267 &
403 2219 661 2266 animalium
683 2220 851 2283 species
869 2219 1152 2275 innumeras,
1176 2234 1284 2281 quas
1303 2217 1455 2265 hiero-

160 2293 398 2358 graphicas
428 2294 577 2342 literas
598 2296 893 2359 appellarunt.
929 2295 1053 2343 Dein
1085 2295 1236 2359 Syene
1259 2331 1274 2352 ‚
1295 2293 1341 2341 in
1365 2311 1454 2358 qua

159 2368 338 2416 solstitii
362 2380 567 2431 tempore
587 2406 600 2428 ‚
627 2387 722 2434 quo
751 2369 817 2417 sol
847 2369 1048 2417 aessivum
1084 2367 1261 2416 cursum
1293 2381 1454 2415 exten-

160 2442 230 2489 dit
245 2477 258 2498 ,
279 2442 394 2489 resia
413 2441 568 2488 omnia
587 2443 832 2491 ambientes
855 2442 965 2489 radii
986 2442 1201 2489 excedere
1230 2441 1331 2504 ipsis
1351 2457 1453 2488 cor·

162 2514 350 2578 poribus
382 2515 564 2563 umbras
595 2532 692 2563 non
723 2515 884 2566 linunt.
916 2515 1023 2563 Inde
1053 2515 1086 2563 fi
1119 2513 1309 2579 stipitem
1336 2511 1456 2578 quis-⁴
