1626 2917
313 183 533 232 RER‘ziM
563 185 901 232 GESTARUM
931 174 1213 231 LIB.XX11.
1315 191 1408 249 319

123 295 219 345 hoc
249 295 479 360 flagitare,
507 312 577 343 res
599 298 681 344 AEcr
655 296 881 360 gyptiacae
912 307 1187 360 tangantur,
1216 312 1406 359 quarum

121 370 330 418 notitiam
351 371 398 418 in
415 371 579 418 aEiibus
601 371 812 418 Hadriani
832 373 880 419 &
898 369 1050 418 Severi
1066 370 1321 434 principum
1344 371 1410 418 di-

121 443 328 508 geffimus
350 444 471 503 late,
499 444 591 493 visa
625 445 836 509 pleraque
871 458 1114 491 narrantes.
1149 445 1231 491 AEo
1205 444 1409 508 gyptiam

121 527 300 578 gentem
324 481 529 565 omniiun
549 517 907 575 vetustiffimam‚
926 517 1008 563 nifi
1029 517 1154 579 quod
1179 517 1281 580 supe
1285 535 1306 564 r
1326 535 1410 564 an-

123 588 331 651 tiquitate
352 603 491 637 certat
510 603 610 638 cum
627 590 812 654 Scythis
831 626 844 648 ,
865 607 890 636 a
911 589 1128 635 meridiali
1147 589 1284 637 latere
1300 590 1411 654 Syr·

123 672 193 707 tes
212 660 403 722 majores
432 664 482 710 &
506 663 686 726 Phycus
706 661 1077 724 promontorium
1100 696 1115 717 ‚
1137 663 1186 709 δι
1207 661 1413 719 Bori0n5

123 735 176 781 &
203 735 495 781 Garamantes
522 771 536 793 ‚
566 735 859 798 nationesque
890 733 1026 782 variae
1064 734 1305 781 claudunt:
1325 751 1412 798 qua

123 807 361 854 Orientem
400 825 424 855 e
468 809 656 872 regione
695 808 913 871 prospicit
938 845 952 867 ‚
988 807 1316 870 Elephantinen
1360 810 1413 857 &

123 878 319 925 Meroen
335 915 347 936 ,
368 881 497 926 urbes
522 880 784 943 AEthiopum
807 915 821 937 ‚
846 880 896 927 &
921 880 1183 942 Catadupos
1203 881 1412 926 rubrum-

124 967 214 1013 que
239 953 419 1016 pelagus
448 955 497 1001 ὅ(
522 953 717 1000 Scenitas
748 954 1039 1015 praetenditur
1072 953 1241 1000 Arabas
1259 989 1273 1012 ‚
1291 970 1412 1017 quos

124 1025 368 1072 Saracenos
388 1044 508 1074 nunc
537 1027 810 1089 appellamus
831 1045 843 1073 ε
870 1026 1182 1088 septemtrioni
1202 1027 1414 1089 opposita

124 1109 343 1145 terrarum
387 1099 468 1145 fitu
503 1101 703 1146 cohaeret
737 1099 987 1156 immenso,
1020 1099 1140 1145 unde
1171 1100 1413 1147 exordium

124 1168 229 1215 Afia
257 1169 576 1236 Syriarumque
616 1171 876 1236 provinciae
917 1170 1129 1218 sumunt:
1166 1188 1192 1218 a
1227 1172 1413 1234 vespera

123 1241 278 1291 Iffiaco
309 1243 572 1308 disjungitur
600 1245 737 1304 mari,
762 1244 886 1309 quod
908 1243 1089 1306 quidam
1115 1244 1412 1294 nominavere

122 1313 421 1365 Parthenium.
443 1319 586 1366 Pauca
622 1319 771 1382 itaque
799 1317 929 1380 super
946 1317 1181 1364 benevolo
1201 1318 1411 1367 omnium

123 1384 309 1435 flumine
331 1390 464 1449 Nilo,
495 1407 631 1472 quem
654 1392 736 1437 AEo
712 1403 903 1454 gyptum
937 1389 1164 1435 Homerus
1189 1390 1413 1453 appellatj

124 1460 375 1525 praestringi
411 1463 686 1521 conveniet,
708 1479 819 1511 mox
855 1461 1140 1509 ostendendis
1166 1463 1287 1521 aliis,
1307 1480 1412 1525 quae

126 1529 266 1578 sunt
256 1551 302 1580 m
334 1533 402 1582 his
441 1535 702 1599 regionibus
747 1533 1019 1579 admiranda.
1060 1533 1270 1597 Origines
1307 1535 1414 1581 son-

126 1604 240 1652 tium
261 1607 385 1666 Nili,
408 1621 457 1654 ut
476 1608 584 1654 mihi
605 1608 784 1673 quidem
807 1606 951 1653 videri
972 1605 1117 1665 solet,
1136 1608 1245 1654 ficut
1264 1609 1412 1657 adhue

125 1674 291 1726 faitum
317 1679 401 1738 est,
423 1681 610 1744 posterae
632 1697 815 1744 quoque
837 1678 1111 1742 ignorabunt
1138 1692 1301 1728 aetates.
1321 1683 1365 1726 V
1367 1697 1413 1728 e-

126 1767 230 1798 rum
257 1754 473 1816 quoniam
496 1753 746 1802 fabulantes
775 1766 944 1816 poetae,
971 1752 1282 1816 variantesque
1301 1771 1412 1817 geo-

126 1827 284 1890 graphi
313 1828 359 1876 in
385 1829 559 1877 diversa
587 1829 797 1875 latentem
819 1826 1024 1873 notitiam
1052 1824 1286 1885 scindunt,
1308 1828 1412 1889 opi-q

127 1899 289 1948 niones
325 1918 482 1948 eorum
512 1900 691 1947 veritati
722 1897 923 1946 confines
944 1934 958 1956 ‚
994 1910 1042 1944 ut
1070 1897 1266 1944 arbitror
1284 1934 1298 1956 ‚
1327 1917 1411 1947 ex-

126 1973 302 2035 pediam
321 1974 486 2037 paucis.
505 1975 740 2020 Affirmant
760 1971 896 2034 aliqui
916 1969 1226 2033 phyficorum,
1245 1970 1291 2017 in
1309 1970 1409 2017 sub-

127 2045 252 2108 jeffis
281 2047 587 2110 septemtrioni
608 2046 756 2110 spatiis
772 2081 785 2103 ‚
805 2062 906 2093 cum
923 2044 1091 2090 hiemes
1107 2043 1281 2107 frigidae
1299 2061 1410 2096 cuns

130 2122 200 2168 &a
224 2122 560 2186 constringunt,
592 2118 945 2184 magnitudinem
985 2117 1164 2163 nivium
1194 2118 1412 2181 congelat-¹

129 2193 248 2240 scere
274 2212 285 2240 :
309 2193 466 2256 easque
486 2192 641 2256 postea
662 2191 709 2240 vi
737 2189 964 2253 flagrantis
984 2188 1132 2235 sideris
1156 2188 1370 2236 resolutas
1393 2201 1412 2247 ‚‘

131 2263 267 2312 fluxis
291 2265 554 2312 humoribus
581 2265 722 2311 nubes
755 2264 929 2309 efficere
957 2262 1190 2325 gravidas,
1227 2280 1328 2326 quae
1360 2263 1409 2309 in

130 2337 421 2384 meridianam
438 2339 609 2401 plagam
637 2336 792 2386 Etefiis
813 2335 1023 2382 flantibus
1044 2335 1179 2398 pulsae
1196 2372 1210 2394 ,
1230 2335 1412 2398 expres-

133 2407 280 2472 saeque
297 2422 453 2471 tepore
481 2409 649 2467 nimio,
669 2409 942 2456 incrementa
969 2407 1160 2454 ubertim
1178 2408 1412 2471 suggerere

133 2481 243 2532 Nilo
265 2483 522 2533 creduntur.
539 2485 608 2531 Ex
626 2481 898 2554 AEthiopicis
916 2480 1132 2552 imbribus
1138 2515 1155 2545 ,
1173 2480 1252 2547 qui
1270 2480 1413 2549 ῑὼυας
