1626 2917
298 224 517 272 RERUM
546 224 877 273 GESTARUM
906 223 1010 272 Lm.
1038 225 1144 272 xx.
1274 243 1366 288 237

88 332 140 381 in
173 333 414 397 publicum.
448 334 520 381 Ad
553 334 599 380 id
632 351 793 381 munus
820 333 1095 397 implendum
1123 332 1249 381 eleffi
1280 334 1368 380 viri

92 405 192 453 sunt
216 423 401 470 graves,
421 407 657 454 Pentadius
680 407 936 454 officiorum
958 406 1184 470 magister,
1208 410 1255 456 &
1284 410 1372 456 Eu-

91 477 261 527 therius
285 479 482 528 cubiculi
518 495 625 527 tunc
653 479 945 543 praepositus,
980 480 1078 542 post
1107 481 1278 529 oblatas
1314 484 1370 529 li-

93 561 207 596 teras
235 551 442 609 relaturi,
475 551 602 596 nullo
637 551 893 613 suppreffO,
927 568 1026 613 quae
1058 552 1294 609 viderunt,
1321 558 1371 604 &

92 622 223 684 super
242 623 400 670 ordine
427 623 682 669 futurorum
702 623 887 669 fidenter
905 623 1053 670 adiuti.
1085 626 1285 673 Auxerat
1301 628 1371 674 in-

92 704 160 740 ter
191 695 286 743 haec
315 709 571 758 coeptorum
594 695 811 743 invidiam
834 695 1049 742 Florentii
1079 695 1185 760 fuga
1209 699 1370 760 praefe-

95 768 284 832 &itqui,
305 769 430 818 velut
446 768 704 831 praelagiens
723 769 1019 816 concitandos
1039 783 1187 817 motus
1208 772 1270 818 ob
1290 774 1371 820 mi·

91 841 242 899 litem,
270 855 319 889 ut
352 842 554 889 sermone
578 856 702 889 tenus
732 842 997 904 jaciabatur,
1015 843 1234 904 accitum,
1258 863 1372 892 con-

92 915 209 962 sulto
242 916 489 964 discesserat
521 917 776 976 Viennam,
811 917 1098 963 alimentariae
1135 918 1199 964 rei
1233 920 1370 982 gratia

94 987 251 1034 divelli
289 988 487 1036 causatus
521 1005 544 1034 a
573 987 776 1046 Caesare,
809 1004 942 1050 quem
982 986 1095 1049 saepe
1137 989 1370 1037 traciatum

94 1058 284 1122 asperius
303 1059 584 1106 formidabat.
602 1060 725 1105 Dein
746 1076 847 1105 cum
873 1058 1175 1121 comperisset,
1196 1077 1294 1108 eum
1316 1064 1370 1109 ad

93 1132 324 1194 augustum
355 1132 532 1178 culmen
561 1131 762 1179 evectum
780 1166 792 1188 ,
813 1130 972 1194 exigua
1006 1148 1057 1177 ac
1079 1148 1221 1193 prope
1250 1135 1371 1180 nulla

94 1203 284 1251 vivendi
309 1203 558 1269 speversus
588 1204 635 1249 in
665 1216 856 1261 metum,
878 1216 927 1248 ut
947 1202 1082 1265 longe
1104 1203 1370 1264 disjunctus,

93 1276 220 1323 malis
241 1277 301 1336 se,
320 1294 418 1341 quae
442 1276 757 1338 suspicabatur,
776 1275 963 1322 exemit:
982 1277 1031 1322 &
1054 1277 1372 1325 necessitudine

95 1351 223 1398 omni
239 1352 390 1398 relicta
409 1349 630 1413 digressus,
651 1348 777 1396 venit
797 1348 852 1394 ad
867 1347 1181 1395 Constantium
1198 1350 1372 1397 itineri-

93 1423 177 1470 bus
201 1423 360 1470 lentis:
392 1435 530 1486 utque
563 1421 604 1466 se
631 1421 742 1466 nulli
777 1419 1028 1466 obnoxium
1064 1421 1207 1484 culpae
1238 1440 1371 1469 mon-

96 1494 272 1546 straret..
290 1494 510 1541 Iulianum
522 1529 535 1551 ‚
554 1505 602 1539 ut
620 1492 890 1555 perduellem
907 1527 920 1549 ‚
939 1492 1089 1540 multis
1111 1494 1372 1544 criminibus

97 1567 344 1629 appetebat.
385 1565 528 1628 Cujus
558 1565 658 1628 post
688 1564 853 1611 abitum
880 1565 991 1611 bene
1016 1565 1216 1614 Julianus
1250 1573 1373 1632 cogi-

97 1652 195 1686 tans
223 1640 272 1686 &
293 1639 558 1702 prudenter,
589 1637 777 1700 scirique
808 1637 998 1695 volens,
1025 1640 1147 1701 quod
1169 1630 1374 1702 prasenti

97 1728 283 1775 quoque
316 1711 603 1774 pepercisset,
630 1709 832 1758 caritates
852 1709 946 1772 ejus
967 1727 1067 1757 cum
1094 1729 1141 1758 re
1169 1713 1375 1763 familiari

98 1783 284 1842 inta&a‚
311 1784 482 1846 publici
510 1784 657 1831 cursus
680 1782 758 1828 usu
784 1782 1025 1844 permiffo,
1053 1784 1108 1830 ad
1138 1785 1374 1836 Orientem

97 1857 242 1904 redire
265 1858 404 1905 tutius
429 1858 683 1921 imperavit.

163 1932 241 1977 IX.
270 1931 367 1977 Nec
392 1930 566 1977 minore
593 1929 740 1976 studio
765 1929 899 1976 secuti
923 1930 1079 1995 legati,
1104 1931 1201 1980 haec
1224 1933 1372 1983 secum

98 2000 311 2059 ferentes,
334 2020 435 2064 quae
457 2001 766 2066 praediximus,
788 2002 1035 2066 intentique
1057 2004 1112 2050 ad
1132 2005 1372 2064 viandum,

101 2089 204 2119 cum
236 2073 445 2120 venirent
476 2075 530 2121 ad
560 2073 730 2135 judices
763 2074 1000 2133 celfiores,
1032 2076 1215 2139 oblique
1246 2091 1373 2125 tene-

100 2145 296 2192 bantur:
327 2145 560 2209 morasque
594 2162 673 2208 per
710 2145 880 2192 Italiam
913 2147 961 2194 ὅ(
992 2146 1225 2210 illyricum
1270 2168 1374 2214 per-

101 2217 207 2280 peffi
237 2217 464 2265 diuturnas
490 2221 538 2266 &
565 2235 753 2282 graves,
785 2219 965 2265 tandem
994 2220 1262 2269 transfretati
1293 2242 1372 2287 per

101 2289 350 2352 Bosporum
367 2327 381 2350 ‚
397 2291 716 2354 itineribusque
736 2292 865 2339 lentis
879 2293 1113 2356 progreffi,
1134 2298 1250 2357 apud
1272 2299 1373 2344 Cae-

101 2361 265 2408 saream
287 2365 587 2427 Cappadociae
607 2367 739 2413 etiam
768 2380 861 2414 tum
895 2369 1126 2431 degentem
1158 2371 1372 2420 invenere

101 2434 412 2483 Constantium
433 2473 448 2496 ‚
476 2440 697 2486 Mazacam
729 2441 915 2488 antehac
941 2441 1213 2489 nominatam
1233 2480 1248 2501 ,
1283 2461 1373 2507 op-

100 2518 340 2569 portunam
371 2509 526 2558 urbem
549 2512 598 2559 &
619 2511 838 2560 celebrem
859 2547 874 2574 ,
913 2512 989 2561 sub
1024 2515 1172 2579 Argaei
1200 2516 1370 2564 montis
