1626 2917
266 81 485 129 RERUM
517 80 850 129 GESTARUM
883 82 986 129 LIB.
1014 81 1189 129 XXVI.
1315 98 1375 144 91.

109 188 311 247 confixi,
331 191 380 239 &
403 203 793 255 propugnatorum
819 190 1013 238 sollertia
1036 189 1267 238 claustrum
1299 206 1378 252 per

110 276 311 311 catenam
337 261 524 310 ferream
549 264 677 311 valde
707 264 930 311 robustam
954 263 1036 311 ori'
1053 275 1209 326 portus
1238 262 1379 309 inser-

109 348 225 395 tum,
244 353 359 400 quae,
378 353 434 383 ne
454 337 652 384 rostratae
672 337 891 385 irruerent
911 353 1049 386 naves
1065 335 1264 394 hostiles,
1285 348 1378 382 erat

109 409 366 458 altrinsecus
393 411 617 475 colligata.
645 413 775 459 Hanc
797 411 895 475 post
925 410 1077 458 varios
1100 409 1289 456 militum
1314 409 1380 455 la-

107 483 241 530 bores
282 485 333 532 &
361 484 521 531 ducum
543 520 557 543 ‚
592 484 879 548 fatigatorum
915 484 1139 532 acerrimis
1175 481 1344 546 proeliis
1365 516 1380 540 ,

108 555 233 603 Aliso
266 556 444 620 quidam
474 558 676 606 tribunus
706 558 921 616 abscidit,
953 557 1152 605 exsertus
1188 555 1380 603 bellator

107 630 156 676 &
177 631 370 692 prudens
391 666 405 690 ‚
424 631 516 678 hoc
534 632 689 679 modo.
717 631 983 693 Conjunffls
1003 630 1142 676 tribus
1161 627 1349 692 navigiis
1366 662 1382 684 ,

106 702 369 751 testudinem
400 705 480 753 hac
509 704 652 769 specie
673 704 972 768 superstruxit.
992 702 1197 750 Densatis
1227 703 1380 750 cohae-

106 787 251 822 rentes
274 775 402 839 supra
425 776 569 839 capita
600 777 729 825 scutis
745 814 758 837 ,
786 777 918 840 primi
946 775 1141 822 transtris
1163 773 1382 820 instabant

106 849 259 894 armati
278 884 291 906 ‚
310 850 384 895 alii
404 849 503 913 post
523 851 605 896 hos
631 851 762 896 semet
781 861 1019 897 curvantes
1039 847 1273 903 humilius,
1296 858 1381 892 ter-

105 920 176 967 tiis
203 921 417 984 gradatim
459 922 682 969 inclinatis
715 922 915 968 submisse
936 957 950 980 ,
976 922 1035 968 ita
1070 933 1118 966 ut
1156 918 1382 967 noviffimi

105 992 414 1057 suffraginibus
450 995 688 1041 insidentes
726 993 919 1041 formam
958 992 1133 1041 aedificii
1169 993 1383 1040 fornicati

105 1066 416 1115 monstrarent.
446 1067 589 1127 Quod
611 1066 828 1115 machinae
854 1083 994 1131 genus
1013 1079 1172 1115 contra
1190 1066 1383 1113 murales

104 1156 277 1203 pugnas
307 1139 410 1188 i'deo
428 1139 640 1205 figuratur
660 1141 744 1189 hac
764 1139 908 1203 specie
926 1175 940 1199 ‚
959 1153 1009 1188 ut
1029 1138 1254 1187 miffilium
1272 1139 1382 1186 iiius

105 1225 237 1276 atque
266 1213 472 1261 saxorum
501 1230 581 1277 per
606 1212 814 1261 decursus
834 1213 1085 1260 cadentium
1105 1213 1257 1262 labiles
1277 1247 1291 1270 ‚
1314 1211 1381 1257 in·

104 1285 189 1332 star
217 1285 423 1333 imbrium
455 1287 739 1334 evanescant.
773 1289 922 1349 ltaque
953 1284 1162 1344 conjeElu
1183 1284 1381 1331 telorum

104 1356 231 1404 Aliso
263 1358 483 1422 paulisper
515 1358 716 1406 defensus
742 1359 914 1423 ingenti
946 1358 1153 1422 corporis
1186 1358 1383 1416 robore,

105 1430 333 1494 suppofito
370 1432 515 1494 stipite
545 1432 729 1479 eandem
759 1444 959 1480 catenam
992 1432 1153 1479 fortius
1191 1432 1377 1494 bipenni

105 1503 351 1552 concidens
367 1504 429 1551 ita
457 1504 711 1569 confregit,
729 1516 778 1553 ut
808 1503 982 1565 disjeEia
999 1503 1266 1568 patefaceret
1283 1504 1379 1550 adi-

104 1588 199 1623 tum
229 1576 366 1624 latum
386 1595 397 1625 ε
421 1577 602 1640 hocque
625 1577 750 1624 exitu
767 1577 927 1624 civitas
948 1576 1095 1624 hostili
1113 1576 1282 1640 impetu
1301 1593 1380 1640 pa-

105 1646 193 1694 tuit
211 1647 487 1711 improteda,
512 1651 616 1710 Qua
643 1648 769 1696 causa
792 1648 1007 1696 exstinEio
1034 1649 1183 1712 postea
1203 1661 1380 1712 proter-

104 1720 360 1770 viae.totius
390 1723 594 1782 auElore‚
620 1740 722 1771 cum
748 1724 795 1770 in
815 1722 1020 1770 faffionis
1040 1724 1272 1786 participes
1299 1723 1379 1769 sae-

104 1794 279 1843 viretur
297 1814 308 1844 :
326 1796 398 1844 hie
416 1796 534 1844 idem
558 1797 764 1844 tribunus
790 1795 1175 1858 contemplatione
1202 1795 1380 1843 facino·

103 1867 166 1915 ris
201 1869 310 1916 clari
343 1869 485 1918 vitam
510 1887 612 1918 cum
641 1869 799 1916 militia
823 1868 1016 1915 retinens
1037 1903 1050 1926 ,
1083 1868 1158 1914 diu
1196 1869 1294 1931 post
1333 1868 1380 1914 in

106 1939 266 1990 Isau‘ria
299 1942 493 2005 oppetiit
533 1942 774 1990 vastatoria
808 1958 945 1989 manu
990 1939 1233 1988 confossus.
1274 1941 1379 1987 Hoc

106 2026 247 2061 marte
277 2014 456 2079 Cyzico
482 2015 666 2063 reserata
685 2050 700 2073 ,
715 2015 965 2078 Procopius
985 2014 1041 2060 ad
1070 2030 1165 2060 eam
1183 2029 1377 2076 propere

106 2086 360 2136 festinavit:
374 2089 596 2154 veniaque
613 2088 849 2146 universis,
865 2088 943 2152 qui
955 2103 1278 2151 repugnavere,
1295 2086 1376 2132 do,

106 2158 242 2218 natis,
264 2161 553 2209 Serenianum
573 2161 718 2209 solum
738 2160 906 2223 injeffis
925 2161 1119 2210 vinculis
1136 2159 1256 2222 juffit
1275 2158 1378 2206 duci

106 2230 306 2278 Nicaeam
322 2231 589 2281 servandum
602 2232 847 2279 arffiflime.
862 2232 1105 2296 Statimque
1126 2230 1376 2279 Hormisdae

107 2311 287 2348 maturo
311 2300 496 2363 juveni,
515 2302 764 2351 Hormisdae
782 2304 941 2367 regalis
961 2304 1079 2350 illius
1103 2301 1224 2360 filio,
1247 2313 1374 2364 pote-

108 2372 258 2421 statem
282 2375 562 2437 proconsulis
581 2375 769 2436 detulit,
788 2378 836 2425 &
854 2376 1009 2426 civilia
1029 2392 1156 2423 more
1177 2385 1376 2424 veterum
