1626 2917
161 196 221 244 30
351 178 690 226 AMMIANI
742 177 1238 224 MARCELLINI

159 287 335 342 cursus,
364 285 619 334 sollicitudo
651 283 840 349 pervigil
868 297 1071 334 veterum
1104 302 1182 348 per
1215 299 1435 347 opportu-

160 379 248 409 nos
273 362 403 408 saltus
432 360 572 407 erexit
600 361 649 406 &
678 371 847 406 cautos.
878 361 987 407 Haec
1021 376 1204 423 quoque
1229 360 1436 407 civitates

157 436 291 482 habet
321 434 436 480 inter
467 432 634 495 oppida
661 433 864 495 qnaedam
893 433 1112 496 ingentes,
1143 432 1367 490 Bostram,
1385 434 1436 481 &

158 508 370 556 Gerasam
384 544 396 563 ,
415 519 548 569 atque
567 505 941 568 philadelphiam,
966 523 1203 553 murorum
1231 505 1436 552 firmitate

156 581 436 630 cautiffimas.
457 580 610 635 Hanc,
630 578 884 642 provinciae
903 579 1115 642 imposito
1137 578 1348 634 nomine,
1367 593 1436 622 re-

157 654 368 715 &oreque
409 652 628 699 attributo
644 687 659 710 ,
696 651 1009 715 obtemperare
1052 653 1225 716 legibus
1272 652 1438 699 nostris

155 723 379 783 Traianus
413 724 647 788 compulit,
668 723 938 786 imperator,
972 724 1223 772 incolarum
1259 737 1438 771 tumore

155 796 269 858 saepe
287 796 481 843 contuso
497 832 511 848 .,
529 813 629 863 eum
650 795 854 859 glorioso
883 809 1022 844 marte
1044 798 1237 844 Mediam
1261 810 1439 862 urgeret

156 873 207 920 &
228 873 432 919 Parthos.
466 872 676 934 Cyprum
704 871 857 918 itidem
880 872 1066 919 insulam
1092 873 1254 936 procul
1279 891 1302 920 a
1324 891 1439 921 con-

155 944 321 991 tinenti
359 944 591 991 discretam
624 947 674 992 δε
708 946 968 1006 portuosam
990 982 1005 1005 ‚
1040 947 1156 993 inter
1195 946 1439 1008 municipia

157 1018 315 1065 crebra
346 1017 477 1064 urbes
509 1018 608 1063 duae
641 1016 811 1064 faciunt
842 1016 1032 1075 claram,
1066 1017 1246 1064 Salamis
1277 1019 1326 1066 ὃ(
1355 1020 1441 1064 Pa-

157 1092 303 1154 phus:
328 1090 464 1137 altera
493 1090 621 1138 Jovis
646 1090 867 1147 delubris,
890 1090 1026 1136 altera
1054 1090 1240 1137 Veneris
1267 1091 1439 1153 templo

158 1162 356 1227 infigniS.
380 1165 524 1210 Tanta
546 1176 725 1226 tamque
745 1162 985 1225 multiplici
1005 1161 1230 1209 fertilitate
1246 1163 1439 1210 abundat

156 1253 306 1283 rerum
338 1236 542 1283 omnium
576 1238 728 1283 eadem
756 1237 972 1300 Cyprus,
999 1249 1048 1283 ut
1071 1237 1236 1283 nullius
1267 1239 1438 1285 externi

158 1310 362 1373 indigens
380 1310 663 1368 adminiculi,
681 1310 902 1373 indigenis
923 1311 1114 1367 viribus,
1135 1328 1160 1356 a
1179 1310 1438 1358 fundamen-

157 1395 210 1430 to
236 1383 333 1445 ipso
361 1382 523 1430 carinae
543 1383 596 1428 ad
618 1382 844 1444 supremos
866 1382 1002 1446 usque
1025 1384 1228 1431 carbasos
1248 1383 1441 1431 aedificet

158 1456 409 1503 onerariam
439 1472 628 1512 navem,
648 1456 945 1518 omnibusque
973 1457 1252 1502 armamentis
1277 1456 1439 1503 instru-

157 1530 272 1576 &am
303 1528 414 1575 mari
438 1528 704 1575 committat.
739 1545 821 1575 nec
842 1529 962 1592 piget
985 1529 1130 1576 dicere
1146 1565 1159 1586 ,
1179 1529 1311 1577 avide
1341 1547 1437 1576 ma-

157 1601 225 1665 gis
262 1601 380 1647 hanc
422 1600 612 1646 insulam
650 1601 871 1663 populum
913 1601 1169 1647 Romanum
1207 1601 1405 1648 inva‘fiss'e
1425 1638 1440 1659 ,

159 1691 295 1738 quam
315 1672 441 1735 juste.
467 1673 713 1719 Ptolemaeo
735 1674 853 1719 enim
874 1690 975 1737 rege
995 1672 1216 1720 foederato
1239 1675 1370 1721 nobis
1390 1677 1440 1722 &

158 1747 313 1804 socio,
333 1748 395 1793 ob
413 1746 554 1793 aerarii
572 1747 711 1793 nostri
731 1746 944 1810 angustias
963 1747 1073 1808 juss'o
1094 1747 1182 1792 fine
1200 1748 1288 1793 ulla
1309 1748 1440 1809 culpa

155 1818 407 1882 proscribi,
429 1819 623 1882 ideoque
642 1818 797 1865 hausto
819 1835 999 1865 veneno
1019 1818 1276 1865 voluntaria
1294 1836 1440 1865 morte

160 1895 312 1941 deleto
328 1930 341 1950 ,
361 1897 410 1943 ὃ(
435 1894 666 1941 tributaria
686 1893 796 1941 faeta
817 1893 903 1948 est,
924 1895 973 1941 &
995 1893 1121 1939 velut
1145 1894 1325 1942 hostiles
1345 1893 1440 1953 ejus

159 1965 341 2012 exuviae
359 1967 475 2013 claffi
495 1966 737 2029 impositae,
759 1968 802 2012 in
836 1967 990 2012 urbem
1019 1966 1216 2012 adve&ae
1236 1967 1334 2014 sunt
1362 1984 1441 2030 per

161 2040 402 2086 Catonem.
435 2042 573 2087 Nunc
597 2052 820 2102 repetetur
850 2040 966 2086 ordo
994 2039 1230 2103 gestorum.

229 2114 310 2159 IX.
330 2116 449 2160 Inter
467 2114 544 2160 has
564 2113 793 2160 ruinarum
808 2113 1060 2170 varietates,
1085 2129 1108 2157 a
1124 2113 1282 2171 Nifibi,
1303 2130 1439 2176 quam

160 2186 366 2232 tuebatur
387 2222 401 2243 ,
427 2186 595 2233 accitus
626 2186 885 2243 Ursicinus,
924 2186 996 2232 cui
1032 2202 1116 2232 nos
1145 2185 1438 2232 obsecuturos

160 2258 370 2320 junxerat
395 2259 621 2320 imperiale
649 2271 950 2321 praeceptum,
979 2257 1191 2321 dispicere
1222 2258 1310 2305 litis
1340 2259 1439 2305 exi-

161 2333 280 2379 tialis
305 2331 468 2378 semina
490 2334 761 2396 cogebatur,
781 2334 978 2380 abnuens
997 2334 1046 2381 &
1073 2332 1315 2380 reclamans
1333 2333 1440 2379 adu-

161 2407 360 2453 latorum
394 2407 721 2453 oblatrantibus
747 2408 931 2454 turmis:
961 2405 1197 2453 bellicosus
1226 2407 1325 2453 sane
1354 2406 1438 2452 mi-

160 2479 308 2544 lesque
341 2479 535 2544 semper,
568 2479 617 2528 &
651 2479 842 2528 militum
878 2481 1064 2543 duitor,
1085 2480 1157 2527 sed
1189 2478 1438 2527 forensibus
