1626 2917
297 139 517 186 RERUM
553 138 631 184 GE
635 139 887 185 STARUM
922 139 1025 184 LIB.
1062 137 1253 184 XXVII
1329 151 1415 197 107

138 264 246 295 num
272 248 456 295 modum
486 247 541 293 ad
573 246 829 309 rapiendam
861 245 1143 308 episcopatus
1174 244 1318 290 sedem
1350 261 1420 290 ar-

139 321 322 379 dentes,
357 321 491 368 sciffis
528 320 705 376 studiis,
738 320 974 382 asperrime
1012 318 1384 366 conflictabantur
1405 352 1422 375 ‚

140 395 334 459 adusque
364 395 524 442 mortis
553 396 882 458 vulnerumque
911 392 1165 440 discrimina
1190 390 1423 452 adjumen-

139 466 195 513 tis
221 468 453 532 utriusque
489 467 752 531 progreffis:
782 486 882 532 quae
922 484 1006 515 nec
1040 465 1273 530 corrigere
1303 464 1425 511 suffi-

143 537 265 586 ciens
294 540 528 587 Juventius
542 576 554 598 ‚
576 557 659 587 nec
679 540 859 586 mollire
878 576 891 598 ,
916 540 1096 587 coactus
1115 538 1165 586 vi
1184 554 1340 601 magna
1359 535 1426 582 se-

141 611 263 658 ceffit
284 611 331 658 in
351 612 662 660 suburbanum.
685 614 739 658 Et
759 612 805 659 in
823 611 1164 660 concertatione
1184 610 1429 672 superave-

71 714 75 715 ν
143 696 212 730 rat
227 685 468 743 Damasus,
490 698 642 748 parte,
663 703 760 748 quae
781 686 820 732 ei
841 685 1052 742 favebat,
1073 684 1277 730 instante.
1297 683 1427 729 Con-

143 758 316 823 statque
332 796 346 818 ‚
366 760 411 807 in
436 760 608 807 basilica
630 759 815 807 Sicinini
835 796 848 817 ,
867 758 944 805 ubi
969 757 1078 804 ritus
1097 754 1337 804 Christiani
1365 753 1428 801 est

145 831 548 891 conventiculum,
567 849 662 880 uno
681 832 752 880 die
774 844 952 879 centum
972 829 1156 893 triginta
1176 827 1339 891 septem
1361 843 1430 872 re-

145 915 268 964 perta
298 905 513 960 cadavera
542 918 845 967 peremtorum
869 921 879 950 ε
908 902 1222 963 efferatamque
1242 899 1317 946 diu
1337 898 1432 960 ple-

144 974 248 1020 bem
292 992 406 1038 aegre
446 975 598 1039 postea
633 975 886 1021 delenitam.
932 974 1090 1035 Neque
1122 987 1208 1034 ego
1245 971 1431 1026 abnuo,

146 1045 490 1095 ostentationem
523 1065 672 1095 rerum
706 1047 989 1093 considerans
1019 1046 1288 1092 urbanarum
1309 1080 1320 1101 ‚
1348 1045 1433 1089 hu-

147 1117 218 1179 jus
251 1120 314 1166 rei
339 1120 529 1183 cupidos
560 1121 622 1166 ob
654 1119 1006 1182 impetrandum,
1036 1117 1160 1180 quod
1193 1127 1436 1179 appetunt,

149 1191 277 1237 omni
307 1192 605 1239 contentione
638 1191 828 1237 laterum
865 1189 1029 1254 jurgari
1052 1190 1212 1236 debere
1236 1207 1247 1235 ε
1269 1205 1368 1235 cum
1390 1187 1438 1234 id

149 1263 298 1327 adepti
318 1301 333 1322 ,
361 1263 498 1311 futuri
524 1264 607 1311 fint
630 1263 688 1309 ita
708 1262 877 1320 securi,
903 1274 950 1308 ut
969 1261 1170 1308 ditentur
1190 1258 1441 1306 oblationi-

149 1339 235 1386 bus
266 1350 570 1385 matronarum
589 1372 602 1392 ‚
627 1336 964 1398 procedantque
998 1333 1219 1381 vehiculis
1246 1332 1439 1378 infiden-

151 1423 218 1458 tes
237 1446 252 1468 ,
273 1409 588 1471 circumspecte
610 1405 755 1452 vestiti
775 1441 788 1462 ‚
809 1406 963 1468 epulas
984 1418 1190 1452 curantes
1211 1403 1439 1468 profusas,

153 1483 265 1529 adeo
299 1496 347 1529 ut
375 1499 534 1529 eorum
567 1480 787 1528 convivia
811 1480 977 1543 regales
1011 1478 1219 1542 superent
1250 1478 1439 1526 mensas.

155 1557 251 1615 Qui
271 1556 354 1603 effe
384 1569 592 1618 poterant
616 1554 730 1601 beati
750 1571 905 1600 revera
919 1590 933 1612 ,
953 1553 982 1599 fi
1000 1589 1013 1611 ,
1034 1554 1344 1617 magnitudine
1364 1570 1438 1599 ur-

156 1629 223 1676 bis
246 1629 459 1692 despefila,
481 1646 612 1693 quam
636 1627 758 1674 vitiis
783 1637 1043 1690 opponunt,
1064 1626 1149 1672 ad
1139 1626 1441 1673 imitationem

156 1700 400 1747 antistitum
455 1700 741 1763 quorundam
784 1697 1139 1761 provincialium
1187 1698 1440 1755 viverent,

156 1763 272 1837 quos
295 1774 487 1821 tenuitas
517 1773 676 1821 edendi
702 1771 977 1835 potandique
998 1769 1268 1833 parcfflime,
1289 1769 1440 1816 vilitas

157 1848 290 1893 etiam
316 1847 728 1904 indumentorum,
769 1848 818 1893 &
852 1842 1086 1905 supercilia
1119 1842 1304 1889 humum
1342 1841 1441 1904 spe-

159 1921 348 1980 &antia,
367 1934 584 1985 perpetuo
615 1920 790 1967 numini
824 1918 1029 1980 verisque
1059 1916 1154 1977 ejus
1185 1917 1440 1963 cultoribus

159 2005 212 2039 ut
234 2009 369 2055 puros
390 1993 708 2044 commendant
737 1992 784 2037 &
807 1990 1105 2037 verecundos.
1125 1989 1347 2034 Ha&enus
1368 1988 1442 2034 de-

162 2065 299 2111 viaffe
317 2065 530 2124 sufficiet,
554 2081 674 2111 nunc
701 2066 752 2110 ad
771 2080 918 2110 rerum
944 2062 1125 2108 ordines
1147 2074 1442 2109 revertamur.

228 2141 301 2184 lV.
321 2139 446 2185 Dum
475 2151 666 2201 aguntur
697 2136 914 2183 antedicta
945 2151 1023 2197 per
1058 2134 1225 2181 Gallias
1264 2135 1314 2181 &
1352 2134 1442 2178 Ita-

164 2212 266 2259 liam
281 2248 294 2269 ,
313 2211 428 2258 novi
453 2227 532 2274 per
560 2209 772 2256 Thracias
790 2207 925 2255 exciti
944 2207 1042 2253 sunt
1063 2206 1335 2269 procinfihis.
1355 2208 1445 2251 Va·

165 2285 260 2331 lens
282 2284 400 2329 enirn
416 2319 429 2341 ‚
447 2297 495 2329 ut
515 2283 722 2330 consulto
740 2281 966 2342 placuerat
993 2278 1141 2336 fratri,
1162 2278 1289 2340 cujus
1316 2293 1445 2340 rege-

165 2359 297 2405 batur
324 2358 510 2405 arbitrio
531 2394 546 2415 ‚
569 2374 690 2403 arma
722 2354 940 2402 concuffit
962 2353 1009 2400 in
1034 2354 1218 2400 Gothos
1233 2389 1245 2411 ,
1267 2352 1444 2398 ratione

163 2431 271 2494 justa
299 2442 527 2496 permotus
551 2447 562 2477 :
597 2429 721 2494 quod
749 2427 916 2474 auxilia
935 2425 1091 2474 misere
1116 2424 1348 2487 Procopio
1376 2422 1442 2470 ci-
