<?xml version="1.0" encoding="UTF-8"?>
<!DOCTYPE html PUBLIC "-//W3C//DTD XHTML 1.0 Transitional//EN"
    "http://www.w3.org/TR/xhtml1/DTD/xhtml1-transitional.dtd">
<html xmlns="http://www.w3.org/1999/xhtml" xml:lang="en" lang="en">
 <head>
  <title>
</title>
<meta http-equiv="Content-Type" content="text/html;charset=utf-8" />
  <meta name='ocr-system' content='tesseract 3.04.00' />
  <meta name='ocr-capabilities' content='ocr_page ocr_carea ocr_par ocr_line ocrx_word'/>
</head>
<body>
  <div class='ocr_page' id='page_1' title='image "./rerumgestarumqui00ammiuoft_0475.png"; bbox 0 0 1626 2917; ppageno 0'>
   <div class='ocr_carea' id='block_1_1' title="bbox 297 50 1389 149">
    <p class='ocr_par' dir='ltr' id='par_1_1' title="bbox 297 50 1389 149">
     <span class='ocr_line' id='line_1_1' title="bbox 297 50 1389 149; baseline 0 -18"><span class='ocrx_word' id='word_1_1' title='bbox 297 85 515 133; x_wconf 86' lang='lat' dir='ltr'><strong>RERUM</strong></span> <span class='ocrx_word' id='word_1_2' title='bbox 552 50 890 134; x_wconf 78' lang='lat' dir='ltr'><strong>GESTARUM</strong></span> <span class='ocrx_word' id='word_1_3' title='bbox 924 87 1027 132; x_wconf 90' lang='lat' dir='ltr'><strong>LIB.</strong></span> <span class='ocrx_word' id='word_1_4' title='bbox 1062 86 1217 132; x_wconf 90' lang='lat' dir='ltr'>XXV.</span> <span class='ocrx_word' id='word_1_5' title='bbox 1324 103 1389 149; x_wconf 75' lang='lat'>43</span> 
     </span>
    </p>
   </div>
   <div class='ocr_carea' id='block_1_2' title="bbox 82 185 1405 2450">
    <p class='ocr_par' dir='ltr' id='par_1_2' title="bbox 82 185 1405 2450">
     <span class='ocr_line' id='line_1_2' title="bbox 117 185 1394 256; baseline 0.002 -19"><span class='ocrx_word' id='word_1_6' title='bbox 117 190 308 246; x_wconf 82' lang='lat' dir='ltr'>tesinter</span> <span class='ocrx_word' id='word_1_7' title='bbox 327 192 422 239; x_wconf 84' lang='lat' dir='ltr'>haec</span> <span class='ocrx_word' id='word_1_8' title='bbox 441 210 613 251; x_wconf 80' lang='lat' dir='ltr'>omnes,</span> <span class='ocrx_word' id='word_1_9' title='bbox 633 193 710 256; x_wconf 88' lang='lat' dir='ltr'>qui</span> <span class='ocrx_word' id='word_1_10' title='bbox 728 185 926 251; x_wconf 83' lang='lat' dir='ltr'>aderant,</span> <span class='ocrx_word' id='word_1_11' title='bbox 945 192 1205 240; x_wconf 64' lang='lat' dir='ltr'>aucloritate</span> <span class='ocrx_word' id='word_1_12' title='bbox 1222 192 1394 256; x_wconf 85' lang='lat' dir='ltr'>integra</span> 
     </span>
     <span class='ocr_line' id='line_1_3' title="bbox 117 263 1396 330; baseline 0 -17"><span class='ocrx_word' id='word_1_13' title='bbox 117 264 248 313; x_wconf 77' lang='lat' dir='ltr'>etiam</span> <span class='ocrx_word' id='word_1_14' title='bbox 274 277 367 312; x_wconf 88' lang='lat' dir='ltr'>tum</span> <span class='ocrx_word' id='word_1_15' title='bbox 393 267 652 330; x_wconf 77' lang='lat' dir='ltr'>increpabat</span> <span class='ocrx_word' id='word_1_16' title='bbox 673 286 684 314; x_wconf 91' lang='lat'><strong>:</strong></span> <span class='ocrx_word' id='word_1_17' title='bbox 704 269 871 314; x_wconf 84' lang='lat' dir='ltr'>humile</span> <span class='ocrx_word' id='word_1_18' title='bbox 890 268 972 315; x_wconf 83' lang='lat' dir='ltr'>effe</span> <span class='ocrx_word' id='word_1_19' title='bbox 987 263 1007 326; x_wconf 64' lang='grc'>,’</span> <span class='ocrx_word' id='word_1_20' title='bbox 1025 269 1148 315; x_wconf 89' lang='lat' dir='ltr'>coelo</span> <span class='ocrx_word' id='word_1_21' title='bbox 1166 267 1396 314; x_wconf 85' lang='lat' dir='ltr'>fideribus-</span> 
     </span>
     <span class='ocr_line' id='line_1_4' title="bbox 116 339 1395 405; baseline 0.004 -22"><span class='ocrx_word' id='word_1_22' title='bbox 116 354 205 399; x_wconf 86' lang='lat' dir='ltr'>que</span> <span class='ocrx_word' id='word_1_23' title='bbox 231 339 521 386; x_wconf 87' lang='lat' dir='ltr'>conciliatum</span> <span class='ocrx_word' id='word_1_24' title='bbox 551 341 695 405; x_wconf 85' lang='lat' dir='ltr'>lugeri</span> <span class='ocrx_word' id='word_1_25' title='bbox 729 342 983 404; x_wconf 80' lang='lat' dir='ltr'><strong>Principem</strong></span> <span class='ocrx_word' id='word_1_26' title='bbox 1011 342 1176 390; x_wconf 81' lang='lat' dir='ltr'>dicens.</span> <span class='ocrx_word' id='word_1_27' title='bbox 1215 341 1395 401; x_wconf 83' lang='lat' dir='ltr'>Quibus</span> 
     </span>
     <span class='ocr_line' id='line_1_5' title="bbox 116 409 1395 477; baseline 0.003 -22"><span class='ocrx_word' id='word_1_28' title='bbox 116 409 220 456; x_wconf 85' lang='lat' dir='ltr'>ideo</span> <span class='ocrx_word' id='word_1_29' title='bbox 253 409 340 472; x_wconf 86' lang='lat' dir='ltr'>jam</span> <span class='ocrx_word' id='word_1_30' title='bbox 373 412 620 472; x_wconf 81' lang='lat' dir='ltr'>filentibus,</span> <span class='ocrx_word' id='word_1_31' title='bbox 651 414 741 477; x_wconf 90' lang='lat' dir='ltr'>ipse</span> <span class='ocrx_word' id='word_1_32' title='bbox 779 432 881 462; x_wconf 88' lang='lat' dir='ltr'>cum</span> <span class='ocrx_word' id='word_1_33' title='bbox 919 414 1122 462; x_wconf 79' lang='lat' dir='ltr'>Maximo</span> <span class='ocrx_word' id='word_1_34' title='bbox 1159 416 1209 462; x_wconf 88' lang='lat'>&amp;</span> <span class='ocrx_word' id='word_1_35' title='bbox 1242 414 1395 460; x_wconf 88' lang='lat' dir='ltr'>Prisco</span> 
     </span>
     <span class='ocr_line' id='line_1_6' title="bbox 82 481 1395 550; baseline 0.005 -24"><span class='ocrx_word' id='word_1_36' title='bbox 82 540 86 541; x_wconf 18' lang='lat'><em>⁷</em></span> <span class='ocrx_word' id='word_1_37' title='bbox 118 481 397 544; x_wconf 86' lang='lat' dir='ltr'>philosophis</span> <span class='ocrx_word' id='word_1_38' title='bbox 417 484 544 547; x_wconf 85' lang='lat' dir='ltr'>super</span> <span class='ocrx_word' id='word_1_39' title='bbox 570 486 820 533; x_wconf 82' lang='lat' dir='ltr'>animorum</span> <span class='ocrx_word' id='word_1_40' title='bbox 848 486 1111 534; x_wconf 83' lang='lat' dir='ltr'>sublimitate</span> <span class='ocrx_word' id='word_1_41' title='bbox 1138 486 1395 550; x_wconf 81' lang='lat' dir='ltr'>perplexius</span> 
     </span>
     <span class='ocr_line' id='line_1_7' title="bbox 118 553 1395 616; baseline 0.004 -17"><span class='ocrx_word' id='word_1_42' title='bbox 118 553 372 616; x_wconf 89' lang='lat' dir='ltr'>disputans,</span> <span class='ocrx_word' id='word_1_43' title='bbox 403 556 550 604; x_wconf 84' lang='lat' dir='ltr'>hiante</span> <span class='ocrx_word' id='word_1_44' title='bbox 583 558 709 605; x_wconf 83' lang='lat' dir='ltr'>latius</span> <span class='ocrx_word' id='word_1_45' title='bbox 739 557 902 604; x_wconf 87' lang='lat' dir='ltr'>suffoffi</span> <span class='ocrx_word' id='word_1_46' title='bbox 932 557 1078 605; x_wconf 84' lang='lat' dir='ltr'>lateris</span> <span class='ocrx_word' id='word_1_47' title='bbox 1110 559 1323 615; x_wconf 88' lang='lat' dir='ltr'>vulnere,</span> <span class='ocrx_word' id='word_1_48' title='bbox 1344 559 1395 604; x_wconf 75' lang='grc' dir='ltr'>δε</span> 
     </span>
     <span class='ocr_line' id='line_1_8' title="bbox 116 626 1395 694; baseline 0.002 -22"><span class='ocrx_word' id='word_1_49' title='bbox 116 626 318 688; x_wconf 86' lang='lat' dir='ltr'>spiritum</span> <span class='ocrx_word' id='word_1_50' title='bbox 345 642 521 676; x_wconf 89' lang='lat' dir='ltr'>tumore</span> <span class='ocrx_word' id='word_1_51' title='bbox 542 631 783 678; x_wconf 81' lang='lat' dir='ltr'>cohibente</span> <span class='ocrx_word' id='word_1_52' title='bbox 811 648 1024 678; x_wconf 80' lang='lat' dir='ltr'>venarum</span> <span class='ocrx_word' id='word_1_53' title='bbox 1041 667 1055 688; x_wconf 88' lang='lat'>,</span> <span class='ocrx_word' id='word_1_54' title='bbox 1087 644 1219 693; x_wconf 83' lang='lat' dir='ltr'>epota</span> <span class='ocrx_word' id='word_1_55' title='bbox 1253 631 1395 694; x_wconf 75' lang='lat' dir='ltr'>gelida</span> 
     </span>
     <span class='ocr_line' id='line_1_9' title="bbox 119 702 1396 764; baseline 0.003 -20"><span class='ocrx_word' id='word_1_56' title='bbox 119 715 251 761; x_wconf 85' lang='lat' dir='ltr'>aqua,</span> <span class='ocrx_word' id='word_1_57' title='bbox 272 717 403 763; x_wconf 86' lang='lat' dir='ltr'>quam</span> <span class='ocrx_word' id='word_1_58' title='bbox 423 702 730 764; x_wconf 85' lang='lat' dir='ltr'>petiit‚medio</span> <span class='ocrx_word' id='word_1_59' title='bbox 752 703 890 750; x_wconf 70' lang='lat' dir='ltr'>noffls</span> <span class='ocrx_word' id='word_1_60' title='bbox 906 704 1097 750; x_wconf 88' lang='lat' dir='ltr'>horrore</span> <span class='ocrx_word' id='word_1_61' title='bbox 1114 703 1206 749; x_wconf 85' lang='lat' dir='ltr'>vita</span> <span class='ocrx_word' id='word_1_62' title='bbox 1222 702 1396 748; x_wconf 84' lang='lat' dir='ltr'>facilius</span> 
     </span>
     <span class='ocr_line' id='line_1_10' title="bbox 119 772 1397 833; baseline 0.002 -15"><span class='ocrx_word' id='word_1_63' title='bbox 119 772 180 818; x_wconf 88' lang='lat' dir='ltr'>est</span> <span class='ocrx_word' id='word_1_64' title='bbox 197 773 449 833; x_wconf 84' lang='lat' dir='ltr'>absolutus,</span> <span class='ocrx_word' id='word_1_65' title='bbox 467 792 588 822; x_wconf 87' lang='lat' dir='ltr'>anno</span> <span class='ocrx_word' id='word_1_66' title='bbox 608 777 747 822; x_wconf 82' lang='lat' dir='ltr'>aetatis</span> <span class='ocrx_word' id='word_1_67' title='bbox 765 777 905 822; x_wconf 88' lang='lat' dir='ltr'>altero</span> <span class='ocrx_word' id='word_1_68' title='bbox 925 778 972 823; x_wconf 86' lang='lat'>&amp;</span> <span class='ocrx_word' id='word_1_69' title='bbox 991 776 1212 822; x_wconf 82' lang='lat' dir='ltr'>tricesimo</span> <span class='ocrx_word' id='word_1_70' title='bbox 1235 793 1245 821; x_wconf 81' lang='lat' dir='ltr'><em>z</em></span> <span class='ocrx_word' id='word_1_71' title='bbox 1270 788 1397 821; x_wconf 77' lang='lat' dir='ltr'>natus</span> 
     </span>
     <span class='ocr_line' id='line_1_11' title="bbox 118 845 1398 911; baseline 0.002 -22"><span class='ocrx_word' id='word_1_72' title='bbox 118 845 237 907; x_wconf 89' lang='lat' dir='ltr'>apud</span> <span class='ocrx_word' id='word_1_73' title='bbox 257 845 733 910; x_wconf 84' lang='lat' dir='ltr'>Constantinopolim:</span> <span class='ocrx_word' id='word_1_74' title='bbox 759 865 783 894; x_wconf 86' lang='lat' dir='ltr'>a</span> <span class='ocrx_word' id='word_1_75' title='bbox 814 849 1002 910; x_wconf 87' lang='lat' dir='ltr'>pueritia</span> <span class='ocrx_word' id='word_1_76' title='bbox 1031 848 1171 911; x_wconf 86' lang='lat' dir='ltr'>usque</span> <span class='ocrx_word' id='word_1_77' title='bbox 1202 848 1398 910; x_wconf 79' lang='lat' dir='ltr'>parentis</span> 
     </span>
     <span class='ocr_line' id='line_1_12' title="bbox 120 918 1400 982; baseline 0.002 -19"><span class='ocrx_word' id='word_1_78' title='bbox 120 918 249 964; x_wconf 86' lang='lat' dir='ltr'>obitu</span> <span class='ocrx_word' id='word_1_79' title='bbox 273 919 502 966; x_wconf 82' lang='lat' dir='ltr'>destitutus</span> <span class='ocrx_word' id='word_1_80' title='bbox 524 921 777 967; x_wconf 83' lang='lat' dir='ltr'>Constantii</span> <span class='ocrx_word' id='word_1_81' title='bbox 796 956 809 978; x_wconf 87' lang='lat'>,</span> <span class='ocrx_word' id='word_1_82' title='bbox 829 938 963 982; x_wconf 79' lang='lat' dir='ltr'>quem</span> <span class='ocrx_word' id='word_1_83' title='bbox 985 921 1083 982; x_wconf 88' lang='lat' dir='ltr'>post</span> <span class='ocrx_word' id='word_1_84' title='bbox 1106 921 1247 967; x_wconf 84' lang='lat' dir='ltr'>fratris</span> <span class='ocrx_word' id='word_1_85' title='bbox 1266 923 1400 967; x_wconf 88' lang='lat' dir='ltr'>Con-</span> 
     </span>
     <span class='ocr_line' id='line_1_13' title="bbox 119 991 1400 1055; baseline 0.002 -19"><span class='ocrx_word' id='word_1_86' title='bbox 119 991 300 1037; x_wconf 80' lang='lat' dir='ltr'>stantini</span> <span class='ocrx_word' id='word_1_87' title='bbox 328 992 548 1040; x_wconf 82' lang='lat' dir='ltr'>exceffum</span> <span class='ocrx_word' id='word_1_88' title='bbox 575 994 692 1040; x_wconf 86' lang='lat' dir='ltr'>inter</span> <span class='ocrx_word' id='word_1_89' title='bbox 715 993 969 1055; x_wconf 84' lang='lat' dir='ltr'>complures</span> <span class='ocrx_word' id='word_1_90' title='bbox 997 994 1109 1040; x_wconf 85' lang='lat' dir='ltr'>alios</span> <span class='ocrx_word' id='word_1_91' title='bbox 1130 995 1258 1040; x_wconf 85' lang='lat' dir='ltr'>turba</span> <span class='ocrx_word' id='word_1_92' title='bbox 1287 1011 1400 1040; x_wconf 88' lang='lat' dir='ltr'>con-</span> 
     </span>
     <span class='ocr_line' id='line_1_14' title="bbox 120 1065 1399 1129; baseline 0.002 -17"><span class='ocrx_word' id='word_1_93' title='bbox 120 1065 268 1113; x_wconf 86' lang='lat' dir='ltr'>sumfit</span> <span class='ocrx_word' id='word_1_94' title='bbox 294 1066 468 1128; x_wconf 87' lang='lat' dir='ltr'>imperii</span> <span class='ocrx_word' id='word_1_95' title='bbox 494 1067 819 1128; x_wconf 83' lang='lat' dir='ltr'>succefforum,</span> <span class='ocrx_word' id='word_1_96' title='bbox 841 1069 891 1116; x_wconf 87' lang='lat'>&amp;</span> <span class='ocrx_word' id='word_1_97' title='bbox 910 1068 1096 1115; x_wconf 79' lang='lat' dir='ltr'>Basilina</span> <span class='ocrx_word' id='word_1_98' title='bbox 1123 1082 1282 1127; x_wconf 86' lang='lat' dir='ltr'>matre,</span> <span class='ocrx_word' id='word_1_99' title='bbox 1307 1067 1399 1129; x_wconf 80' lang='lat' dir='ltr'>jam</span> 
     </span>
     <span class='ocr_line' id='line_1_15' title="bbox 119 1139 726 1201; baseline 0.007 -16"><span class='ocrx_word' id='word_1_100' title='bbox 119 1139 224 1186; x_wconf 86' lang='lat' dir='ltr'>inde</span> <span class='ocrx_word' id='word_1_101' title='bbox 241 1157 266 1187; x_wconf 88' lang='lat' dir='ltr'>a</span> <span class='ocrx_word' id='word_1_102' title='bbox 290 1139 537 1201; x_wconf 84' lang='lat' dir='ltr'>majoribus</span> <span class='ocrx_word' id='word_1_103' title='bbox 565 1142 726 1190; x_wconf 72' lang='lat' dir='ltr'>nobili.</span> 
     </span>
     <span class='ocr_line' id='line_1_16' title="bbox 184 1212 1398 1275; baseline 0 -17"><span class='ocrx_word' id='word_1_104' title='bbox 184 1215 260 1258; x_wconf 89' lang='lat' dir='ltr'>1V.</span> <span class='ocrx_word' id='word_1_105' title='bbox 291 1213 373 1258; x_wconf 89' lang='lat' dir='ltr'>Vir</span> <span class='ocrx_word' id='word_1_106' title='bbox 398 1212 604 1275; x_wconf 58' lang='lat' dir='ltr'>profecto</span> <span class='ocrx_word' id='word_1_107' title='bbox 629 1214 823 1261; x_wconf 72' lang='lat' dir='ltr'>heroicis</span> <span class='ocrx_word' id='word_1_108' title='bbox 850 1213 1243 1273; x_wconf 67' lang='lat' dir='ltr'>connumerandus</span> <span class='ocrx_word' id='word_1_109' title='bbox 1270 1213 1398 1275; x_wconf 77' lang='lat' dir='ltr'>inge-</span> 
     </span>
     <span class='ocr_line' id='line_1_17' title="bbox 121 1284 1400 1348; baseline 0.001 -18"><span class='ocrx_word' id='word_1_110' title='bbox 121 1284 231 1338; x_wconf 83' lang='lat' dir='ltr'>niis,</span> <span class='ocrx_word' id='word_1_111' title='bbox 258 1285 522 1333; x_wconf 82' lang='lat' dir='ltr'>claritudine</span> <span class='ocrx_word' id='word_1_112' title='bbox 541 1304 684 1333; x_wconf 89' lang='lat' dir='ltr'>rerum</span> <span class='ocrx_word' id='word_1_113' title='bbox 706 1291 754 1335; x_wconf 72' lang='grc' dir='ltr'>δε</span> <span class='ocrx_word' id='word_1_114' title='bbox 782 1289 945 1334; x_wconf 78' lang='lat' dir='ltr'>coalita</span> <span class='ocrx_word' id='word_1_115' title='bbox 978 1286 1197 1348; x_wconf 82' lang='lat' dir='ltr'>majestate</span> <span class='ocrx_word' id='word_1_116' title='bbox 1216 1285 1400 1347; x_wconf 77' lang='lat' dir='ltr'>conspi-</span> 
     </span>
     <span class='ocr_line' id='line_1_18' title="bbox 123 1358 1400 1423; baseline -0.002 -18"><span class='ocrx_word' id='word_1_117' title='bbox 123 1375 247 1405; x_wconf 84' lang='lat' dir='ltr'>cuus.</span> <span class='ocrx_word' id='word_1_118' title='bbox 279 1359 394 1405; x_wconf 88' lang='lat' dir='ltr'>Cum</span> <span class='ocrx_word' id='word_1_119' title='bbox 413 1359 532 1406; x_wconf 88' lang='lat' dir='ltr'>enim</span> <span class='ocrx_word' id='word_1_120' title='bbox 553 1359 659 1417; x_wconf 68' lang='lat' dir='ltr'>tint,</span> <span class='ocrx_word' id='word_1_121' title='bbox 680 1373 729 1406; x_wconf 87' lang='lat' dir='ltr'>ut</span> <span class='ocrx_word' id='word_1_122' title='bbox 749 1360 963 1423; x_wconf 83' lang='lat' dir='ltr'>sapientes</span> <span class='ocrx_word' id='word_1_123' title='bbox 989 1358 1205 1405; x_wconf 87' lang='lat' dir='ltr'>definiunt</span> <span class='ocrx_word' id='word_1_124' title='bbox 1219 1395 1231 1416; x_wconf 76' lang='lat'>‚</span> <span class='ocrx_word' id='word_1_125' title='bbox 1252 1358 1400 1404; x_wconf 85' lang='lat' dir='ltr'>virtu-</span> 
     </span>
     <span class='ocr_line' id='line_1_19' title="bbox 123 1430 1405 1495; baseline 0 -19"><span class='ocrx_word' id='word_1_126' title='bbox 123 1442 186 1476; x_wconf 85' lang='lat' dir='ltr'>tes</span> <span class='ocrx_word' id='word_1_127' title='bbox 208 1441 401 1493; x_wconf 90' lang='lat' dir='ltr'>quatuor</span> <span class='ocrx_word' id='word_1_128' title='bbox 426 1433 661 1495; x_wconf 83' lang='lat' dir='ltr'>praecipuae</span> <span class='ocrx_word' id='word_1_129' title='bbox 678 1469 689 1489; x_wconf 92' lang='lat'>,</span> <span class='ocrx_word' id='word_1_130' title='bbox 710 1431 998 1494; x_wconf 75' lang='lat' dir='ltr'>temperantia</span> <span class='ocrx_word' id='word_1_131' title='bbox 1012 1468 1025 1490; x_wconf 89' lang='lat'>,</span> <span class='ocrx_word' id='word_1_132' title='bbox 1046 1431 1305 1494; x_wconf 81' lang='lat' dir='ltr'>prudentia,</span> <span class='ocrx_word' id='word_1_133' title='bbox 1330 1430 1405 1490; x_wconf 81' lang='lat' dir='ltr'>ju-</span> 
     </span>
     <span class='ocr_line' id='line_1_20' title="bbox 123 1504 1400 1570; baseline 0 -20"><span class='ocrx_word' id='word_1_134' title='bbox 123 1504 234 1550; x_wconf 85' lang='lat' dir='ltr'>stitia</span> <span class='ocrx_word' id='word_1_135' title='bbox 248 1541 260 1562; x_wconf 90' lang='lat'><strong>‚</strong></span> <span class='ocrx_word' id='word_1_136' title='bbox 280 1504 502 1553; x_wconf 85' lang='lat' dir='ltr'>fortitudo</span> <span class='ocrx_word' id='word_1_137' title='bbox 515 1543 528 1564; x_wconf 87' lang='lat'>‚</span> <span class='ocrx_word' id='word_1_138' title='bbox 550 1507 697 1570; x_wconf 83' lang='lat' dir='ltr'>eisque</span> <span class='ocrx_word' id='word_1_139' title='bbox 716 1506 965 1553; x_wconf 80' lang='lat' dir='ltr'>accidentes</span> <span class='ocrx_word' id='word_1_140' title='bbox 985 1505 1258 1551; x_wconf 81' lang='lat' dir='ltr'>extrinsecus</span> <span class='ocrx_word' id='word_1_141' title='bbox 1277 1505 1400 1562; x_wconf 66' lang='lat' dir='ltr'>aliae,</span> 
     </span>
     <span class='ocr_line' id='line_1_21' title="bbox 124 1577 1402 1640; baseline -0.003 -14"><span class='ocrx_word' id='word_1_142' title='bbox 124 1578 305 1626; x_wconf 81' lang='lat' dir='ltr'>scientia</span> <span class='ocrx_word' id='word_1_143' title='bbox 329 1580 391 1626; x_wconf 90' lang='lat' dir='ltr'>rei</span> <span class='ocrx_word' id='word_1_144' title='bbox 409 1581 632 1637; x_wconf 82' lang='lat' dir='ltr'>militaris,</span> <span class='ocrx_word' id='word_1_145' title='bbox 657 1580 891 1627; x_wconf 68' lang='lat' dir='ltr'>atz&amp;oritas</span> <span class='ocrx_word' id='word_1_146' title='bbox 906 1615 918 1636; x_wconf 87' lang='lat'>‚</span> <span class='ocrx_word' id='word_1_147' title='bbox 938 1578 1124 1625; x_wconf 78' lang='lat' dir='ltr'>felicitas</span> <span class='ocrx_word' id='word_1_148' title='bbox 1142 1592 1273 1640; x_wconf 82' lang='lat' dir='ltr'>atque</span> <span class='ocrx_word' id='word_1_149' title='bbox 1292 1577 1402 1623; x_wconf 78' lang='lat' dir='ltr'>libe-</span> 
     </span>
     <span class='ocr_line' id='line_1_22' title="bbox 125 1651 1403 1714; baseline -0.002 -16"><span class='ocrx_word' id='word_1_150' title='bbox 125 1653 295 1699; x_wconf 80' lang='lat' dir='ltr'>ralitas:</span> <span class='ocrx_word' id='word_1_151' title='bbox 321 1653 497 1700; x_wconf 88' lang='lat' dir='ltr'>intento</span> <span class='ocrx_word' id='word_1_152' title='bbox 519 1655 664 1702; x_wconf 79' lang='lat' dir='ltr'>studio</span> <span class='ocrx_word' id='word_1_153' title='bbox 690 1654 833 1701; x_wconf 80' lang='lat' dir='ltr'>coluit</span> <span class='ocrx_word' id='word_1_154' title='bbox 849 1669 1004 1699; x_wconf 86' lang='lat' dir='ltr'>omnes</span> <span class='ocrx_word' id='word_1_155' title='bbox 1019 1688 1032 1709; x_wconf 92' lang='lat'>,</span> <span class='ocrx_word' id='word_1_156' title='bbox 1054 1664 1104 1698; x_wconf 89' lang='lat' dir='ltr'>ut</span> <span class='ocrx_word' id='word_1_157' title='bbox 1125 1651 1326 1714; x_wconf 73' lang='lat' dir='ltr'>singulas.</span> <span class='ocrx_word' id='word_1_158' title='bbox 1347 1652 1403 1695; x_wconf 79' lang='lat' dir='ltr'>Et</span> 
     </span>
     <span class='ocr_line' id='line_1_23' title="bbox 123 1725 1404 1790; baseline -0.002 -16"><span class='ocrx_word' id='word_1_159' title='bbox 123 1728 314 1790; x_wconf 70' lang='lat' dir='ltr'>primum</span> <span class='ocrx_word' id='word_1_160' title='bbox 336 1729 395 1775; x_wconf 87' lang='lat' dir='ltr'>ita</span> <span class='ocrx_word' id='word_1_161' title='bbox 419 1729 639 1776; x_wconf 86' lang='lat' dir='ltr'>inviolata</span> <span class='ocrx_word' id='word_1_162' title='bbox 662 1730 854 1776; x_wconf 77' lang='lat' dir='ltr'>castitate</span> <span class='ocrx_word' id='word_1_163' title='bbox 876 1727 1063 1784; x_wconf 68' lang='lat' dir='ltr'>enituit,</span> <span class='ocrx_word' id='word_1_164' title='bbox 1083 1740 1132 1773; x_wconf 89' lang='lat' dir='ltr'>ut</span> <span class='ocrx_word' id='word_1_165' title='bbox 1157 1727 1254 1789; x_wconf 83' lang='lat' dir='ltr'>post</span> <span class='ocrx_word' id='word_1_166' title='bbox 1275 1725 1404 1772; x_wconf 83' lang='lat' dir='ltr'>amis-</span> 
     </span>
     <span class='ocr_line' id='line_1_24' title="bbox 125 1800 1399 1865; baseline -0.002 -18"><span class='ocrx_word' id='word_1_167' title='bbox 125 1801 210 1847; x_wconf 82' lang='lat' dir='ltr'>sam</span> <span class='ocrx_word' id='word_1_168' title='bbox 246 1800 485 1865; x_wconf 84' lang='lat' dir='ltr'>conjugem</span> <span class='ocrx_word' id='word_1_169' title='bbox 521 1802 633 1847; x_wconf 76' lang='lat' dir='ltr'>nihil</span> <span class='ocrx_word' id='word_1_170' title='bbox 671 1819 864 1864; x_wconf 85' lang='lat' dir='ltr'>unquam</span> <span class='ocrx_word' id='word_1_171' title='bbox 902 1816 1146 1847; x_wconf 81' lang='lat' dir='ltr'>venereum</span> <span class='ocrx_word' id='word_1_172' title='bbox 1180 1800 1399 1863; x_wconf 83' lang='lat' dir='ltr'>agitaret:</span> 
     </span>
     <span class='ocr_line' id='line_1_25' title="bbox 125 1873 1403 1939; baseline -0.004 -17"><span class='ocrx_word' id='word_1_173' title='bbox 125 1876 233 1922; x_wconf 88' lang='lat' dir='ltr'>illud</span> <span class='ocrx_word' id='word_1_174' title='bbox 261 1876 525 1933; x_wconf 87' lang='lat' dir='ltr'>advertens,</span> <span class='ocrx_word' id='word_1_175' title='bbox 546 1876 670 1939; x_wconf 86' lang='lat' dir='ltr'>quod</span> <span class='ocrx_word' id='word_1_176' title='bbox 702 1876 819 1936; x_wconf 85' lang='lat' dir='ltr'>apud</span> <span class='ocrx_word' id='word_1_177' title='bbox 842 1876 1072 1920; x_wconf 86' lang='lat' dir='ltr'>Platonem</span> <span class='ocrx_word' id='word_1_178' title='bbox 1102 1873 1287 1936; x_wconf 81' lang='lat' dir='ltr'>legitur,</span> <span class='ocrx_word' id='word_1_179' title='bbox 1315 1874 1403 1917; x_wconf 87' lang='lat' dir='ltr'>So-</span> 
     </span>
     <span class='ocr_line' id='line_1_26' title="bbox 127 1944 1402 2010; baseline -0.003 -18"><span class='ocrx_word' id='word_1_180' title='bbox 127 1947 337 2008; x_wconf 81' lang='lat' dir='ltr'>phoclem</span> <span class='ocrx_word' id='word_1_181' title='bbox 372 1946 692 2010; x_wconf 76' lang='lat' dir='ltr'>tragoediarum</span> <span class='ocrx_word' id='word_1_182' title='bbox 731 1946 993 2009; x_wconf 83' lang='lat' dir='ltr'>scriptorem</span> <span class='ocrx_word' id='word_1_183' title='bbox 1031 1957 1159 1991; x_wconf 84' lang='lat' dir='ltr'>aetate</span> <span class='ocrx_word' id='word_1_184' title='bbox 1195 1944 1402 2008; x_wconf 79' lang='lat' dir='ltr'>grandae-</span> 
     </span>
     <span class='ocr_line' id='line_1_27' title="bbox 107 2018 1404 2096; baseline -0.002 -31"><span class='ocrx_word' id='word_1_185' title='bbox 107 2036 238 2096; x_wconf 24' lang='lat' dir='ltr'>Nvum</span> <span class='ocrx_word' id='word_1_186' title='bbox 269 2020 615 2083; x_wconf 81' lang='lat' dir='ltr'>interrogatum,</span> <span class='ocrx_word' id='word_1_187' title='bbox 637 2021 798 2083; x_wconf 83' lang='lat' dir='ltr'>ecquid</span> <span class='ocrx_word' id='word_1_188' title='bbox 827 2020 968 2067; x_wconf 83' lang='lat' dir='ltr'>adhuc</span> <span class='ocrx_word' id='word_1_189' title='bbox 996 2019 1172 2066; x_wconf 84' lang='lat' dir='ltr'>feminis</span> <span class='ocrx_word' id='word_1_190' title='bbox 1197 2018 1404 2065; x_wconf 81' lang='lat' dir='ltr'>miscere-</span> 
     </span>
     <span class='ocr_line' id='line_1_28' title="bbox 127 2092 1400 2157; baseline -0.002 -19"><span class='ocrx_word' id='word_1_191' title='bbox 127 2097 221 2150; x_wconf 50' lang='lat' dir='ltr'>tur,</span> <span class='ocrx_word' id='word_1_192' title='bbox 249 2107 481 2155; x_wconf 86' lang='lat' dir='ltr'>negantem</span> <span class='ocrx_word' id='word_1_193' title='bbox 514 2094 557 2140; x_wconf 88' lang='lat' dir='ltr'>id</span> <span class='ocrx_word' id='word_1_194' title='bbox 582 2092 810 2154; x_wconf 73' lang='lat' dir='ltr'>adjeciffe‚</span> <span class='ocrx_word' id='word_1_195' title='bbox 841 2093 965 2157; x_wconf 88' lang='lat' dir='ltr'>quod</span> <span class='ocrx_word' id='word_1_196' title='bbox 985 2093 1218 2155; x_wconf 83' lang='lat' dir='ltr'>gauderet,</span> <span class='ocrx_word' id='word_1_197' title='bbox 1243 2093 1400 2137; x_wconf 87' lang='lat' dir='ltr'>harum</span> 
     </span>
     <span class='ocr_line' id='line_1_29' title="bbox 127 2164 1403 2228; baseline -0.002 -18"><span class='ocrx_word' id='word_1_198' title='bbox 127 2183 273 2211; x_wconf 85' lang='lat' dir='ltr'>rerum</span> <span class='ocrx_word' id='word_1_199' title='bbox 298 2183 495 2212; x_wconf 86' lang='lat' dir='ltr'>amorem</span> <span class='ocrx_word' id='word_1_200' title='bbox 510 2202 523 2222; x_wconf 89' lang='lat'><strong>‚</strong></span> <span class='ocrx_word' id='word_1_201' title='bbox 549 2179 599 2212; x_wconf 85' lang='lat' dir='ltr'>ut</span> <span class='ocrx_word' id='word_1_202' title='bbox 618 2165 840 2212; x_wconf 87' lang='lat' dir='ltr'>rabiosum</span> <span class='ocrx_word' id='word_1_203' title='bbox 864 2166 1087 2227; x_wconf 84' lang='lat' dir='ltr'>quendam</span> <span class='ocrx_word' id='word_1_204' title='bbox 1109 2165 1299 2228; x_wconf 66' lang='lat' dir='ltr'>effugisse</span> <span class='ocrx_word' id='word_1_205' title='bbox 1320 2164 1403 2209; x_wconf 88' lang='lat' dir='ltr'>do-</span> 
     </span>
     <span class='ocr_line' id='line_1_30' title="bbox 128 2234 1403 2300; baseline -0.004 -16"><span class='ocrx_word' id='word_1_206' title='bbox 128 2238 300 2285; x_wconf 89' lang='lat' dir='ltr'>minum</span> <span class='ocrx_word' id='word_1_207' title='bbox 325 2241 375 2286; x_wconf 86' lang='lat'>&amp;</span> <span class='ocrx_word' id='word_1_208' title='bbox 406 2240 642 2286; x_wconf 81' lang='lat' dir='ltr'>crudelem.</span> <span class='ocrx_word' id='word_1_209' title='bbox 668 2242 774 2284; x_wconf 75' lang='lat' dir='ltr'>Item</span> <span class='ocrx_word' id='word_1_210' title='bbox 795 2251 842 2284; x_wconf 87' lang='lat' dir='ltr'>ut</span> <span class='ocrx_word' id='word_1_211' title='bbox 866 2239 956 2285; x_wconf 90' lang='lat' dir='ltr'>hoc</span> <span class='ocrx_word' id='word_1_212' title='bbox 976 2238 1255 2300; x_wconf 81' lang='lat' dir='ltr'>propositum</span> <span class='ocrx_word' id='word_1_213' title='bbox 1288 2234 1403 2280; x_wconf 81' lang='lat' dir='ltr'>vali-</span> 
     </span>
     <span class='ocr_line' id='line_1_31' title="bbox 129 2310 1403 2375; baseline -0.003 -17"><span class='ocrx_word' id='word_1_214' title='bbox 129 2312 225 2358; x_wconf 84' lang='lat' dir='ltr'>dius</span> <span class='ocrx_word' id='word_1_215' title='bbox 246 2311 557 2372; x_wconf 80' lang='lat' dir='ltr'>confirmaret‚</span> <span class='ocrx_word' id='word_1_216' title='bbox 574 2313 801 2360; x_wconf 85' lang='lat' dir='ltr'>recolebat</span> <span class='ocrx_word' id='word_1_217' title='bbox 822 2312 932 2375; x_wconf 87' lang='lat' dir='ltr'>saepe</span> <span class='ocrx_word' id='word_1_218' title='bbox 958 2313 1122 2358; x_wconf 60' lang='lat' dir='ltr'>dictum</span> <span class='ocrx_word' id='word_1_219' title='bbox 1143 2310 1277 2374; x_wconf 84' lang='lat' dir='ltr'>lyrici</span> <span class='ocrx_word' id='word_1_220' title='bbox 1296 2311 1403 2355; x_wconf 84' lang='lat' dir='ltr'>Bac·</span> 
     </span>
     <span class='ocr_line' id='line_1_32' title="bbox 127 2385 1402 2450; baseline -0.005 -17"><span class='ocrx_word' id='word_1_221' title='bbox 127 2386 324 2450; x_wconf 79' lang='lat' dir='ltr'>chylidis</span> <span class='ocrx_word' id='word_1_222' title='bbox 344 2422 360 2444; x_wconf 89' lang='lat'><em>‚</em></span> <span class='ocrx_word' id='word_1_223' title='bbox 392 2403 526 2450; x_wconf 88' lang='lat' dir='ltr'>quem</span> <span class='ocrx_word' id='word_1_224' title='bbox 565 2387 738 2450; x_wconf 85' lang='lat' dir='ltr'>legebat</span> <span class='ocrx_word' id='word_1_225' title='bbox 782 2386 1002 2447; x_wconf 81' lang='lat' dir='ltr'>jucunde,</span> <span class='ocrx_word' id='word_1_226' title='bbox 1035 2387 1081 2432; x_wconf 88' lang='lat' dir='ltr'>id</span> <span class='ocrx_word' id='word_1_227' title='bbox 1113 2385 1366 2432; x_wconf 78' lang='lat' dir='ltr'>afferentem</span> <span class='ocrx_word' id='word_1_228' title='bbox 1387 2417 1402 2440; x_wconf 89' lang='lat'><strong>,</strong></span> 
     </span>
    </p>
   </div>
  </div>
 </body>
</html>
