1626 2917
330 200 550 248 RERUM
584 200 924 248 GESTARUM
959 199 1060 245 ΜΒ.
1096 197 1204 244 xx,
1317 214 1403 260 233

135 319 331 359 firmatos
362 308 422 353 ibi
451 308 623 355 locaret
649 307 835 370 insignes
858 305 1034 369 origine
1050 340 1066 362 ,
1087 302 1284 367 bellique
1303 302 1412 348 arti-

136 382 220 427 bus
247 380 405 427 claros.
427 380 678 427 Verebatur
696 381 839 437 enim,
861 378 983 441 quod
1003 376 1192 435 accidit,
1213 391 1268 421 ne
1286 374 1415 421 amis-

136 453 306 499 sionem
340 452 582 500 castrorum
616 453 859 517 ingentium
890 451 1080 498 ferentes
1100 467 1213 514 aegre
1244 451 1415 496 Roma-

136 525 209 581 ni,
236 525 289 570 ad
311 526 463 571 eadem
486 525 727 572 obfidenda
748 525 921 571 viribus
941 523 1111 588 magnis
1131 523 1417 587 accingeren-

137 610 224 646 tur.
239 600 393 656 Latius
418 599 458 645 se
487 600 677 663 proinde
698 598 861 663 jaslans
878 636 891 658 ‚
913 598 1149 662 additaque
1171 597 1267 661 spe,
1283 597 1419 661 quid-

136 670 247 734 quid
272 672 446 735 aggredi
469 672 637 732 posset,
657 671 927 734 adipiscendi
946 708 960 727 ‚
981 669 1241 733 interceptis
1261 668 1420 717 castel-

138 742 193 791 lis
214 743 309 791 aliis
335 744 604 802 vilioribus,
623 745 798 792 Virtam
819 743 988 791 adoriri
1009 736 1254 806 disposuiss
1274 740 1421 788 muni·

137 827 337 863 mentum
364 815 496 861 valde
525 807 746 862 vetustum
766 852 780 874 ,
803 828 853 862 ut
872 813 1136 862 aedificatum
1159 833 1182 862 a
1200 816 1420 862 Macedo-

138 905 196 935 ne
224 889 428 935 credatur
458 889 737 948 Alexandro,
757 889 806 935 in
829 900 1034 935 extremo
1055 887 1235 952 quidem
1267 888 1422 935 Meso-

140 962 352 1025 potamiae
376 962 504 1008 situm
522 997 536 1018 ,
557 960 629 1008 sed
646 961 785 1009 muris
803 961 933 1008 velut
965 960 1148 1007 finuofis
1169 960 1422 1008 circumda-

141 1048 235 1082 tum
267 1038 315 1086 &
336 1035 564 1091 cornutiS,
592 1034 973 1097 instruetioneque
995 1033 1117 1080 varia
1139 1033 1423 1083 inaccessum.

141 1110 285 1170 Quod
304 1126 403 1157 cum
428 1107 556 1155 omni
582 1120 775 1155 tentaret
804 1120 896 1154 arte
912 1143 923 1161 ‚
944 1125 1064 1155 nunc
1091 1107 1310 1170 promiffis
1343 1108 1424 1153 de—

141 1182 338 1231 fensores
372 1181 572 1229 alliciens
593 1217 607 1238 ‚
636 1198 758 1228 nunc
796 1197 954 1243 poenas
989 1179 1251 1228 cruciabiles
1286 1180 1424 1227 mini-

142 1268 240 1302 tans
258 1290 271 1313 ,
292 1253 528 1316 aliquoties
560 1253 725 1300 struere
745 1270 922 1318 aggeres
948 1270 1106 1315 parans
1125 1288 1140 1311 ,
1160 1253 1424 1301 obfidiona==

141 1328 290 1391 lesque
309 1328 558 1375 admovens
581 1326 808 1374 machinas
829 1362 842 1384 ,
862 1326 1017 1373 multis
1047 1326 1243 1389 acceptis
1267 1326 1426 1373 vulne·

143 1403 295 1461 ribus,
314 1419 446 1467 quam
474 1401 607 1449 illatis
627 1437 645 1459 ,
667 1400 829 1448 omiffo
861 1417 984 1449 vano
1022 1401 1209 1464 incepto
1245 1401 1425 1448 tandem

146 1477 360 1528 absceffit.

211 1551 325 1595 vlu,
354 1550 463 1596 Haec
497 1563 553 1594 eo
580 1562 701 1594 anno
740 1545 857 1592 inter
883 1543 1059 1608 Tigrim
1090 1544 1206 1609 gesta
1241 1545 1339 1594 sunt
1375 1548 1429 1596 &

148 1622 432 1685 Euphratem.
459 1623 575 1682 Quae
599 1637 697 1667 cum
721 1617 1030 1682 frequentibus
1058 1618 1226 1665 nuntiis
1253 1619 1429 1667 didicis-

148 1696 210 1742 set
236 1694 525 1743 Constantius
546 1730 558 1751 ‚
591 1706 793 1739 metuens
823 1690 1133 1753 expeditiones
1170 1691 1392 1739 Parthicas
1411 1727 1427 1750 ,

146 1767 338 1828 hiemem
363 1767 478 1829 apud
510 1762 959 1825 Constantinopolim
981 1779 1143 1826 agens,
1161 1763 1429 1826 impensiore

149 1858 253 1888 cura
286 1841 470 1887 limitem
492 1839 732 1887 instruebat
762 1854 862 1884 cum
894 1837 1021 1882 omni
1052 1850 1264 1899 apparatu
1285 1837 1430 1883 bello*-

147 1931 259 1961 rum.
289 1917 423 1961 Arma
450 1931 634 1978 quoque
667 1915 716 1960 δέ
738 1912 949 1959 tirocinia
984 1928 1151 1976 cogens
1174 1948 1188 1971 ‚
1209 1912 1430 1976 legiones·

149 2003 235 2050 que
273 2005 438 2051 augens
472 1986 719 2047 juventutis
754 1985 917 2033 validae
948 1983 1292 2048 supplementis,
1315 2003 1431 2050 qua-

150 2078 249 2107 rum
278 2061 462 2108 statariae
487 2077 646 2123 pugnae
667 2076 744 2122 per
773 2059 1013 2106 orientales
1034 2058 1189 2121 saepius
1208 2059 1430 2107 emicuere

153 2131 407 2193 procinetus
429 2150 439 2178 :
465 2131 630 2178 auxilia
660 2130 790 2193 super
822 2130 890 2176 his
917 2130 1182 2194 Scytharum
1221 2131 1432 2193 poscebat

153 2204 355 2250 mercede
399 2204 473 2251 vel
512 2203 650 2268 gratia
673 2235 686 2256 ‚
722 2216 771 2248 ut
805 2202 959 2249 adulto
996 2220 1103 2250 vere
1139 2203 1368 2267 profec‘his
1405 2221 1431 2250 e

151 2275 385 2333 Thraciis,
415 2276 515 2323 loca
555 2275 743 2338 suspeela
777 2275 984 2337 protinus
1021 2289 1277 2340 occuparet.
1311 2279 1432 2324 Inter

152 2362 253 2408 quae
274 2348 487 2405 Julianus,
509 2350 626 2412 apud
648 2349 832 2397 Parisios
853 2349 1050 2396 hibernis
1066 2350 1242 2408 locatis,
1261 2349 1431 2396 summa

155 2430 411 2480 coeptorum
450 2421 663 2485 quorsum
702 2423 914 2469 evaderet
951 2422 1263 2484 pertimescens
1287 2457 1302 2481 ‚
1339 2438 1432 2468 erat

153 2490 314 2543 anxius
331 2527 347 2553 ,
381 2493 598 2559 nusquam
637 2494 906 2544 assensurum
950 2494 1268 2543 Constantium
1309 2492 1433 2543 faffls
