1626 2917
344 149 481 195 ΒΓΕ
473 151 562 197 ἸΜ
598 150 935 199 GESTARUM
969 153 1072 203 Lm,
1108 153 1213 201 {ix
1362 170 1418 213 75

149 269 261 317 rupe
280 253 326 301 in
346 254 604 303 immensum
625 275 661 304 e
653 258 761 317 lata,
789 276 920 322 quam
943 259 1182 306 cremando
1205 258 1249 305 vi
1270 275 1426 320 magna

149 327 424 375 flammarum
459 343 678 390 acetoque
711 330 857 377 infuso
887 331 1112 391 dissolvit,
1134 349 1211 395 per
1240 332 1426 378 Diuen·

149 401 253 447 tiam
275 400 439 448 flumen
460 391 704 466 gurgitibus
732 403 855 467 vagis
879 405 1104 463 intutum,
1123 404 1325 468 regiones
1346 420 1429 451 oce

149 476 337 538 cupavit
357 476 577 524 Etruscas.
609 478 829 525 Hactenus
850 477 976 542 super
997 440 1211 545 Alpibus·
1234 494 1355 535 nunc
1374 476 1429 524 ad

148 548 355 597 restantia
384 548 632 596 veniamus.

215 623 294 669 XI.
328 622 632 685 Temporibus
653 621 807 685 priscis
832 639 933 670 cum
963 622 1149 670 laterent
1168 622 1238 669 hae
1262 633 1434 686 partes,

152 706 203 743 ut
226 695 423 742 barbarae
441 731 455 754 ,
486 695 721 759 tripartitae
749 695 875 743 fuisse
908 697 1152 744 creduntur
1169 728 1184 752 ,
1207 696 1253 743 in
1284 696 1433 743 Celtas

150 767 420 832 eosdemque
451 768 611 816 Gallos
649 767 803 813 divisae
822 804 834 825 ,
869 770 919 816 &
951 769 1231 833 Aquitanos,
1250 770 1301 817 &
1332 769 1458 816 Eeb*

153 859 229 905 gas
247 879 259 900 ‚
289 843 438 906 lingua
457 878 472 900 ,
507 841 718 889 institutis
734 878 746 899 ‚
766 842 1026 905 legibusque
1050 842 1358 905 discrepantes,
1378 845 1436 889 Et

157 916 316 962 Gallos
353 914 530 978 quidem
551 949 564 971 ‚
592 913 666 976 qui
696 912 838 960 Celtae
858 913 957 961 sunt
976 949 989 971 ‚
1010 913 1064 960 ab
1085 914 1319 977 Aquitanis
1339 916 1434 960 Ga·-

154 1005 315 1037 rnmna
347 985 623 1033 disterminat
648 984 844 1043 flumen,
872 1003 896 1032 a
915 986 1142 1049 Pyrenaeis
1157 986 1308 1033 oriens
1336 987 1436 1033 col-

84 1094 87 1095 ⁷
154 1059 270 1107 libus
292 1096 305 1117 ,
335 1058 522 1122 postque
545 1057 719 1120 oppida·
751 1057 890 1104 multa
918 1057 1160 1106 transcursa
1184 1058 1230 1106 in
1258 1075 1434 1105 oceano

156 1131 427 1180 delitescens.
468 1133 507 1177 A
536 1129 678 1194 Belgis
704 1147 817 1177 vero
841 1131 1025 1178 eandem
1050 1144 1227 1195 gentem
1260 1133 1437 1178 Matro—

154 1221 208 1251 na
231 1203 438 1252 discernit
460 1204 509 1250 δε
535 1205 762 1266 Sequana,
788 1220 938 1249 amnes
959 1203 1277 1267 magnitudinis
1297 1204 1438 1267 gemi-

155 1295 253 1324 nae:
284 1278 360 1341 qui
391 1277 577 1325 fluentes
614 1294 692 1340 per
726 1278 1094 1340 Lugdunensem,
1126 1279 1225 1341 post
1249 1279 1438 1326 circum-

155 1351 350 1398 clausum
388 1350 556 1396 ambitu
579 1349 754 1395 insulari
786 1350 1050 1396 Parisiorum
1072 1351 1296 1398 castellum
1313 1387 1325 1409 ‚
1346 1354 1438 1397 Lu-

154 1422 307 1471 tetiam
327 1421 512 1467 nomine
534 1457 547 1478 ,
569 1420 866 1468 consociatim
885 1435 1077 1468 meantes
1098 1423 1307 1485 protinus
1329 1439 1438 1485 pro·

158 1514 215 1560 pe
252 1497 384 1544 castra
422 1495 684 1542 Constantia
728 1495 977 1541 funduntur
1008 1494 1055 1540 in
1088 1511 1221 1541 mare.
1258 1496 1438 1542 Horum

162 1569 367 1616 omnium
404 1568 523 1631 apud
557 1580 731 1614 veteres
767 1567 911 1630 Belgae
937 1566 1199 1614 dicebantur
1230 1566 1314 1613 effe
1343 1566 1440 1614 for-

162 1642 335 1702 tiffimi,
354 1659 404 1690 ea
427 1654 633 1706 propter,
653 1641 777 1705 quod
796 1641 850 1687 ab
871 1640 1135 1688 humaniore
1158 1640 1282 1688 cultu
1301 1639 1439 1705 longe

160 1716 359 1779 discreti,
379 1733 462 1763 nec
482 1716 741 1764 adventitiis
761 1715 1000 1764 effeminati
1021 1715 1188 1763 deliciis
1202 1751 1216 1773 ,
1237 1715 1311 1762 diu
1333 1732 1436 1762 cum

157 1785 489 1837 transrhenanis
522 1803 747 1838 certavere
770 1788 1020 1835 Germanis.
1049 1786 1259 1852 Aquitani
1288 1788 1436 1844 enim,

161 1864 217 1910 ad
235 1878 433 1926 quorum
463 1862 596 1910 litora
613 1901 627 1921 ‚
647 1875 695 1910 ut
726 1862 932 1926 proxima
960 1861 1244 1925 placidaque,
1266 1877 1438 1908 merces

159 1935 419 1982 adventitiae
461 1936 817 1994 convehuntur,
858 1934 1060 1983 moribus
1105 1934 1160 1981 ad
1197 1933 1437 1983 mollitiem

159 2006 322 2069 lapfis,
357 2006 485 2055 facile
516 2007 562 2054 in
595 2009 813 2055 ditionem
848 2024 1012 2055 venere
1049 2008 1315 2053 Romanam.
1345 2006 1438 2052 Re-

160 2079 374 2142 gebantur
401 2092 549 2127 autem
584 2081 743 2128 Galliae
778 2097 935 2128 omnes
955 2117 970 2138 ,
998 2078 1084 2141 jam
1115 2079 1218 2126 inde
1240 2078 1303 2125 uti
1337 2095 1437 2126 cre-

160 2151 321 2200 britate
358 2153 581 2201 bellorum
625 2153 802 2218 urgenti
837 2154 994 2201 ceffere
1030 2152 1149 2200 Julio
1192 2151 1398 2199 diEtatori
1421 2188 1437 2210 ‚

160 2223 377 2285 potestate
407 2224 453 2270 in
487 2236 630 2288 partes
661 2224 805 2271 divisa
831 2236 1057 2290 quatuor:
1091 2240 1278 2286 quarum
1317 2224 1437 2270 Nar-

160 2295 368 2344 bonenfis
387 2315 475 2345 una
491 2334 506 2357 ,
535 2297 835 2347 Viennensem
859 2298 976 2345 intra
1007 2297 1048 2344 se
1075 2297 1365 2354 continebat,
1388 2298 1440 2344 δε

161 2371 528 2434 Lugdunensem:
556 2373 692 2420 altera
709 2371 946 2436 Aquitanis
974 2383 1161 2434 praeerat
1192 2369 1440 2417 universis:

161 2443 436 2510 superiorem
467 2447 517 2497 &
553 2445 815 2498 inferiorem
847 2444 1132 2497 Germaniam
1153 2479 1172 2505 ,-
1198 2443 1437 2507 Belgasque
