1626 2917
287 147 505 213 RERUM
540 164 880 211 GESTARUM
915 162 1017 208 ΜΒ.
1049 160 1220 207 xxm.
1313 158 1393 219 185

133 293 317 325 munere
342 274 509 323 coelesti
536 274 707 321 indulta
734 271 961 330 felicibus,
985 264 1085 335 quae
1118 268 1193 316 vel
1218 266 1402 314 vitiosas

124 359 308 399 vnaturas
328 346 438 410 saepe
459 344 717 394 excoluisti!
738 357 902 408 quanta
921 343 968 390 in
986 342 1061 389 illa
1081 339 1271 404 caligine
1290 351 1404 385 tem·

132 437 296 483 porum
328 419 619 476 correxffles,
641 418 671 464 fi
690 417 870 464 Valenti
897 416 1006 464 scire
1031 432 1109 479 per
1131 427 1173 461 te
1190 412 1377 460 licuisset
1389 422 1410 471 ‚'

134 492 247 539 nihil
276 491 394 538 aliud
425 492 506 537 effe
537 490 772 553 imperium
790 525 803 546 ‚
832 500 882 535 ut
913 487 1127 551 sapientes
1155 484 1372 532 definiunt
1390 520 1404 541 ,

137 563 219 610 nifi
239 581 390 611 curam
409 562 554 609 salutis
572 561 744 608 alienae:
761 559 962 622 bonique
979 559 1063 608 effe
1081 555 1377 604 moderatoris
1391 590 1406 612 ,

136 638 394 702 restringere
420 636 677 701 potestatem
695 671 707 693 ᾖ
728 634 917 682 resistere
939 631 1170 696 cupiditati
1202 630 1407 678 omnium

136 727 310 769 rerum,
338 712 387 758 &
410 708 760 772 implacabilibus
793 705 1066 754 iracundiis:
1091 703 1326 766 nosseque,
1358 713 1408 748 ut

136 782 283 829 Caesar
311 782 499 828 dislator
519 779 687 842 ajebat,
714 780 902 839 mq‘serum
924 777 994 842 effe}
1025 775 1408 844 instrumentumfie-

138 854 288 900 ηεὲἵιιιί
315 857 637 901 recordationem,
651 855 902 898 crudelitatis
919 868 934 896 :
958 850 1155 913 ideoque
1171 850 1224 895 de
1251 848 1341 894 vita
1360 849 1411 895 &

139 925 291 988 spiritu
309 925 506 972 hominis
522 924 624 987 ‚qui
647 935 742 986 pars
770 923 927 969 mundi
948 921 1028 980 est,
1049 924 1098 969 &
1116 919 1409 968 animantium

140 1015 375 1045 numerum
410 996 634 1058 complet,
666 995 858 1041 laturum
893 993 1153 1041 sententiam
1189 993 1264 1039 diu
1297 992 1412 1038 mul-

142 1082 323 1132 tumque
343 1067 536 1115 cunstari
554 1078 784 1129 oportere,
802 1082 885 1114 nec
905 1066 1121 1129 praecipiti
1140 1066 1287 1112 studio
1300 1101 1313 1123 ,
1331 1065 1411 1112 ubi

141 1140 436 1188 irrevocabile
466 1140 630 1187 factum
666 1139 752 1197 est,
780 1138 935 1204 agitari
957 1156 968 1185 :
990 1148 1039 1185 ut
1068 1138 1321 1201 exemplum
1349 1137 1411 1185 est

140 1213 252 1261 illud
279 1212 531 1276 antiquitati
568 1206 808 1259 admodum
841 1223 1015 1259 notum.
1048 1211 1181 1274 Apud
1210 1227 1411 1273 procon-

140 1285 276 1331 sulem
319 1284 432 1331 Afiae
466 1283 752 1331 Dolabellam
791 1284 1049 1346 [Smyrnaea
1088 1281 1411 1330 materfamilias

140 1357 306 1416 filium]
339 1356 570 1421 proprium
591 1357 640 1403 &
667 1355 874 1402 maritum
898 1354 1084 1401 venenis
1107 1353 1275 1401 necass'e
1301 1372 1411 1401 con-

142 1430 243 1476 feffa
260 1466 273 1487 ,
296 1430 420 1492 quod
451 1428 594 1475 filium
615 1426 698 1491 [ex
725 1428 876 1490 priore
907 1427 1011 1475 viro
1041 1426 1098 1473 ab
1125 1426 1187 1472 eis
1215 1426 1410 1473 occisum

142 1501 455 1565 comperisset]
485 1502 535 1549 &
566 1500 984 1563 comperendinata,
1013 1515 1115 1545 cum
1145 1496 1411 1556 consilium,

142 1574 195 1620 ad
224 1574 348 1637 quod
376 1589 445 1620 res
467 1590 523 1620 ex
555 1588 680 1619 more
710 1572 849 1619 delata
870 1571 956 1628 est,
985 1586 1175 1633 anceps,
1205 1569 1312 1634 quid
1337 1571 1411 1617 in-

142 1660 211 1695 ter
236 1648 455 1695 ultionem
475 1650 526 1696 &
558 1647 696 1695 scelus
730 1647 855 1694 statui
885 1646 1066 1703 debeat,
1087 1645 1327 1701 haefitaret,
1356 1646 1411 1693 ad

142 1721 435 1785 Areopagitas
466 1720 588 1768 missa
618 1719 706 1778 est,
734 1718 1020 1766 Athenienses
1051 1717 1219 1779 judices
1245 1717 1410 1764 tristio-

140 1805 237 1841 res:
255 1811 449 1857 quorum
468 1794 647 1858 aequitas
663 1794 871 1841 Deorum
889 1807 1070 1857 quoque
1087 1790 1231 1855 jurgia
1249 1790 1412 1838 dicitur

89 1921 93 1929 Δ
146 1867 400 1916 distinxisse.
423 1868 509 1925 Hi,
526 1867 653 1915 causa
672 1867 878 1931 cognita,
899 1865 1139 1913 centesimo
1164 1864 1264 1928 post
1288 1881 1410 1911 a-nno

145 1958 249 1989 cum
281 1941 535 1990 accusatore
565 1941 792 1988 mulierem
820 1940 959 1988 adeffe
992 1938 1232 2002 jusserunt:
1252 1956 1308 1985 ne
1336 1952 1412 1986 aut

145 2013 428 2062 absolverent
441 2012 699 2072 veneficam,
713 2025 787 2060 aut
804 2011 936 2059 ultrix
951 2011 1315 2059 necessitudinum
1331 2028 1413 2075 pu-

144 2086 328 2135 niretur.
357 2090 418 2135 Ita
450 2104 679 2151 nunquam
700 2087 872 2134 tardum
889 2085 1188 2143 existimatur,
1208 2086 1331 2149 quod
1350 2083 1413 2132 est

147 2157 350 2205 omnium
380 2160 598 2207 ultimum.
619 2158 722 2206 Post
751 2158 976 2207 commiffa
1001 2156 1306 2220 iniquitatibus
1329 2174 1412 2205 va-

147 2229 225 2276 riis
241 2230 456 2278 antedi&a
469 2268 482 2291 ‚
501 2234 550 2279 &
567 2231 789 2294 impressas
813 2230 933 2277 foede
953 2229 1221 2293 corporibus
1238 2229 1410 2288 liberis,

148 2318 247 2364 quae
269 2301 614 2364 supervixerant,
632 2316 777 2361 notas,
791 2303 1093 2349 inconnivens
1112 2302 1287 2350 Iustitiae
1302 2318 1410 2349 ocu-

147 2374 240 2431 lus,
267 2374 428 2421 arbiter
454 2376 505 2424 &
534 2375 705 2424 vindex
735 2385 974 2437 perpetuus
1007 2391 1151 2421 rerum
1168 2410 1182 2434 ‚
1204 2374 1412 2437 vigilavit

143 2457 324 2495 attente.
349 2446 552 2512 Namque
569 2447 782 2497 caesorum
804 2445 972 2494 ultimae
992 2447 1124 2507 dirae,
1147 2457 1408 2510 perpetuum
