1626 2917
351 193 572 239 RERUM
608 191 951 238 GESTARUM
988 190 1090 237 ΠΒ.
1124 189 1266 237 XVII.
1374 205 1456 252 125

186 302 343 350 animis
373 301 627 350 incredibili
646 300 891 364 pertinacia
925 299 1159 357 relufz‘tatis.
1177 300 1312 346 Tunc
1332 298 1466 361 perti-

185 375 382 422 mescens
416 373 737 420 sollertissimus
772 372 919 420 Caesar
939 405 954 428 ‚
992 368 1047 417 ne
1072 371 1304 419 observata
1334 372 1467 417 noble

183 445 341 502 illuni,
369 444 543 492 barbari
572 444 672 508 gelu
702 445 906 491 vinfitum
932 460 1107 490 amnem
1138 444 1465 506 pervaderent,

180 517 384 580 quotidie
403 535 427 564 a
444 517 534 564 sole
550 517 597 563 in
618 516 848 577 vesperam
862 516 983 562 flexo
1000 515 1192 579 adusque
1214 516 1326 562 lucis
1343 516 1463 578 prin·

183 589 352 651 cipium
373 626 388 648 ,
423 588 599 635 lusoriis
643 588 831 636 navibus
866 587 1108 635 discurrere
1141 587 1307 634 flumen
1341 587 1464 634 ultro

183 662 390 725 citroque
427 661 590 708 milites
619 660 852 707 ordinavit
873 696 886 718 ,
910 672 985 717 ut,
1017 660 1172 707 crustis
1203 660 1464 722 pruinarum

184 735 391 783 diffi-affis
411 771 426 794 ‚
462 735 610 781 nullus
635 735 689 781 ad
722 734 1045 796 erumpendum
1074 733 1290 797 quopiam
1333 733 1462 781 facile

181 808 452 871 perveniret.
472 808 662 870 Hocque
681 819 943 854 commento
964 841 978 863 ,
1000 805 1172 863 inedia,
1203 808 1252 852 &
1274 805 1463 868 vigiliis,

183 882 232 927 &
262 880 570 943 desperatione
597 879 822 942 postrema
854 877 1014 934 laffati,
1041 877 1199 939 sponte
1218 877 1259 923 se
1281 879 1464 939 propria

183 953 403 1000 dederunt
431 971 442 1000 ε
481 952 716 1015 statimque
748 951 804 997 ad
841 950 1106 997 comitatum
1142 951 1328 1012 Augusti
1363 951 1463 997 sunt

181 1027 308 1072 miffi.
334 1026 405 1073 Ad
420 1042 536 1090 quos
556 1025 814 1072 eximendos
843 1024 1048 1086 periculo
1068 1025 1310 1071 multitudo
1328 1027 1461 1070 Fran-

181 1116 341 1147 corum
369 1099 531 1164 egreffa
550 1135 564 1157 ‚
593 1115 697 1146 cum
732 1109 890 1161 captos
916 1098 1200 1162 comperisset
1228 1101 1278 1147 &
1309 1099 1464 1161 aspor-

122 1164 127 1169 ι
181 1184 328 1230 tatOS,
355 1172 468 1219 nihil
495 1173 684 1236 amplius
714 1171 815 1219 ausa
833 1171 1066 1233 repedavit
1089 1171 1143 1217 ad
1164 1170 1237 1217 sua
1265 1190 1274 1218 :
1307 1172 1462 1235 hisque

180 1245 412 1309 perfeffis,
434 1245 607 1293 afturus
628 1245 818 1292 hiemem
839 1242 1028 1290 revertit
1058 1242 1245 1291 Parisios
1272 1243 1431 1291 Caesar.

243 1319 315 1364 ΙΙΙ.
336 1318 459 1378 Quia
485 1317 620 1381 igitur
642 1316 844 1379 plurimae
875 1329 1027 1379 gentes
1046 1316 1093 1364 vi
1113 1315 1286 1377 majore
1317 1318 1462 1364 colla-

179 1401 292 1437 turae
310 1390 455 1454 capita
475 1390 785 1452 sperabantur,
806 1388 939 1434 dubia
960 1388 1182 1434 bellorum
1205 1388 1461 1451 conjeOElans

181 1462 354 1510 sobrius
372 1464 545 1518 re&or,
576 1465 748 1525 magnis
781 1478 988 1508 curarum
1010 1461 1204 1507 molibus
1222 1461 1460 1524 stringeba-

179 1545 266 1580 tur.
287 1534 500 1597 Dumque
526 1550 604 1596 per
629 1533 856 1590 inducias,
884 1531 988 1578 licet
1014 1532 1266 1595 negotiosas
1287 1535 1335 1580 ἃ
1358 1534 1461 1579 bre-

181 1623 290 1664 ves,
316 1608 574 1654 aerumnofis
607 1606 897 1669 possessorum
935 1605 1106 1651 damnis
1135 1605 1302 1651 mederi
1337 1605 1460 1667 posse

182 1683 425 1739 credebat,
459 1682 613 1728 tributi
648 1681 886 1728 ratiocinia
922 1679 1204 1744 dispensavit.
1249 1681 1461 1741 Cumque

180 1754 433 1809 Florentius
464 1753 696 1816 praefetfhxs
737 1752 954 1814 praetorio
988 1752 1146 1799 cun&a
1174 1751 1427 1814 permensus
1446 1788 1460 1807 ,

182 1839 232 1874 ut
261 1827 596 1883 contendebat,
629 1825 846 1889 quidquid
875 1826 922 1871 in
957 1825 1233 1888 capitatione
1268 1825 1459 1882 deesset,

183 1917 239 1945 ex
262 1900 522 1962 conquisitis
553 1901 592 1946 se
622 1899 823 1961 supplere
851 1897 1075 1955 firmaret,
1102 1897 1258 1944 talium
1280 1914 1462 1960 gnarus,

181 1973 374 2019 animam
402 1975 528 2037 prius
558 1974 786 2029 amittere,
808 1990 942 2035 quam
971 1973 1062 2019 hoc
1085 1972 1226 2018 finere
1250 1970 1346 2018 fieri
1366 1988 1462 2018 me-

180 2048 397 2094 morabat.
426 2050 570 2095 Norat
588 2047 707 2095 enirn
729 2046 981 2108 hujusmodi
1005 2046 1319 2108 provisionum
1341 2082 1355 2104 ,
1377 2046 1460 2091 im-

181 2136 259 2166 mo
278 2120 587 2179 eversionum,
603 2133 652 2167 ut
675 2119 826 2166 verius
846 2119 1034 2165 dixerim
1048 2155 1061 2175 ,
1081 2118 1338 2165 insanabilia
1358 2121 1459 2165 vul-

182 2207 289 2238 nera
309 2228 324 2247 ‚
351 2191 463 2254 saepe
484 2193 540 2238 ad
567 2191 768 2238 ultimam
793 2191 1029 2254 egestatem
1056 2193 1317 2254 provincias
1344 2211 1459 2239 con-

184 2262 358 2309 traxisse
387 2282 397 2310 :
429 2281 530 2326 quae
567 2280 639 2310 -res
668 2299 681 2320 ‚
716 2275 766 2309 ut
803 2263 1053 2319 docebitur¹
1073 2265 1253 2328 postea,
1279 2266 1458 2328 penitus

183 2337 347 2383 evertit
369 2337 613 2400 Illyricum.
635 2338 711 2383 Ob
732 2354 833 2399 quae
853 2336 1062 2398 praefe&o
1088 2339 1303 2401 praetorio
1320 2376 1333 2394 ,
1351 2338 1456 2384 ferri

184 2425 278 2455 non
315 2410 459 2470 posse,
491 2411 723 2468 clamante,
755 2409 797 2456 se
830 2423 1012 2472 repente
1044 2409 1207 2458 facium
1239 2411 1421 2457 infidum
1442 2447 1458 2467 ‚

182 2481 254 2529 cui
275 2481 490 2546 Augustus
512 2482 723 2531 summam
763 2483 1036 2532 commiserit
1058 2501 1207 2532 rerum
1227 2502 1241 2541 3
1263 2484 1459 2532 Julianus
