1626 2917
203 113 297 163 286
413 111 747 159 AMMIANI
800 110 1279 158 MARCELLINI

202 235 302 265 nox
322 229 459 263 terras
480 214 710 277 implesset,
730 213 794 270 hi,
814 213 890 277 qui
911 212 1181 276 superfuere,
1197 215 1347 263 dextra
1367 230 1486 278 pars,

201 289 281 337 alii
305 290 441 346 laeva,
460 287 535 334 vel
553 303 648 350 quo
672 299 813 332 metus
835 299 1052 343 traxerat,
1066 284 1106 332 f
1098 286 1346 342 rebantur,
1370 286 1493 349 quis-

201 380 292 428 que
312 361 549 425 proximos
576 375 812 423 quaerens:
832 376 933 405 cum
961 372 1121 422 praeter
1142 358 1181 405 se
1206 357 1315 405 nil-iil
1337 359 1492 424 singuli

202 451 389 483 cernere
416 444 657 495 poterant,
691 424 919 493 occipitiis
954 431 1148 494 propriis
1177 429 1215 476 f
1207 449 1338 478 rrum
1372 431 1494 478 arbi·-

202 519 373 556 trantes
408 508 589 552 haerere.
625 505 932 552 Audiebantur
962 519 1138 562 tamen,
1161 505 1263 552 licet
1292 506 1494 570 longius,

203 577 400 638 ejulatus
437 577 704 625 miserabiles
738 578 1026 635 relictorum,
1060 578 1356 642 singultusque
1392 596 1494 625 mo·

202 650 444 709 flentium,
476 651 526 698 &
552 651 891 698 vulneratorum
922 651 1180 698 cruciabiles
1201 649 1342 698 fletus.
1374 654 1495 698 Luce

204 739 324 771 ‘vero
349 734 604 786 coeptante,
626 723 846 782 viEtores,
869 735 918 770 ut
938 724 1083 770 bestiae
1110 723 1324 786 sanguinis
1351 724 1496 771 irrita·

203 808 365 844 mento
396 796 594 843 atrocius
620 795 838 852 efferatae,
870 796 956 859 spei
984 796 1126 842 inanis
1156 797 1372 843 illecebris
1401 796 1497 860 agi·

204 867 314 926 tati,
339 867 714 929 Hadrianopolim
753 868 1004 931 agminibus
1042 867 1244 930 petivere
1279 868 1497 925 densatis,

206 959 306 989 eam
333 943 404 989 vel
427 960 528 990 cum
554 942 883 989 discriminibus
913 941 1102 989 excisuri
1128 942 1357 1004 postremis
1379 960 1390 989 ε
1414 944 1498 988 do-

210 1016 269 1063 ξὶί
289 1032 369 1078 per
390 1016 646 1078 proditores
667 1017 715 1062 &
737 1014 984 1077 transfugas
1011 1015 1275 1076 potestatum
1303 1016 1500 1062 culmina

209 1088 536 1146 maximarum,
567 1089 617 1134 &
648 1087 844 1134 fortunae
879 1088 1137 1149 principalis
1175 1088 1359 1151 insignia
1396 1089 1501 1134 the-

207 1161 450 1225 saurosque
483 1161 712 1217 Valentis,
748 1161 839 1207 illic
874 1174 921 1207 ut
961 1162 1100 1207 arduo
1134 1161 1176 1207 in
1213 1162 1500 1207 munimento

209 1236 443 1285 conditos.
467 1238 521 1281 Et
542 1251 596 1280 ne
618 1234 915 1280 intervallatis
937 1235 1070 1280 ardor
1090 1234 1380 1298 intepesceret
1399 1252 1504 1281 mo-

208 1308 300 1370 ris,
327 1307 442 1353 hora
474 1305 561 1352 diei
586 1318 743 1369 quarta
773 1305 944 1351 ambitu
973 1305 1121 1351 cin6lo
1149 1306 1504 1363 murorum5in-

211 1381 437 1429 festiffime
455 1380 710 1427 certabatur
731 1397 741 1425 ε
760 1380 1148 1444 oppugnatoribus
1170 1381 1357 1444 genuina
1381 1380 1504 1428 fero-

211 1454 285 1502 cia
323 1454 378 1500 ad
415 1468 614 1516 praeceps
650 1452 839 1498 exitium
879 1451 1217 1510 festinantibus,
1257 1467 1504 1516 contraque

215 1526 506 1575 defensorum
535 1525 698 1588 vigore
724 1524 880 1571 validis
906 1525 1076 1571 viribus
1097 1525 1298 1572 incitato.
1329 1528 1383 1572 Et
1401 1526 1506 1588 quia

212 1602 412 1649 militum
442 1600 744 1663 calonumque
783 1615 995 1645 numerus
1026 1616 1209 1662 magnus
1229 1636 1240 1655 ‚
1279 1600 1505 1647 civitatem

218 1692 323 1723 cum
342 1673 552 1736 jumentis
569 1671 756 1717 introire
782 1670 1035 1734 prohibitus
1051 1707 1062 1729 ,
1086 1673 1243 1718 affixus
1266 1672 1506 1734 parietibus

216 1748 441 1795 moenium
463 1744 718 1808 aedibusque
744 1744 996 1802 continuis,
1022 1761 1104 1807 pro
1138 1745 1229 1792 loci
1258 1744 1505 1791 humilitate

178 1845 184 1849 κ
219 1822 399 1869 fortiter
432 1821 724 1878 decernebat,
744 1820 1052 1883 superaratque
1084 1819 1226 1865 rabies
1263 1818 1506 1865 imminen-

218 1898 333 1944 tium
370 1896 568 1959 adusque
603 1896 759 1943 horam
799 1896 887 1942 diei
921 1913 1117 1942 nonam:
1156 1894 1301 1940 subito
1337 1892 1507 1955 pedites

220 1971 364 2018 nostri
383 1971 600 2027 trecenti,
621 1987 675 2017 ex
703 1970 771 2016 his
788 2006 800 2028 ‚
823 1970 897 2034 qui
922 1986 1064 2032 prope
1095 1968 1204 2031 ipsas
1226 1968 1377 2013 stetere
1395 1966 1531 2012 lori-'

191 2094 199 2097 ⁷
223 2061 299 2092 cas
317 2079 329 2100 ‚
360 2043 554 2090 conferti
586 2044 632 2089 in
657 2061 849 2090 cuneum
879 2043 1162 2089 desciverunt
1185 2041 1237 2087 ad
1266 2040 1507 2085 barbaros:

222 2118 389 2180 eosque
416 2118 480 2164 illi
501 2118 632 2164 avide
655 2130 809 2180 raptos
825 2154 837 2172 ‚
859 2116 1093 2163 confestim
1113 2115 1386 2178 (incertum,
1414 2129 1509 2176 quo

224 2188 456 2253 consilio)
482 2191 787 2238 trucidarunt:
811 2192 860 2237 &
886 2207 940 2236 ex
972 2206 1027 2236 eo
1060 2189 1264 2250 deinceps
1297 2187 1510 2233 observa-

222 2263 319 2310 tum
341 2264 428 2321 est,
450 2265 673 2312 neminem
705 2263 961 2327 hujusmodi
995 2262 1161 2325 aliquid
1183 2261 1256 2309 vel
1287 2262 1329 2307 in
1361 2260 1512 2322 despe-

226 2339 404 2387 ratione
429 2355 580 2388 rerum
599 2339 754 2388 ultima
767 2333 994 2404 cogitasse.
1027 2340 1248 2388 Fervente
1273 2335 1420 2400 itaque
1440 2345 1511 2381 tot
