1626 2917
329 221 552 270 RERUM
588 221 928 269 GESTARUM
965 219 1067 268 LIB.
1103 220 1234 267 XIX.
1337 232 1425 282 203

149 339 251 377 men
272 328 427 377 funera
445 329 806 395 direptionesque
826 328 1228 387 civitatis-excisae‚
1246 327 1429 377 AEliano

150 403 318 450 comite
349 405 398 452 &
427 404 650 463 tribunis,
685 421 880 468 quorum
923 404 1117 452 efficacia
1147 404 1222 450 diu
1256 403 1434 449 defensa

151 475 249 523 sunt
286 467 455 524 moenia
480 513 493 535 ‚
527 478 776 541 stragesque
819 477 1127 540 multiplicatae
1169 477 1395 523 Persarum
1416 512 1432 535 ‚

150 547 362 610 patibulis
383 547 556 595 sceleste
577 548 742 594 suffixis
758 584 772 607 ‚
799 549 992 596 Jacobus
1017 550 1065 596 &
1084 547 1250 595 Caesius
1276 564 1436 594 nume-

152 621 258 667 rarii
289 622 582 685 apparitionis
602 622 794 686 magistri
821 622 1023 685 equitum
1046 659 1059 681 ,
1087 621 1250 685 aliique
1273 634 1434 684 prote-

148 693 291 740 &ores
306 694 405 757 post
421 706 544 758 terga
564 695 726 741 vinclis
745 696 949 743 manibus
966 697 1260 743 ducebantur:
1273 697 1433 743 Trans·

148 766 365 830 tigritanis
379 803 391 824 ‚
412 767 488 830 qui
516 766 706 814 sollicita
738 769 1049 831 quaerebantur
1070 768 1310 825 industria,
1332 768 1435 814 nul-

150 838 200 885 lo
231 837 370 885 infimi
392 838 636 902 summique
666 839 944 898 discrimine,
973 843 1025 887 ad
1054 859 1192 888 unum
1219 841 1432 888 omnibus

153 911 481 959 contriincatiS.
515 915 648 959 Uxor
676 928 790 958 vero
813 913 1066 976 Craugasii,
1091 931 1218 976 quae,
1236 913 1435 959 retinens

151 985 370 1047 pudorem
386 983 689 1042 inviolatum,
709 996 756 1030 ut
769 996 973 1031 matrona
989 986 1154 1031 nobilis
1175 985 1432 1044 colebatur,

150 1058 396 1114 moerebat,
426 1057 554 1103 velut
587 1057 744 1103 orbem
779 1058 913 1103 alium
938 1058 1028 1104 sine
1063 1058 1227 1105 marito
1260 1059 1436 1119 visura,

151 1145 423 1193 quamquam
449 1128 650 1191 sperabat
673 1129 959 1177 documentis
987 1132 1273 1193 praesentibus
1295 1132 1432 1179 altio-

149 1218 212 1249 ra.
248 1204 296 1248 In
331 1219 424 1248 rem
464 1201 613 1265 itaque
644 1202 881 1250 consulens
916 1203 1034 1250 suam
1055 1240 1069 1262 ‚
1099 1206 1150 1252 &
1184 1203 1432 1251 accidentia

149 1274 286 1338 longe
317 1287 419 1321 ante
447 1273 723 1337 prospiciens
745 1310 757 1332 ‚
800 1276 1021 1322 anxietate
1049 1275 1205 1322 bifaria
1243 1275 1433 1340 stringe-

148 1347 304 1401 batur,
325 1347 589 1394 viduitatem
622 1347 840 1394 detestans
870 1350 920 1396 ὅ(
948 1349 1139 1409 nuptias.
1174 1348 1280 1395 Ideo
1301 1348 1434 1394 fami-

150 1421 305 1467 liarem
338 1420 462 1467 suum
495 1437 710 1483 perquam
737 1418 873 1466 fidum
890 1456 904 1477 ,
934 1419 1256 1481 regionumque
1277 1418 1432 1464 Meso·-

151 1493 363 1555 potamiae
392 1509 600 1556 gnarum,
621 1509 699 1554 per
724 1492 880 1539 Izalam
907 1503 1109 1538 montem
1132 1493 1247 1538 inter
1277 1492 1434 1539 castel-

150 1567 193 1612 la
222 1565 486 1629 praesidiaria
517 1566 607 1612 duo
629 1601 641 1623 ‚
662 1566 833 1612 Maride
865 1567 914 1613 &
935 1567 1084 1611 Lorne
1099 1600 1113 1624 ,
1136 1564 1431 1611 introiturum

151 1638 325 1685 Nisibin
354 1637 536 1686 occulte
565 1637 754 1693 dimisit,
787 1637 1006 1684 mandatis
1027 1637 1287 1701 arcanisque
1319 1639 1431 1685 vitae

153 1711 404 1760 secretioris
433 1711 639 1758 maritum
663 1727 855 1758 exorans
872 1746 884 1766 ,
906 1726 958 1757 ut
984 1710 1143 1757 auditis
1160 1746 1172 1767 ‚
1192 1727 1291 1774 quae
1315 1727 1432 1757 con-

151 1785 333 1849 tigerint
348 1821 361 1843 ‚
380 1784 558 1831 veniret
577 1783 723 1831 secum
742 1785 867 1830 beate
887 1783 1094 1830 victurus.
1116 1782 1296 1843 Quibus
1320 1799 1434 1829 con-

150 1869 300 1905 tentus
330 1857 566 1920 expeditus
600 1856 779 1915 viator,
802 1872 879 1918 per
901 1855 1117 1903 saltuosos
1147 1855 1343 1903 tramites
1379 1857 1430 1903 &

151 1930 313 1980 fruteta
345 1930 517 1977 Nisibin
553 1928 741 1993 passibus
785 1928 883 1975 citis
926 1928 1171 1992 ingressus,
1207 1928 1428 1976 causatus-

153 2021 240 2067 que
257 2040 271 2063 ,
291 2004 331 2051 se
359 2004 541 2051 domina
561 2003 775 2068 nusquam
798 2002 889 2050 visa
905 2038 918 2061 ‚
941 2005 989 2051 ὃς
1012 2003 1193 2050 forsitan
1221 2004 1432 2050 interem-

153 2089 225 2136 ta,
253 2078 351 2129 data
371 2078 589 2126 evadendi
616 2076 745 2139 copia
764 2075 912 2123 castris
943 2076 1179 2123 hostilibus
1206 2076 1432 2124 abscessis-

152 2149 196 2196 se
217 2185 230 2208 ‚
263 2152 312 2198 ὅ(
337 2150 440 2196 ideo
477 2161 527 2197 ut
553 2149 658 2196 vilis
689 2148 911 2211 neglectus
931 2184 943 2207 ,
976 2149 1110 2195 docet
1136 2150 1426 2214 Craugasium

153 2222 270 2284 gesta
291 2239 302 2269 ε
322 2238 520 2286 moxque
543 2233 725 2285 accepta
750 2220 865 2277 fide,
886 2221 1010 2284 quod
1036 2221 1068 2268 fi
1097 2233 1195 2269 tuto
1219 2222 1396 2270 licuerit
1414 2259 1427 2281 ‚

153 2294 362 2358 sequetur
390 2295 631 2360 conjugem
666 2296 838 2354 libens,
861 2294 1001 2342 evasit
1030 2307 1290 2359 exoptatum
1323 2314 1428 2342 mu-

153 2367 251 2414 lieri
277 2369 481 2416 nuntium
503 2369 674 2416 ferens:
698 2385 823 2432 quae,
843 2368 933 2415 hoc
954 2369 1139 2432 cognito
1155 2405 1167 2425 ‚
1187 2386 1266 2431 per
1284 2370 1426 2415 Tam-

155 2440 356 2503 saporem
377 2444 534 2490 ducem
552 2442 1013 2506 stipplicaveratre‘gi,
1033 2455 1094 2499 ut,
1110 2442 1141 2488 fi
1160 2442 1337 2488 daretur
1356 2441 1425 2487 fa-

157 2513 328 2575 cultas,
358 2527 596 2581 antequam
633 2515 852 2565 Romanis
892 2516 1127 2565 excederet
1155 2514 1318 2563 finibus
1336 2550 1348 2573 ‚
1383 2514 1430 2561 in
