1626 2917
154 230 243 277 180
342 227 693 276 ΑΜΜΙΑΝΙ
727 224 1229 273 MARCELLINI

149 337 310 399 ignosce
328 338 450 391 mihi,
475 332 636 395 inquit,
653 334 893 395 ampliſjz'me
909 353 1036 380 comes
1049 370 1064 393 ‚
1082 335 1316 397 necqffitare‚
1334 352 1418 380 non

147 413 375 463 voluntate,
389 409 449 450 ad
468 408 548 450 haec
564 439 576 461 ,
591 423 676 465 quae
694 409 793 450 novi
802 406 986 470 ‚fielesta
997 408 1192 466 prolapso
1207 424 1223 451 .·
1241 424 1343 466 egere
1360 424 1421 451 me

142 483 388 544 praecipitem
399 479 666 542 flagitatores
683 511 697 534 ,
718 494 763 523 ut
784 480 888 545 nosti
911 497 926 524 .·
956 497 1124 539 quorum
1154 481 1338 525 avaritiae
1372 498 1420 524 ηε

146 571 222 598 tua
253 554 414 612 quidem
443 549 601 610 excelsa
628 551 704 595 illa
719 550 926 609 fortuna,
944 569 1216 612 propugnans
1248 552 1420 611 misteriis

145 627 276 679 meis,
305 625 445 684 potuit
467 621 679 683 refragari.
711 621 850 668 Simul
879 623 973 670 haec
1007 623 1156 670 dicens
1175 659 1187 679 ,
1212 640 1236 670 e
1267 625 1416 670 medio

144 697 379 761 prospectu
396 695 609 753 abscessit,
626 712 720 742 non
742 695 937 753 aversus,
951 696 1041 752 sed,
1062 697 1165 743 dum
1187 698 1418 744 evanesce·

145 784 236 826 ret,
267 769 520 816 verecunde
548 769 900 832 retrogradiens,
928 771 976 815 &
1000 770 1148 830 pectus
1179 770 1418 818 ostentans,

146 844 264 903 Quae
296 842 400 887 dum
430 841 476 887 in
510 840 738 888 curriculo
771 840 1004 886 semihorae
1041 853 1262 904 aguntur,
1297 842 1420 904 post-

144 915 314 978 1ignani
344 913 511 970 nostri,
531 915 608 976 qui
638 914 850 960 tenebant
879 914 1067 960 editiora
1095 914 1251 973 collis,
1273 915 1423 962 excla-

143 1000 292 1046 mant,
309 986 438 1033 aliam
467 987 851 1049 cataphra&orum
869 987 1199 1034 multitudinem
1221 989 1422 1050 equitum

144 1079 266 1126 pone
293 1062 455 1119 visam,
490 1063 715 1109 celeritate
744 1062 1072 1125 quammaxima
1103 1063 1425 1126 propinquare.

145 1138 295 1199 Atque
326 1150 374 1181 ut
404 1136 450 1180 in
483 1136 614 1181 rebus
641 1134 751 1181 solet
782 1135 976 1192 affliclis,
999 1135 1296 1197 ambigentes,
1323 1136 1422 1180 cui-

146 1226 246 1254 nam
278 1208 456 1254 deberet
485 1219 560 1253 aut
581 1206 724 1270 poffet
748 1207 962 1264 occurri,
992 1207 1197 1253 trudente
1224 1208 1424 1269 pondere

145 1280 287 1344 plebis
308 1279 530 1326 immensae
548 1314 562 1338 ‚
581 1280 732 1341 passim
747 1314 761 1338 ,
781 1296 869 1343 qua
889 1279 1049 1342 cuique
1070 1279 1328 1341 proximum
1351 1279 1424 1325 vi-

145 1355 332 1401 debatur
347 1390 362 1411 ,
394 1353 685 1400 diffundimur
703 1353 916 1401 universi.
937 1354 1151 1416 Dumque
1172 1353 1214 1399 se
1240 1352 1423 1416 quisque

144 1427 355 1488 expedire
384 1426 639 1474 discrimine
669 1443 836 1490 magno
871 1439 1097 1483 conatur,
1128 1425 1304 1488 sparsim
1337 1425 1424 1473 dis·

143 1499 246 1563 jeffi
284 1499 400 1546 hosti
439 1497 753 1546 concursatori
797 1497 1047 1544 miscemur.
1089 1500 1242 1559 ltaque
1281 1496 1424 1559 spreta

141 1572 231 1634 jam
261 1571 452 1620 vivendi
475 1571 716 1634 cupiditate
746 1570 923 1618 fortiter
944 1572 1231 1617 decernentes
1248 1606 1262 1627 ‚
1282 1571 1336 1617 ad
1360 1573 1422 1615 ri·-

143 1663 219 1709 pas
255 1645 462 1707 pellimur
500 1644 696 1708 Tigridis
733 1644 820 1691 alte
859 1643 1040 1691 excisas.
1075 1644 1208 1690 Unde
1244 1644 1423 1706 quidam

143 1718 395 1781 praecipites
426 1717 538 1780 pulfi
568 1752 582 1775 ‚
625 1716 959 1780 implicantibus
991 1715 1124 1761 armis
1166 1714 1388 1761 haeserunt
1410 1751 1424 1772 ,

145 1791 223 1838 ubi
245 1791 436 1838 vadosus
463 1791 524 1838 est
553 1791 696 1838 amnis
717 1791 822 1837 :alii
847 1791 1105 1838 lacunarum
1124 1789 1264 1835 hausti
1285 1791 1424 1836 verti-

145 1863 248 1927 gine
281 1864 590 1910 vorabantur:
626 1862 835 1909 nonnulli
871 1879 972 1909 cum
1007 1861 1134 1908 hoste
1169 1862 1387 1924 congrefli
1408 1897 1422 1918 ‚

144 1936 279 1983 vario
313 1948 480 1983 eventu
511 1934 970 1998 certabantzquidam
1003 1949 1250 1980 cuneorum
1284 1933 1424 1979 densi-

142 2022 233 2057 tate
263 2009 519 2072 perterriti,
555 2010 766 2072 petebant
807 2008 1044 2071 proximos
1078 2007 1220 2052 Tauri
1255 2007 1424 2053 montis

142 2083 353 2131 excessus.
376 2086 495 2130 Inter
514 2098 629 2145 quos
649 2083 739 2128 dux
758 2081 850 2144 ipse
877 2080 1052 2144 agnitus
1067 2115 1080 2135 ,
1103 2092 1422 2143 pugnatorum-

138 2173 230 2219 que
266 2157 387 2203 mole
427 2157 726 2204 circumdatus
750 2190 764 2212 ‚
799 2171 901 2200 cum
935 2151 1163 2213 Aiadalthe
1198 2151 1382 2196 tribuno
1409 2186 1422 2208 ‚

144 2229 391 2290 caloneque
428 2242 523 2272 uno
545 2262 558 2284 ‚
595 2226 699 2287 equi
741 2224 964 2290 celeritate
1010 2233 1187 2284 ereptus
1214 2221 1424 2268 abscessit.

141 2300 255 2349 Mihi
271 2337 286 2358 ,
302 2301 408 2346 dum
430 2300 557 2346 avius
578 2299 634 2345 ab
651 2299 809 2344 itinere
832 2295 1048 2343 comitum
1064 2331 1076 2352 ‚
1095 2295 1205 2358 quid
1227 2311 1425 2357 agerem,

144 2371 458 2435 circumspicio
476 2407 489 2429 ,
534 2370 843 2417 Verennianus
887 2367 1152 2416 domesticus
1194 2369 1424 2430 protesbr

143 2445 372 2504 occurrit,
397 2444 541 2490 femur
570 2444 721 2507 sagitta
753 2440 989 2489 confixus:
1010 2457 1141 2504 quam
1163 2441 1268 2486 dum
1297 2440 1424 2486 ave?-

138 2522 229 2568 lore
261 2517 510 2567 obtestante
543 2517 716 2582 collega
752 2532 941 2567 conarer
968 2550 982 2577 ,
1017 2514 1185 2565 cinstus
1223 2513 1423 2579 undique
