1626 2917
205 127 296 191 278
411 131 751 178 AMMIANI
800 133 1281 181 MARCELLINI

202 239 475 298 properabat
501 239 689 300 pastibus
709 238 820 285 citis.
847 241 1062 304 Dumque
1084 242 1198 288 idem
1220 259 1363 290 cornu
1383 241 1488 290 nul-

203 307 252 352 lo
297 310 522 355 etiamtum
562 311 885 358 interturbante
930 315 1218 366 extenditur,
1256 315 1490 362 horrendo

202 377 382 442 fragore
406 381 679 429 sibilantibus
709 385 841 430 armis
859 421 871 441 ‚
898 385 1116 450 pulsuque
1149 387 1310 435 minaci
1337 388 1490 435 scuto-

203 469 302 498 rum
346 454 484 500 territi
535 456 744 513 barbari,
785 459 1001 521 qnoniam
1044 475 1142 522 pars
1184 476 1340 506 eorum
1388 478 1490 508 cum

205 526 402 574 Alatheo
437 529 485 577 &
514 529 688 578 Safrace
724 532 884 595 procul
923 550 1055 597 agens
1078 567 1089 585 ‚
1123 534 1172 580 δέ
1205 534 1344 581 accita
1376 551 1492 581 non-

206 600 313 646 dum
347 617 562 659 venerat,
585 618 794 654 oraturos
823 623 974 668 pacem
1006 606 1160 654 misere
1192 607 1373 672 legatos.
1396 610 1493 654 Eo-

206 689 302 719 rum
349 675 452 721 dum
490 676 707 724 vilitatem
748 679 930 742 despicit
974 682 1254 743 Imperator,
1287 692 1335 727 ut
1369 679 1494 727 firma

206 748 368 796 fierent
387 750 647 813 paciscenda
671 790 680 803 ,
707 753 947 815 optimates
967 753 1155 816 poscens
1175 753 1367 800 idoneos
1389 754 1496 799 mit-

208 822 276 870 ti:
310 824 376 869 illi
405 825 458 871 de
489 825 700 873 industria
734 826 1052 874 cunctabantur
1073 862 1085 885 ‚
1109 840 1155 873 ut
1185 826 1300 872 inter
1322 825 1498 873 fallaces

210 897 407 947 indutias
437 903 610 964 equites
640 902 702 948 sui
729 902 953 961 redirent,
979 919 1094 966 quos
1124 901 1263 949 affore
1293 900 1376 962 jam
1400 900 1500 964 spe-

211 974 402 1022 rabant:
432 978 478 1023 &
513 976 638 1023 miles
673 976 856 1025 fervore
884 977 1122 1025 calefactus
1155 977 1310 1023 aestivo
1329 1011 1343 1034 ,
1374 975 1502 1022 siccis

212 1045 418 1096 faucibus
451 1064 775 1097 commarceret
804 1051 1031 1098 relucente
1061 1050 1352 1112 amplitudine
1383 1065 1502 1096 cam-

213 1138 379 1185 porum
412 1123 629 1171 incendiis
649 1159 663 1181 ‚
699 1141 813 1187 quos
844 1124 973 1187 lignis
1006 1124 1377 1187 nutrimentisque
1415 1124 1504 1169 ari-

215 1194 283 1240 dis
315 1194 524 1254 subditis,
561 1212 609 1243 ut
647 1198 735 1244 hoc
775 1196 897 1243 fieret
919 1233 931 1254 ‚
957 1197 1090 1243 iidem
1112 1197 1260 1244 hostes
1296 1196 1502 1244 urebant.

215 1269 305 1316 Cui
336 1271 456 1316 malo
491 1271 610 1317 aliud
642 1288 828 1335 quoque
863 1272 1102 1318 accedebat
1134 1271 1314 1318 exitiale
1334 1307 1347 1328 ,
1379 1270 1505 1333 quod

215 1342 424 1389 homines
452 1344 499 1390 &
530 1343 727 1404 jumenta
750 1343 975 1391 cruciabat
1007 1343 1155 1390 inedia
1190 1343 1353 1406 gravis·
1387 1345 1507 1390 Inter

219 1431 322 1478 quae
342 1417 631 1480 Fritigernus,
653 1417 838 1464 callidus
857 1416 994 1462 futuri
1019 1415 1267 1477 conjecffor,
1287 1417 1507 1463 Martem-

218 1504 308 1551 que
342 1489 657 1551 pertimescens
695 1489 936 1552 ancipitem
958 1526 971 1548 ,
1005 1489 1132 1536 velut
1165 1489 1509 1536 caduceatorem

219 1579 364 1610 unum
399 1581 421 1610 e
453 1563 580 1625 plebe
610 1564 687 1609 suo
723 1564 838 1609 misit
870 1563 1089 1621 arbitrio,
1124 1562 1342 1626 impetens
1379 1563 1509 1609 nobi-

220 1636 287 1684 les
332 1637 546 1700 quosdam
585 1639 633 1685 &
665 1637 829 1684 eleetos
871 1638 925 1684 ad
961 1637 1002 1684 se
1037 1637 1297 1699 propediem
1336 1638 1511 1686 obfides

221 1710 341 1758 mitti
360 1747 373 1768 ‚
392 1711 646 1773 impavidus
669 1712 760 1774 ipse
790 1712 883 1757 vim
914 1710 1150 1758 militarem
1173 1711 1338 1757 laturus
1357 1712 1406 1758 &
1429 1728 1509 1758 ne-

223 1783 418 1831 cess'aria.
446 1785 644 1833 Laudato
667 1784 949 1847 probatoque
975 1782 1203 1829 formidati
1233 1783 1378 1830 Ducis
1400 1799 1512 1846 pro-

226 1857 379 1920 posito
397 1893 411 1914 ‚
446 1858 651 1903 tribunus
687 1856 888 1919 Equitius
908 1891 920 1913 ‚
946 1855 1019 1902 cui
1049 1867 1158 1903 tunc
1187 1870 1279 1902 erat
1307 1872 1408 1902 cura
1437 1873 1513 1917 pa-

227 1929 321 1976 latii
354 1930 550 1987 credita,
588 1929 788 1975 Valentis
823 1928 1104 1991 propinquus
1127 1964 1140 1986 ,
1179 1927 1515 1975 assentientibus

230 2002 402 2050 cunetis
434 2002 497 2048 ire
530 2002 730 2066 pignoris
763 2001 870 2048 loco
905 2015 1073 2048 mature
1106 2000 1370 2063 disponitur.
1400 2002 1515 2060 Quo

230 2077 454 2124 renitente
471 2113 484 2135 ‚
508 2079 609 2140 quia
632 2076 763 2123 semel
790 2089 944 2138 captus
971 2076 1024 2121 ab
1045 2074 1243 2121 hostibus
1259 2073 1517 2137 ,lapsusque

233 2167 259 2197 a
289 2150 510 2206 Dibalto,
544 2150 784 2196 verebatur
803 2166 962 2196 eorum
983 2147 1310 2194 irrationabiles
1339 2161 1519 2206 motus,

233 2226 533 2274 Richomeres
564 2226 604 2272 se
633 2226 790 2288 sponte
816 2224 984 2271 obtulit
1012 2223 1191 2286 propria
1209 2238 1220 2266 ι
1238 2222 1391 2283 ireque
1413 2237 1518 2282 pro-

234 2300 413 2349 miserat
444 2299 613 2355 libens,
641 2299 876 2362 pulchrum
909 2299 1000 2344 hoc
1036 2311 1221 2360 quoque
1260 2293 1430 2341 facinus
1468 2295 1520 2342 δε

236 2373 341 2423 viro
369 2372 617 2423 convenire
647 2370 902 2421 existimans
936 2366 1274 2433 fortizjamque
1307 2365 1521 2432 pergebat
