1626 2917
219 166 308 200 110
420 150 753 199 AMMIANI
803 150 1278 197 MARCELLINI

215 258 294 306 ciae
318 255 415 303 sunt
441 255 649 318 quaesitae.
680 258 797 300 Inter
822 271 929 317 quas
950 255 1089 317 prima
1118 273 1174 302 ex
1196 256 1372 315 fronte,
1392 271 1492 320 quae

213 330 380 392 Illyriis
413 328 473 375 est
506 326 726 381 confinis,
755 327 947 374 Thracia
983 327 1160 389 speciali
1194 329 1379 376 nomine
1411 346 1492 395 ap-

213 404 434 468 pellatur:
460 418 595 463 quam
624 399 951 464 Philippopolis
979 400 1238 463 Eumolpias
1265 414 1394 448 vetus
1413 437 1426 458 ,
1443 402 1495 448 &

214 477 398 532 Beroea,
423 474 582 535 amplae
607 472 811 519 civitates
834 485 1071 520 exornant.
1097 473 1199 519 Post
1219 473 1332 521 hanc
1352 472 1495 520 AEmi-

214 559 398 596 montus
418 545 793 608 Hadrianopolim
810 545 968 603 habet,
987 563 1089 609 quae
1109 546 1338 593 dicebatur
1355 545 1496 593 Uscu-

215 621 341 668 dama
361 656 374 679 ‚
394 622 443 668 &
469 618 724 666 Anchialon
742 654 755 676 ,
788 618 994 666 civitates
1015 636 1206 683 magnas.
1234 620 1358 669 Dein
1385 622 1496 682 My-

217 695 301 752 sia,
320 695 398 740 ubi
427 692 785 755 Marcianopolis
807 691 897 751 est,
922 709 946 738 a
977 692 1131 739 sorore
1159 694 1343 755 Trajani
1374 695 1499 740 Prin·

219 768 332 831 cipis
362 767 420 812 ita
451 765 769 829 cognominata
790 800 803 823 ,
838 767 888 813 &
913 765 1197 812 Dorostorus
1216 802 1232 824 ,
1267 768 1317 814 &
1351 766 1499 813 Nico-

219 841 339 905 polis
358 876 371 898 ,
397 842 445 888 &
469 839 700 903 Odyffus:
731 837 945 901 juxtaque
974 839 1160 904 Scythia
1178 876 1194 897 ‚
1227 840 1272 886 in
1305 856 1393 903 qua
1423 856 1501 886 ce-

218 913 416 962 lebriora
442 912 542 960 sunt
569 912 664 959 aliis
695 912 862 975 oppida
882 912 1221 976 Dionysopolis
1237 949 1250 970 ,
1271 915 1319 961 &
1338 912 1504 968 Tomi,

221 990 272 1035 δε
299 984 479 1032 Calatis.
512 987 694 1046 Europa
721 983 924 1030 omnium
960 985 1113 1031 ultima
1132 1021 1144 1043 ‚
1164 998 1323 1048 praeter
1354 984 1504 1030 muni-

220 1059 341 1122 cipia
379 1057 562 1104 urbibus
601 1057 712 1102 nitet
760 1057 928 1103 duabus
951 1093 964 1112 ‚
1004 1058 1135 1119 Apris
1169 1060 1218 1105 &
1255 1057 1465 1104 Perintho
1488 1092 1503 1114 ,

220 1148 355 1195 quam
376 1128 632 1176 Heracleam
659 1128 889 1190 posteritas
913 1128 1040 1175 dixit.
1062 1129 1287 1191 Rhodopa
1307 1129 1411 1177 huic
1433 1146 1508 1175 an·

221 1221 339 1252 nexa
374 1201 803 1263 Maximianopolim
837 1201 1002 1259 habet,
1042 1203 1091 1248 &
1126 1203 1386 1248 Maroneam
1410 1238 1423 1260 ,
1458 1204 1507 1249 ὃ(

223 1280 388 1326 AEnum
410 1313 423 1333 ,
448 1293 538 1339 qua
566 1275 750 1322 condita
784 1276 833 1321 &
861 1275 1016 1341 relifta·
1036 1276 1195 1321 AEneas
1230 1275 1395 1322 Italiam
1423 1293 1506 1321 au-

225 1351 468 1415 spiciorum
491 1348 787 1412 prosperitate
815 1361 1026 1411 perpetua
1047 1348 1146 1412 post
1167 1349 1403 1396 diuturnos
1425 1365 1508 1397 oc-

227 1424 415 1487 cupavit
444 1438 633 1469 errores.
665 1420 853 1468 Constat
886 1434 1062 1480 autem,
1081 1437 1130 1467 ut
1159 1422 1401 1485 vulgavere
1434 1439 1510 1467 ru-

227 1514 378 1546 mores
403 1495 553 1543 affidui
574 1531 588 1554 ,
619 1512 776 1541 omnes
809 1512 936 1558 paene
965 1495 1150 1558 agrestes
1171 1531 1184 1549 ,
1216 1494 1294 1558 qui
1324 1512 1402 1557 per
1438 1510 1511 1540 re-

228 1571 386 1634 giones
416 1568 646 1632 praedi&as
680 1567 908 1614 montium
945 1566 1279 1620 circumcolunt
1314 1566 1511 1613 altitudi-

230 1659 336 1698 nes,
366 1640 614 1688 salubritate
647 1640 813 1686 virium
833 1642 880 1688 &
901 1639 1201 1703 praerogativa
1227 1640 1417 1702 quadam
1440 1638 1512 1687 vi·-

231 1727 290 1762 1ae
327 1713 504 1777 longius
544 1712 845 1776 propagandae
887 1728 971 1758 nos
1010 1712 1208 1759 anteire:
1241 1711 1376 1775 idque
1408 1711 1513 1758 inde

231 1787 496 1849 contingere
529 1784 832 1843 arbitrantur,
855 1785 979 1847 quod
1009 1785 1277 1831 colluvione
1307 1785 1514 1831 ciborum

234 1860 454 1908 abstinent
487 1859 640 1906 calidis
660 1894 676 1916 ,
710 1859 758 1905 δι
785 1859 970 1920 perenni
993 1858 1216 1904 viriditate
1236 1856 1347 1904 roris
1368 1856 1515 1919 asper-

235 1934 409 1998 ginibus
431 1932 586 1996 gelidis
610 1948 803 1994 corpora
833 1931 1164 1994 constringente
1185 1967 1197 1986 ,
1220 1947 1335 1977 aurae
1359 1930 1516 1990 purio-

234 2009 295 2056 ris
324 2008 559 2055 dulcedine
589 2009 853 2070 potiuntur,
872 2006 1106 2070 radiosque
1137 2006 1239 2052 solis
1262 2004 1412 2067 suapte
1436 2021 1516 2050 na-

237 2094 333 2128 tura
364 2081 523 2126 vitales
552 2079 685 2143 primi
712 2080 915 2126 omnium
947 2079 1173 2135 sentiunt,
1207 2076 1341 2123 nullis
1373 2077 1517 2124 adhuc

235 2154 419 2202 maculis
450 2171 599 2200 rerum
627 2153 922 2199 humanarum
958 2152 1159 2198 infestos.
1188 2152 1268 2198 His
1302 2151 1363 2198 ita
1391 2151 1517 2214 dige-

236 2227 334 2285 stis,
365 2228 519 2289 pedem
551 2226 793 2274 referamus
819 2227 872 2272 ad
907 2237 1123 2287 coeptum.

303 2303 357 2346 V,
394 2299 623 2361 Procopio
656 2298 860 2361 superato
893 2298 936 2344 in
967 2295 1161 2360 Phrygia
1181 2332 1194 2354 ,
1224 2295 1518 2342 internarum·

237 2389 324 2436 que
356 2371 668 2417 dissensionum
708 2371 889 2417 materia
924 2368 1189 2430 consopita,
1229 2368 1386 2414 Vicstor
1422 2383 1518 2414 ma-

240 2444 370 2508 gissei·
397 2443 596 2507 equitum
630 2444 683 2491 ad
720 2443 904 2491 Gothos
938 2442 999 2490 est
1030 2441 1178 2488 missus
1200 2476 1214 2501 ,
1253 2439 1519 2505 cogniturus
