1626 2917
315 132 535 180 RERUM
572 133 911 180 GESTARUM
946 134 1048 180 ΜΒ.
1081 114 1275 181 X'xvu.
1349 150 1435 196 117

156 237 352 286 Orfitum
389 256 444 286 ex
478 239 686 302 praefecto
718 240 837 287 urbis
869 241 1058 286 solutum
1090 240 1271 297 exsilio,
1296 240 1438 302 patrie·

153 310 299 359 monii
329 313 623 376 redintegrata
658 313 852 373 jactura,
888 314 1054 359 remitti
1087 313 1193 360 fecit
1228 314 1272 359 in
1306 315 1435 361 lares.

153 386 211 429 Et
245 395 515 447 quamquam
548 385 885 431 Valentinianus
920 386 1061 431 homo
1096 385 1328 447 propalam
1367 384 1438 431 fe·

151 472 227 502 rus
244 491 257 514 ‚
280 456 396 503 inter
429 457 712 519 imperitandi
734 457 918 503 exordia
935 493 948 513 ,
980 469 1026 503 ut
1052 457 1294 518 asperitatis
1329 457 1435 519 opi-

131 528 335 576 *nione‘m
367 531 594 587 molliret,
620 529 808 593 impetus
839 544 983 576 truces
1011 530 1199 576 retinere
1221 546 1436 576 nonnun-

149 603 284 665 quam
313 604 357 650 in
386 604 602 666 potestate
632 604 770 651 animi
804 603 1054 649 nitebatur:
1081 603 1255 665 serpens
1285 619 1435 652 tamen

151 675 319 723 vitium
341 679 388 725 &
421 678 602 724 dilatum
635 678 938 742 aliquamdiu,
964 677 1170 724 licentius
1199 677 1342 739 erupit
1380 676 1435 722 ad

149 750 393 812 perniciem
415 751 711 813 plurimorum
733 770 744 798 :
765 753 888 815 quod
910 752 1031 798 auxit
1059 752 1118 798 ira
1140 751 1339 798 acerbius
1365 749 1435 796 ef-

147 819 417 868 fervescens.
447 823 575 869 Hanc
596 823 714 868 enim
734 823 857 869 ulcus
879 822 961 868 effe
984 822 1118 869 animi
1138 822 1397 867 diuturnum
1418 856 1434 878 ,

148 895 463 959 interdumque
482 910 743 959 perpetuum
757 932 771 954 ,
787 897 1022 959 prudentes
1044 895 1262 942 definiunt
1279 931 1291 952 ,
1314 893 1434 941 nasci

148 987 205 1017 ex
237 972 398 1018 mentis
425 972 619 1019 mollitia
648 971 911 1018 consuetum
935 972 1008 1017 :id
1040 971 1274 1016 afferentes
1302 985 1433 1032 argu·-

147 1057 304 1090 mento
323 1044 567 1107 probabili,
598 1045 722 1107 quod
742 1044 1047 1090 iracundiores
1067 1044 1162 1089 sunt
1185 1042 1435 1089 incolumi⁴

147 1116 230 1162 bus
252 1116 476 1179 languidi,
499 1118 548 1163 δε
567 1115 744 1162 feminae
772 1116 964 1162 maribus
982 1152 995 1173 ‚
1016 1117 1064 1162 &
1092 1115 1334 1175 juvenibus
1369 1114 1434 1160 se-

146 1205 251 1246 nes,
271 1191 320 1238 &
345 1189 547 1237 felicibus
578 1188 830 1237 aerumnosi.
869 1190 1065 1236 Eminuit
1096 1203 1243 1236 tamen
1272 1206 1351 1251 per
1385 1188 1432 1235 id

147 1275 325 1325 tempus
356 1264 471 1310 inter
499 1264 604 1310 alias
640 1264 875 1310 humilium
904 1279 1061 1319 neces,
1095 1279 1217 1309 mors
1247 1262 1432 1309 Dioclis
1483 1298 1493 1304 f

147 1351 202 1382 ex
240 1336 408 1383 comite
444 1338 729 1400 largitionum
772 1336 970 1400 lllyrici,
1003 1353 1134 1398 quem
1176 1335 1237 1381 ob
1273 1335 1431 1381 delleta

146 1408 265 1456 levia
286 1409 473 1456 flammis
492 1409 608 1471 juffit
629 1409 755 1455 exuri
778 1427 787 1455 ε
810 1412 858 1455 &
890 1410 1091 1456 Diodori
1118 1425 1173 1455 ex
1206 1421 1362 1471 agente
1382 1409 1429 1460 in

146 1482 278 1527 rebus
296 1517 308 1539 ,
328 1481 551 1543 triumque
569 1481 876 1542 apparitorum
902 1480 1128 1543 potestatis
1153 1480 1332 1526 vicariae
1351 1496 1429 1541 petr

146 1554 315 1599 ltaliam
331 1589 345 1611 ,
364 1553 425 1599 ob
444 1553 489 1598 id
510 1567 769 1601 necatorum
792 1554 1021 1608 atrociter,
1042 1554 1167 1616 quod
1185 1553 1301 1615 apud
1324 1570 1428 1599 eum

145 1626 322 1688 questus
352 1626 414 1673 est
445 1643 620 1685 comes,
643 1628 903 1674 Diodorum
939 1628 1117 1691 quidem
1150 1626 1358 1673 adversus
1385 1626 1428 1673 se

146 1699 343 1760 ciyiliter
376 1701 628 1763 implorasse
657 1701 764 1762 juris
788 1701 1001 1747 auxilium
1020 1736 1033 1759 ‚
1064 1700 1278 1747 officiales
1313 1715 1429 1746 vero

144 1771 260 1836 juffu
293 1773 455 1836 judicis
483 1775 612 1823 ausos
648 1792 833 1822 monere
860 1774 1245 1838 proficiscentem,
1273 1787 1322 1821 ut
1352 1791 1427 1822 re-

147 1846 386 1908 sponderet
412 1865 467 1895 ex
497 1849 605 1913 Iege.
641 1850 849 1909 Quorum
885 1848 1147 1896 memoriam
1179 1848 1296 1910 apud
1328 1850 1427 1896 Me·-

145 1920 373 1969 diolanum
409 1922 608 1970 colentes
646 1939 765 1969 nunc
793 1922 927 1985 usque
954 1922 1219 1980 Christiani,
1239 1923 1424 1984 locum,

147 1994 226 2040 ubi
249 1994 402 2058 sep-ulti
432 1996 551 2053 sunt,
572 2000 652 2043 Ad
668 2000 899 2043 innocentes
920 1996 1156 2058 appellant.
1181 1996 1299 2042 Dein
1322 2013 1427 2043 cum

148 2065 192 2111 in
227 2064 412 2130 negotio
444 2068 660 2114 Maxentii
687 2067 909 2130 cujusdam
941 2067 1187 2117 Pannonii,
1209 2069 1270 2114 ob
1300 2068 1427 2115 exse-

149 2140 377 2188 cutionem
402 2159 425 2188 a
444 2141 590 2202 judice
609 2143 723 2188 reete
745 2143 951 2189 maturari
974 2155 1263 2205 praeceptam,
1286 2143 1426 2189 trium

148 2212 422 2273 oppidorum
463 2215 646 2271 ordines
676 2215 852 2261 mactari
888 2213 1089 2275 justitiet,
1122 2215 1426 2277 interpellavit

149 2285 396 2345 Eupraxius
422 2300 528 2333 tunc
547 2287 770 2349 quaest0r3
790 2289 838 2334 &
853 2323 865 2344 ‚
879 2281 1048 2349 parcius
1061 2324 1073 2345 ‚
1094 2287 1239 2350 inquit
1255 2324 1269 2346 ‚
1289 2292 1427 2350 agito,

141 2358 320 2421 piiffi'me
339 2361 577 2421 Principum
602 2379 611 2407 τ
640 2365 713 2407 lzos
742 2365 847 2406 enim
872 2397 884 2419 ,
901 2381 1002 2423 quos
1023 2365 1193 2422 interfici
1226 2379 1428 2423 tanquam

147 2432 302 2480 noxios
326 2431 468 2492 jubes,
497 2451 544 2480 ut
562 2451 793 2496 martyras,
811 2437 859 2481 id
882 2436 956 2501 est,
978 2438 1195 2482 divinitati
1217 2451 1397 2496 acceptos
1405 2471 1427 2494 2

1054 2510 1156 2573 H}
