1626 2917
274 83 494 130 RERUM
529 65 868 129 GESTARUM
904 84 1005 129 ΜΒ.
1040 84 1215 131 xxiv.
1325 104 1375 150 13

96 187 274 251 evagari
300 187 434 234 fufius
474 188 780 251 permiserunt.
810 190 960 251 Itaque
994 188 1134 236 humo
1167 189 1253 235 late
1294 188 1378 236 sta-

95 273 291 324 gnante,
324 261 465 308 altero
498 262 568 308 die
603 261 736 308 militi
774 263 927 325 requie
963 263 1062 310 data
1088 299 1101 320 ‚
1133 266 1380 326 Imperator

95 335 187 398 ipse
206 336 460 400 praegreffus
477 372 489 394 ,
510 335 743 383 constratis
762 336 1007 398 ponticulis
1024 337 1174 384 multis
1193 354 1247 385 ex
1264 337 1378 383 utri-

92 409 199 466 bus,
222 411 271 456 &
293 409 508 457 coriaceis
530 411 720 457 navibus
737 447 751 467 ,
774 410 1019 474 itidemque
1041 411 1257 458 consectis
1278 412 1378 473 pal-

92 500 264 530 marum
302 483 535 542 trabibus,
570 483 817 530 exercitum
851 500 945 530 non
981 484 1071 531 fine
1114 484 1378 532 difficultate

92 556 306 603 traduxit.
340 559 388 603 In
421 556 487 604 his
515 556 771 620 regionibus
798 557 889 620 agri
915 556 1017 604 sunt
1039 557 1187 620 plures
1216 558 1378 604 consiti

94 630 240 678 vineis
256 667 270 688 ‚
285 631 504 693 varioque
525 648 768 693 pomorum
788 649 947 695 genere
965 650 976 678 :
1010 633 1088 679 ubi
1114 632 1224 678 oriri
1241 633 1378 678 arbo-

93 718 163 748 res
200 703 375 749 affuetae
418 703 664 766 palmarum
688 739 701 759 ‚
729 721 810 766 per
841 704 977 766 spatia
1006 704 1150 766 ampla
1183 704 1376 767 adusque

93 774 318 833 Mesenem
348 777 397 823 &
420 793 540 822 mare
562 777 786 839 pertinent
808 793 1016 838 magnum
1039 813 1051 833 ‚
1075 776 1208 822 instar
1227 776 1379 840 ingen-

92 849 205 896 tium
229 866 479 897 nemorum.
501 853 556 897 Et
575 868 754 914 quaqua
772 850 994 897 incesserit
1013 850 1243 913 quisquam
1264 885 1276 906 ,
1296 862 1379 896 ter-

93 923 223 968 mites
253 925 304 970 &
333 923 505 986 spadica
536 924 679 971 cernit
712 923 905 980 affidua,
935 940 1130 986 quorum
1151 940 1206 970 ex
1232 922 1377 970 fruciu

92 995 237 1043 mellis
269 999 317 1045 &
355 997 455 1043 vini
487 996 730 1044 conficitur
760 997 1062 1044 abundantia:
1090 998 1140 1044 &
1180 998 1377 1043 maritari

90 1069 252 1132 palmae
283 1069 386 1132 ipsae
417 1070 627 1117 dicuntur
648 1106 660 1129 ,
680 1070 899 1133 facileque
925 1070 1052 1116 sexus
1074 1069 1196 1132 poffe
1216 1070 1378 1117 discer-

91 1141 154 1188 ni.
176 1142 368 1189 Additur
391 1143 523 1190 etiam
541 1180 553 1201 ‚
575 1161 784 1207 generare
814 1144 998 1191 feminas
1026 1144 1265 1190 seminibus
1286 1144 1378 1189 illi-

90 1227 157 1260 tas
179 1215 391 1274 marium,
412 1216 671 1278 feruntque,
692 1233 763 1263 eas
790 1232 943 1262 amore
962 1227 1123 1261 mutuo
1145 1215 1345 1261 delectari
1364 1233 1377 1261 ε

91 1285 271 1349 hocque
302 1287 407 1334 inde
434 1289 600 1335 clarere
621 1324 635 1345 ‚
658 1290 783 1351 quod
811 1300 971 1335 contra
995 1288 1036 1333 se
1074 1287 1265 1333 viciffim
1292 1305 1380 1333 nu-

91 1371 236 1407 tantes
254 1395 270 1418 ,
303 1377 359 1406 ne
387 1360 574 1423 turgidis
604 1361 785 1422 quidem
812 1360 990 1406 flatibus
1025 1371 1304 1405 avertuntur.
1324 1363 1380 1407 Et

91 1431 124 1477 fi
152 1449 208 1477 ex
240 1449 369 1479 more
397 1432 562 1479 femina
597 1433 731 1479 maris
754 1449 851 1478 non
885 1432 995 1478 illita
1027 1431 1160 1478 fuerit
1182 1431 1345 1478 semine
1363 1467 1377 1488 ,

92 1506 275 1552 abortus
301 1506 418 1553 vitio
439 1505 577 1552 foetus
599 1505 760 1551 emittit
784 1503 1139 1565 intempestivos.
1161 1506 1216 1550 Et
1236 1505 1266 1550 fi
1288 1522 1379 1567 qua

92 1576 258 1625 femina
286 1579 410 1641 cujus
429 1578 602 1625 arboris
639 1593 793 1624 amore
821 1575 1021 1638 perculsa
1045 1575 1095 1622 fit
1117 1576 1377 1639 ignoretur,

90 1661 326 1712 unguento
353 1649 486 1712 ipsius
510 1647 709 1694 inficitur
729 1660 913 1693 truncus
928 1682 942 1703 ,
971 1650 1019 1694 &
1042 1647 1177 1693 arbor
1194 1647 1276 1694 alia
1296 1666 1379 1695 na-

91 1721 292 1783 turaliter
319 1722 475 1768 odoris
500 1720 784 1768 dulcedinem
809 1718 1043 1781 concipit:
1078 1719 1231 1781 hisque
1261 1720 1378 1767 indi-

93 1794 173 1842 ciis
193 1831 206 1852 ,
239 1795 364 1841 velut
396 1794 592 1842 coeundi
627 1794 829 1856 quaedam
867 1792 1071 1855 proditur
1117 1790 1237 1840 fides.
1270 1793 1377 1852 Qua

93 1868 185 1915 cibi
217 1869 348 1931 copia
379 1868 497 1915 satur
526 1867 747 1914 exercitus
762 1903 778 1924 ,
802 1866 949 1929 plures
973 1865 1299 1928 praetergressus
1316 1867 1379 1913 est

93 1942 281 1991 insulas:
300 1946 350 1992 &
370 1945 447 1991 ubi
471 1944 793 1991 formidabatur
816 1943 970 2006 inopia
987 1980 999 2001 ,
1021 1943 1081 1989 ibi
1102 1943 1240 1990 timor
1261 1942 1375 2007 sagi-

92 2032 164 2060 nae
182 2017 331 2079 gravis
353 2017 535 2065 inceffit.
567 2016 906 2080 Sagittariorum
932 2014 1124 2078 denique
1141 2013 1372 2060 hostilium

94 2087 266 2151 impetu
293 2091 447 2138 latenti
472 2103 663 2138 tentatus
680 2127 695 2146 ,
726 2104 872 2151 neque
904 2087 1071 2133 inultus
1089 2124 1101 2144 ‚
1133 2104 1275 2150 prope
1302 2089 1376 2134 lo·-

96 2177 201 2208 cum
232 2163 357 2210 venit
376 2199 389 2221 ,
410 2164 489 2211 ubi
517 2180 616 2226 pars
639 2161 784 2223 major
808 2161 1047 2222 Euphratis
1066 2161 1112 2206 in
1143 2160 1270 2208 rivos
1303 2160 1375 2209 dis

95 2233 267 2281 viditur
312 2234 572 2284 multifidos.

160 2307 237 2352 lV.
262 2308 309 2350 ln
339 2307 428 2354 hoc
455 2308 597 2354 tractu
632 2305 792 2353 civitas
812 2341 826 2364 ,
844 2305 905 2352 ob
928 2322 1080 2352 muros
1100 2304 1285 2351 humiles
1317 2304 1372 2350 ab

94 2378 259 2427 incolis
276 2379 433 2427 Judaeis
448 2379 639 2437 deserta,
661 2379 879 2426 iratorum
896 2395 1031 2426 manu
1051 2374 1242 2425 rnilitum
1262 2392 1372 2433 conf
