1626 2917
216 163 310 225 ἠε
429 159 755 208 ΑΜΜῙΑΝι
792 160 1270 210 MARCELmNr

213 268 417 315 moribus
437 303 450 324 ‚
479 267 649 314 famulo
669 267 907 313 tradiderat
927 303 940 325 ,
961 268 1106 330 digitis
1124 281 1171 315 ut
1194 268 1366 316 metatis
1385 267 1502 318 abita·

214 342 463 389 Enimvero
491 340 522 387 fi
547 340 647 403 quis
677 357 701 387 e
720 340 876 387 militia
908 341 1124 403 Principis
1146 358 1296 390 recens
1326 341 1498 405 digres-

214 416 286 463 sus
306 416 462 463 abierit
490 415 537 462 in
566 415 702 462 larem
722 451 737 473 ,
758 426 833 462 aut
860 415 1152 478 provectibus
1171 452 1185 474 ,
1205 417 1280 462 tali
1307 417 1496 479 praesen-

214 500 259 536 te
279 523 350 537 .....
370 489 458 536 irio
480 524 551 537 .....
570 489 674 536 lenu
703 488 862 551 praesul
891 488 1196 536 existimatur:
1215 489 1349 536 ceteri
1380 488 1496 536 taci-

215 562 337 608 turni
381 561 567 609 audiunt
600 561 712 608 dicta
748 597 820 609 .....
850 560 969 609 solus
1003 560 1316 623 paterfamilias
1354 563 1496 609 teitus

214 649 399 680 narrans
419 633 584 691 aliena,
601 634 652 681 &
672 632 889 695 placentia
911 631 1129 691 referens,
1152 635 1202 680 &
1221 633 1328 680 utile
1352 633 1496 696 plera-

213 720 301 768 que
333 704 546 753 fallendo.
577 705 773 765 Quidam
795 722 851 753 ex
870 705 923 753 iis
940 741 953 763 ‚
976 705 1082 753 licet
1111 706 1225 764 rari,
1247 705 1495 753 aleatorum

211 779 492 827 vocabulum
522 779 791 826 declinantes
810 815 825 838 ,
847 779 1042 844 ideoque
1075 779 1118 826 se
1150 780 1379 842 cupientes
1413 796 1495 842 ap-

212 852 366 916 pellari
389 852 635 900 tefferarios
659 870 671 899 :
692 853 807 900 inter
832 869 946 917 quos
964 865 1137 901 tantum
1159 853 1301 900 differt
1317 890 1331 910 ,
1355 870 1495 917 quan·

211 925 453 972 tumfinter
484 925 603 972 fures
627 927 677 972 &
708 925 917 972 latrones.
951 927 1054 974 Hoc
1086 939 1236 973 tamen
1265 925 1499 973 fatendum

211 998 276 1046 est
297 1034 311 1057 ,
335 999 460 1063 quod
484 1016 587 1046 cum
618 1014 777 1045 omnes
812 997 1017 1046 amicitiae
1041 999 1200 1046 Romae
1234 999 1459 1062 tepescant
1478 1033 1495 1057 ,

216 1072 392 1120 aleariae
421 1071 527 1118 solae
553 1107 567 1128 ,
599 1070 722 1134 quali
756 1071 962 1134 gloriosis
1000 1073 1193 1135 quaesitae
1225 1071 1459 1118 sudoribus
1478 1107 1495 1130 ‚

211 1144 396 1193 sociales
422 1143 550 1202 sunt,
579 1144 630 1190 &
652 1142 810 1190 affectu
838 1143 982 1190 nimio
1001 1142 1210 1191 firmitate
1232 1145 1361 1207 plena
1381 1162 1496 1192 con-

213 1234 375 1265 nexae:
404 1217 522 1264 unde
549 1215 729 1279 quidam
771 1233 828 1262 ex
866 1216 934 1264 his
963 1218 1167 1282 gregibus
1194 1218 1494 1265 inveniuntur

210 1291 274 1338 ita
303 1290 580 1346 concordes,
605 1301 653 1335 ut
682 1289 933 1349 Quintilios
961 1291 1047 1336 effe
1068 1291 1289 1338 existimes
1318 1291 1487 1342 fratres,

211 1364 412 1427 Ideoque
430 1362 585 1409 videre
606 1360 712 1408 licet
732 1361 1005 1424 ignobilem,
1027 1362 1131 1409 artis
1153 1363 1382 1410 tefferariae
1406 1364 1496 1411 cal-

212 1435 380 1483 lentem
408 1451 598 1493 arcana,
624 1449 674 1481 ut
703 1434 925 1481 Catonem
946 1435 1156 1481 Porcium
1192 1435 1253 1481 ob
1279 1436 1502 1498 repulsam-

212 1520 417 1573 praeturae
442 1524 526 1555 nec
558 1507 794 1570 suspectam
826 1523 952 1555 antea
983 1525 1066 1556 nec
1095 1508 1308 1570 speratam
1328 1545 1342 1566 ‚
1372 1508 1495 1556 ince-

210 1582 318 1629 dere
349 1581 569 1646 gravitate
605 1582 855 1644 composita
884 1581 1164 1628 moestiorem
1185 1617 1199 1637 ,
1223 1581 1348 1643 quod
1376 1581 1415 1627 ei
1446 1581 1500 1629 in

213 1653 385 1716 majore
417 1653 646 1701 convivio
679 1653 755 1700 vel
785 1653 987 1701 conseffu
1026 1652 1359 1715 proconsularis
1390 1652 1496 1715 qui-

211 1728 312 1775 dam
335 1726 397 1774 est
423 1727 655 1775 antelatus.
684 1727 915 1774 Subfident
937 1725 1076 1791 aliqui
1104 1725 1316 1789 copiosos
1348 1725 1496 1772 homi·

211 1817 322 1860 ne5‚
357 1799 479 1847 senes
519 1814 597 1848 aut
632 1799 852 1862 juvenes,
884 1800 1024 1847 orbos
1058 1800 1134 1846 vel
1170 1799 1344 1846 caelibes
1370 1833 1383 1855 ,
1418 1810 1494 1845 aut

211 1873 346 1921 etiam
367 1890 530 1921 uxores
547 1872 761 1921 habentes
779 1874 830 1920 &
850 1872 1016 1919 liberos
1028 1908 1040 1930 ‚
1065 1870 1183 1937 (nec
1199 1870 1315 1917 enirn
1339 1870 1384 1917 in
1404 1870 1495 1919 hoc

210 1946 345 1995 titulo
378 1946 612 1995 discrimen
640 1946 823 2010 aliquod
854 1943 1159 2009 observatur)
1191 1944 1244 1991 ad
1277 1945 1493 1990 volunta-

212 2029 279 2067 tes
308 2019 565 2067 condendas
596 2018 842 2066 allicientes
865 2034 947 2066 eos
971 2016 1198 2080 praestigiis
1228 2015 1382 2062 miris:
1413 2014 1494 2079 qui

213 2109 317 2140 cum
335 2092 553 2155 supremis
575 2090 752 2154 judiciis
772 2091 988 2138 ordinatis
1002 2126 1017 2151 ,
1036 2107 1135 2155 quae
1152 2089 1400 2146 habebant,
1420 2105 1493 2135 re-

212 2164 428 2227 liquerint
456 2164 542 2223 iis,
573 2164 733 2228 quibus
766 2180 940 2211 morem
970 2163 1167 2228 gerendo
1202 2162 1344 2208 testati
1366 2161 1494 2219 sunt,

212 2236 338 2284 illico
372 2248 594 2299 pereunt,
630 2248 678 2282 ut
720 2236 765 2282 id
805 2236 982 2299 impleri
1020 2234 1137 2281 sorte
1171 2233 1366 2280 fatorum
1403 2249 1491 2295 op-

211 2308 446 2372 periente,
475 2325 558 2357 nec
591 2320 753 2372 puteos
773 2344 789 2366 ,
818 2325 902 2356 nec
940 2306 1060 2355 facili
1094 2306 1237 2369 potest
1271 2305 1504 2369 aegritudo-

209 2379 440 2427 testament
560 2380 779 2428 comitatu
802 2380 862 2428 est
883 2379 951 2426 his
976 2377 1220 2442 quisquam.
1240 2379 1365 2426 Alius
1386 2393 1492 2425 cum

210 2452 427 2518 dignitate
455 2451 560 2502 licet
595 2452 842 2515 mediocri,
869 2451 1047 2502 cervice
1067 2450 1235 2498 tumida
1257 2449 1497 2515 gradiens*
