1626 2917
377 173 596 221 RERUM
635 175 972 223 GESTARUM
1009 177 1111 225 Lm,
1145 179 1269 226 xiv„
1408 194 1459 241 υς

185 277 281 325 latii
305 277 370 324 tui
387 278 547 325 auferri
571 278 736 340 jubebo
756 281 1017 344 propediem
1034 298 1253 329 annonas.
1273 283 1469 346 Hocque

188 354 288 401 solo
312 355 641 403 contumaciter
661 356 781 402 disto
803 392 816 413 ,
835 356 1054 403 subiratus
1075 354 1272 403 absceffit
1286 391 1299 412 ‚
1319 372 1402 402 nec
1420 355 1469 403 in

188 426 475 490 conspecium
492 426 586 489 ejus
605 426 753 490 postea
770 427 896 474 venit
914 426 1070 489 saepius
1087 426 1329 474 arcessitus.
1358 427 1468 475 hinc

190 499 268 546 ille
301 511 560 547 commotus
587 535 601 557 ‚
636 513 685 546 ut
712 498 868 559 injusta
905 499 1130 562 perferens
1166 501 1215 546 &
1251 498 1433 562 indigna
1456 535 1472 557 ,

189 571 385 634 praefeffl
414 571 662 619 custodiam
681 572 1018 633 pr·ote&oribus
1038 571 1330 618 mandaverat
1358 570 1473 618 fidis.

191 645 304 703 Quo
325 657 564 707 comperto
579 679 592 702 ‚
613 642 817 690 Montius
841 654 950 690 tnnc
968 643 1190 707 quaestor,
1209 642 1335 690 vafer
1365 644 1474 706 qui-¹

191 717 291 762 dem
311 751 324 774 ‚
354 717 427 763 sed
464 719 520 764 ad
552 717 780 764 lenitatem
819 716 1088 779 propensior
1107 751 1121 774 ‚
1155 711 1393 763 consulens
1424 716 1473 762 in

193 803 441 833 commune
460 822 474 846 ‚
497 786 744 833 advocatos
781 787 1073 849 palatinarum
1094 787 1266 849 primos
1298 786 1476 834 schola-

198 875 296 904 rum
318 858 542 905 allocutus
563 858 624 904 est
641 857 825 904 mollius
840 892 854 914 ‚
878 858 1048 904 docens
1065 893 1077 914 ‚
1099 874 1182 904 nec
1202 858 1358 905 decere
1378 860 1478 907 haec

197 927 294 975 fieri
310 965 325 983 ‚
343 947 426 977 nec
449 930 651 992 prodesse
676 947 686 975 :
709 929 960 992 addensque
992 929 1123 976 vocis
1160 929 1476 993 objurgatorio

191 1004 308 1050 sono
325 1039 338 1060 ‚
360 1003 487 1066 quod
508 1003 538 1048 fi
569 1002 613 1048 id
645 1002 842 1063 placeret
859 1038 874 1061 ‚
909 1003 1011 1065 post
1031 1002 1476 1051 statuffasffCOnstantii

194 1076 411 1138 dejeclas,
438 1076 568 1138 super
593 1075 825 1122 adimenda
854 1076 950 1122 vita
985 1075 1198 1138 praefefflo
1221 1075 1470 1123 conveniet

195 1149 390 1198 securius
416 1150 622 1214 cogitari.
656 1150 735 1196 His
765 1149 960 1213 cognitis
979 1185 992 1208 ‚
1014 1149 1201 1204 Gallus,
1229 1160 1278 1195 ut
1301 1147 1479 1212 serpens

195 1222 418 1287 appetitus
449 1223 542 1269 telo
562 1222 634 1269 vel
658 1222 764 1269 saxo
780 1258 794 1281 ‚
817 1221 997 1285 jamque
1027 1221 1122 1284 spes
1148 1236 1369 1268 extremas
1388 1236 1478 1283 op-

193 1296 402 1359 periens,
434 1297 485 1343 &
518 1295 776 1341 succurrens
810 1294 938 1341 saluti
970 1294 1058 1340 suae
1086 1293 1243 1356 qnavis
1264 1292 1442 1340 ratione
1460 1330 1477 1352 ‚

198 1369 355 1432 colligi
388 1384 547 1414 omnes
582 1366 698 1428 justit
726 1379 948 1414 armatos:
969 1368 1019 1414 &
1040 1384 1142 1415 cum
1172 1366 1336 1413 starent
1357 1379 1480 1414 atto-

199 1441 307 1498 niti,
334 1439 525 1487 distri&
547 1439 744 1485 dentium
767 1438 862 1485 acie
883 1438 1092 1498 stridens,
1113 1441 1282 1506 Adeste,
1306 1438 1479 1503 inquit,

199 1515 284 1561 viri
293 1513 428 1573 fortes
446 1513 552 1558 milzi
566 1516 822 1574 periclitanti
854 1515 1080 1575 vobiscum.
1103 1518 1302 1560 Montius
1320 1530 1396 1559 nos
1416 1530 1483 1559 tu-

199 1605 308 1633 more
326 1586 526 1651 inusitato
546 1588 726 1646 quodam
748 1584 790 1631 G*
809 1605 917 1632 novo
938 1621 952 1643 ‚
972 1603 1019 1632 ut
1036 1590 1195 1633 rebelles
1214 1584 1256 1633 ὃ·
1276 1586 1484 1654 majestati

200 1661 497 1704 recalcitrantes
513 1661 643 1719 Augu
676 1676 707 1703 ιε
729 1692 743 1716 ,
752 1677 829 1719 per
856 1661 937 1705 kaec
952 1694 966 1718 ‚
991 1678 1076 1720 quse
1087 1660 1226 1724 strepit
1245 1694 1259 1717 ,
1278 1660 1443 1720 incusat
1463 1677 1480 1705 .·

199 1735 332 1778 iratus
350 1735 549 1799 nimirum
568 1767 580 1789 ‚
602 1735 714 1793 quod
728 1749 1006 1786 contumacem
1021 1733 1255 1795 praefic‘lum
1267 1768 1281 1791 ‚
1300 1736 1404 1795 quid
1421 1752 1482 1780 re-

201 1824 291 1852 rum
313 1809 415 1852 ordo
432 1807 615 1872 postulat
633 1842 646 1863 ‚
669 1810 858 1868 ignorare
880 1807 1195 1869 dffrnulantem
1217 1842 1232 1864 ,
1241 1806 1481 1865 formidine

201 1892 321 1923 tenus
339 1877 528 1942 jufferim
550 1880 754 1943 custodiri.
784 1877 908 1924 Nihil
928 1878 1091 1925 morati
1107 1877 1210 1941 post
1239 1878 1335 1925 haec
1361 1878 1484 1924 mili-

200 1961 344 2009 tares,
364 1951 485 1999 avidi
515 1950 631 2014 saepe
650 1953 878 1999 turbarum
895 1987 908 2011 ,
941 1947 1089 2000 adorti
1114 1952 1215 2000 sunt
1248 1952 1482 2000 Montium

205 2022 399 2087 primum
420 2060 434 2083 ‚
467 2021 548 2088 qui
570 2024 823 2071 divertebat
840 2025 885 2071 in
908 2025 1121 2088 proximo
1138 2060 1152 2083 ‚
1171 2024 1266 2072 levi
1285 2041 1483 2087 corpore

202 2095 352 2143 senem
374 2131 389 2155 ,
409 2108 546 2161 atque
564 2096 829 2144 morbosum
853 2116 862 2145 :
885 2100 934 2146 δι
951 2098 1128 2146 hirsutis
1142 2098 1354 2147 resticulis
1371 2116 1480 2145 cru-

203 2169 328 2216 ribus
361 2169 455 2230 ejus
491 2170 669 2218 innexis
698 2207 711 2229 ‚
750 2171 1048 2219 divaricatum
1085 2172 1177 2219 fine
1207 2172 1483 2236 spiramento

203 2241 301 2288 ullo
329 2243 522 2306 adusque
546 2244 810 2308 praetorium
827 2244 1229 2309 traxerepraefeffi.
1247 2248 1302 2292 Et
1322 2244 1485 2293 eodem

205 2312 375 2376 impetu
399 2315 717 2362 Domitianum
738 2316 1014 2380 praecipitem
1037 2334 1117 2381 per
1135 2317 1266 2364 scalas
1283 2352 1296 2375 ,
1328 2315 1484 2362 itidem

206 2385 387 2433 funibus
408 2388 795 2436 constrinxerunt:
817 2390 984 2455 eosque
1004 2390 1274 2451 conjunCtos
1296 2406 1375 2452 per
1392 2405 1485 2434 am-

205 2458 279 2522 pla
311 2459 447 2524 spatia
469 2462 662 2513 civitatis
682 2463 774 2512 acri
801 2478 1035 2527 raptavere
1066 2462 1274 2512 discursu.
1301 2464 1487 2524 Jamque
