1626 2917
138 211 229 260 218
328 214 670 260 AMMIANI
719 214 1222 262 MARCELLINI

134 331 200 367 tes
234 319 473 367 hominum
509 319 783 368 aestimabant
811 338 822 367 ε
855 321 1004 384 primo
1046 334 1321 369 attenuatum
1365 321 1413 368 in

135 392 257 439 lunae
280 391 605 440 corniculantis
631 393 848 457 effigiem,
873 394 1032 440 deinde
1048 394 1093 440 in
1119 394 1306 457 speciem
1336 411 1416 440 au-

134 464 252 510 &um
272 463 572 523 semenstrem,
592 465 832 529 posteaque
854 465 899 512 in
918 466 1135 530 integrum
1153 467 1416 515 restitutum.

132 537 275 596 Quod
292 537 396 584 alias
420 554 516 585 non
542 539 697 585 evenit
717 539 776 585 ita
803 539 1032 602 perspicue
1048 575 1062 598 ,
1082 539 1162 587 nifi
1189 552 1293 588 cum
1315 540 1416 604 post

132 608 373 672 inaequales
400 609 553 658 cursus
574 611 963 659 intermenstruum
985 612 1102 660 lunae
1127 613 1182 660 ad
1200 613 1317 660 idem
1346 630 1416 661 re-

133 692 331 728 vocatur
344 681 525 729 initium
547 684 679 731 certis
696 697 955 748 temporum
974 686 1224 734 intervallis
1245 705 1255 734 :
1275 687 1319 733 id
1337 686 1418 745 est,

131 769 236 800 cum
257 753 305 800 in
326 754 561 803 domicilio
586 754 780 818 ejusdem
808 757 915 821 figni
944 770 1042 805 tota
1063 759 1284 821 reperitur
1309 758 1417 804 luna

131 826 212 874 sub
238 826 330 875 sole
348 827 621 876 liniamentis
643 828 815 891 obje&a
837 831 1078 878 reffiffimis
1092 867 1106 890 ‚
1125 844 1257 894 atque
1284 830 1329 876 in
1350 831 1417 877 his

132 900 356 964 paulisper
395 901 592 949 consistit
626 902 840 958 minutis,
865 920 967 967 quae
994 903 1268 967 geometrica
1301 902 1418 948 ratio

133 972 327 1036 partium
359 986 506 1036 partes
527 975 735 1038 appellat.
771 978 839 1023 Ac
873 976 977 1023 licet
1011 975 1237 1039 utriusque
1268 974 1419 1022 sideris

133 1047 459 1094 conversiones
503 1049 553 1095 &
583 1060 763 1106 motus,
794 1061 843 1095 ut
881 1049 1149 1097 scrutatores
1191 1048 1420 1096 causarum

134 1119 489 1184 intelligibilium
529 1121 845 1179 adverterant,
878 1122 924 1168 in
960 1140 1100 1170 unum
1138 1123 1420 1185 eundemque

135 1192 272 1240 finem
309 1192 453 1240 lunari
495 1193 626 1241 cursu
661 1193 881 1257 impleto,
918 1196 1105 1258 perenni
1134 1195 1418 1242 distinetione

135 1265 452 1313 conveniunt:
470 1278 617 1312 tamen
638 1265 705 1312 sol
724 1281 820 1312 non
835 1265 1005 1329 semper
1022 1266 1088 1314 his
1108 1265 1261 1313 diebus
1276 1266 1420 1311 obdu-

139 1337 288 1395 citur,
318 1336 390 1383 sed
421 1354 524 1384 cum
551 1338 656 1384 luna
691 1355 715 1384 e
749 1338 962 1401 regione,
990 1339 1118 1388 velut
1146 1339 1418 1385 libramento

136 1411 362 1474 quodam,
388 1409 522 1473 igneo
553 1411 725 1459 orbi&
758 1411 948 1474 aspeRui
982 1412 1136 1459 nostro
1167 1413 1419 1475 opponitur

139 1483 298 1530 media.
329 1483 400 1529 Ad
432 1482 676 1542 summam,
697 1496 790 1530 tum
822 1484 888 1530 sol
917 1485 1171 1532 occultatur
1187 1485 1422 1549 splendore

138 1556 396 1620 suppr,eff0
435 1574 540 1605 cum
575 1557 666 1621 ipse
704 1559 753 1606 &
790 1558 955 1606 lunaris
1001 1559 1163 1622 globus
1202 1559 1421 1606 astrorum

140 1629 345 1676 omnium
366 1628 543 1677 infimus
567 1630 694 1692 parili
716 1630 935 1678 comitatu
952 1631 1206 1679 obtinentes
1226 1631 1423 1680 circulos

140 1703 386 1765 proprios,
424 1703 636 1766 ialvaque
671 1703 848 1750 ratione
893 1703 1116 1751 altitudini
1105 1722 1140 1752 3
1179 1704 1420 1767 interjeEtae

141 1775 326 1838 junffim
346 1776 510 1836 locati,
528 1789 577 1823 ut
596 1775 782 1824 scienter
803 1778 853 1824 δι
871 1777 1035 1825 decore
1055 1777 1320 1824 Ptolemaeus
1340 1794 1421 1824 ex-

142 1865 221 1911 po
211 1848 306 1906 nit,
326 1849 377 1894 ad
400 1848 695 1895 dimensiones
717 1848 953 1908 venerint,
973 1865 1089 1913 quos
1117 1857 1422 1906 ἀιναβιβεὶζοντας

148 1929 183 1967 ἃ
214 1930 347 1973 κειταζ
336 1927 414 1967 ιΞέ
418 1931 553 1976 ζοιτας
588 1928 673 1968 ἕως
658 1927 856 1969 mnemia<
884 1927 1148 1978 συνθεσμοὺς,
1179 1936 1422 1984 coagmen-

145 2005 191 2038 ta
239 1993 451 2040 videlicet
496 1991 715 2040 defeffiva
750 1994 917 2040 Graeco
956 1992 1158 2040 diffitant
1201 1994 1421 2042 sermone.

146 2067 202 2111 Et
218 2065 248 2112 s1
267 2066 478 2129 contigua
494 2065 644 2112 iisdem
662 2064 872 2126 junfiiuris
891 2065 1236 2127 praestrinxerint
1257 2067 1391 2130 spatia
1407 2103 1422 2127 ,

149 2139 336 2185 dilutior
366 2140 451 2186 erit
481 2138 689 2186 defeetus.
715 2141 759 2186 Si
794 2155 908 2185 vero
930 2138 1127 2186 articulis
1148 2139 1249 2202 ipfis
1278 2140 1423 2186 inhae-

149 2211 310 2266 serint,
335 2212 411 2274 qui
433 2212 629 2259 coaffius
650 2211 852 2259 ascensus
871 2211 1077 2258 vinciunt
1099 2214 1148 2259 &
1166 2211 1420 2272 descensus,

150 2286 401 2333 offunditur
428 2287 704 2333 denfioribus
723 2286 917 2333 tenebris
945 2285 1112 2333 coelum
1129 2322 1142 2343 ‚
1162 2298 1212 2332 ut
1236 2286 1420 2334 crassato

151 2375 272 2418 aere,
294 2376 347 2405 ne
371 2360 575 2421 proxima
595 2359 775 2423 quidem
801 2362 850 2407 δε
868 2359 1064 2423 apposita
1085 2376 1264 2406 cernere
1284 2377 1422 2423 quea·

154 2448 262 2478 mus.
288 2431 365 2478 Sol
399 2445 542 2478 autem
575 2431 776 2495 geminus
806 2431 866 2478 ita
900 2430 1042 2477 videri
1065 2431 1359 2488 existimatur,
1388 2429 1420 2476 fi

153 2507 292 2554 eredia
312 2506 464 2554 celsius
495 2505 628 2553 solito
663 2506 826 2565 nubes,
860 2517 1219 2568 aeternorumque
1250 2504 1421 2569 ignium
