1626 2917
284 203 502 250 RERUM
533 201 870 249 GESTARUM
904 201 1006 248 ΠΒ.
1041 201 1168 248 xvi
1275 217 1360 265 109

95 309 163 356 nit
188 310 385 356 molliter
412 308 578 356 editum
600 342 615 368 ,
641 321 846 372 opertum
870 309 1081 373 segetibus
1101 309 1185 372 jam
1215 322 1364 357 matu·-

97 382 184 440 ris,
207 399 229 428 a
255 382 497 445 superciliis
529 381 676 428 Rheni
706 382 822 428 haud
846 376 997 445 longo
1025 381 1264 430 intervallo
1295 383 1366 429 di-

98 453 318 500 stantem:
352 471 376 500 e
402 453 527 516 cujus
558 454 805 501 summitate
835 453 1138 516 speculatores
1170 454 1367 501 hostium

97 538 186 573 tres
221 528 389 591 equites
425 529 593 583 exciti,
632 528 778 574 subito
824 527 1072 574 nuntiaturi
1111 528 1370 575 Romanum

97 601 346 648 exercitum
376 602 635 661 adventare,
652 601 913 648 festinarunt
932 601 986 648 ad
1005 600 1105 648 suos
1125 619 1136 649 τ
1156 618 1271 648 unus
1293 619 1369 650 ve-

98 690 151 720 ro
186 675 352 736 pedes,
380 676 457 739 qui
492 676 612 739 sequi
643 692 736 723 non
768 675 918 738 potuit
941 711 955 733 ‚
990 687 1143 737 captus
1177 673 1370 737 agilitate

98 746 356 795 nostrorum
396 748 642 807 indicavit,
679 765 755 811 per
798 747 993 795 triduum
1025 749 1074 794 &
1111 746 1371 793 trinoctium

98 818 267 867 flumen
300 822 492 869 transisse
520 824 786 868 Germanos.
813 823 948 881 Quos
980 836 1080 867 cum
1107 818 1196 881 jam
1230 836 1373 883 prope

100 893 329 941 densantes
360 894 493 942 semet
524 895 570 941 in
604 911 771 942 cuneos
806 894 1062 940 nostrorum
1100 893 1374 954 conspexere

102 968 307 1016 ductores
327 1004 341 1027 ‚
370 968 582 1016 steterunt
607 968 799 1030 vestigiis
830 966 930 1014 fixis
949 1002 962 1024 ,
997 967 1263 1028 antepilanis
1296 969 1374 1014 ha·—

102 1038 305 1102 ssatisque
331 1042 380 1088 &
406 1040 614 1088 ordinum
646 1039 798 1102 primis
824 1038 948 1084 velut
977 1037 1208 1085 insolubili
1241 1057 1375 1087 muro

102 1110 297 1159 fundatis
328 1131 342 1160 ε
380 1113 429 1160 &
468 1113 562 1175 pari
593 1112 765 1160 cautela
800 1111 945 1157 hostes
979 1110 1132 1157 stetere
1168 1112 1377 1160 cunctati.

104 1185 312 1248 Cumque
329 1185 412 1244 ita,
432 1199 480 1232 ut
500 1185 741 1233 antedictus
766 1185 982 1230 docuerat
1014 1183 1226 1247 perfuga,
1252 1186 1377 1247 equi-

104 1266 242 1302 tatum
271 1272 449 1303 omnem
485 1274 509 1303 a
533 1258 691 1303 dextro
722 1257 855 1303 latere
883 1256 962 1303 fibi
993 1255 1199 1303 vidissent
1224 1273 1378 1320 oppo-

104 1325 234 1373 situm
256 1363 266 1380 ‚
283 1329 499 1392 quidquid
517 1327 632 1391 apud
655 1346 732 1375 eos
759 1346 836 1391 per
855 1329 1072 1392 equestres
1096 1328 1250 1390 copias
1269 1347 1378 1391 prae-

106 1398 336 1460 pollebat,
365 1401 411 1446 in
443 1401 561 1447 laevo
586 1417 730 1447 cornu
760 1401 972 1447 locavere
1002 1399 1271 1446 confertum.
1302 1401 1380 1446 lis—

109 1471 298 1534 demque
331 1472 502 1534 sparsim
533 1472 699 1534 pedites
736 1473 948 1519 miscuere
984 1471 1292 1518 discursatores
1332 1476 1382 1520 ὅ(

110 1543 255 1601 leves,
270 1544 474 1607 profeElo
492 1547 664 1593 ratione
682 1560 775 1593 tuta
797 1548 1019 1608 poscente.
1038 1549 1213 1592 Norant
1233 1547 1348 1593 essim
1367 1584 1381 1606 ‚

110 1615 215 1664 licet
241 1618 506 1679 prudentem
526 1637 580 1666 ex
605 1636 722 1683 equo
748 1620 1038 1676 bellatorem,
1055 1636 1157 1665 cum
1183 1620 1382 1667 clibana-

111 1690 181 1737 rio
221 1691 375 1738 nostro
405 1693 679 1757 congressum
702 1730 716 1750 ‚
741 1693 865 1740 frena
894 1693 1158 1739 retinentem
1199 1696 1247 1741 &
1285 1694 1385 1740 scua

112 1773 207 1808 tum
229 1798 242 1819 ‚
271 1762 388 1824 hasta
419 1782 507 1811 una
530 1782 663 1812 manu
698 1766 869 1813 vibrata
890 1801 902 1823 ‚
930 1765 1197 1828 tegminibus
1231 1765 1384 1813 ferreis

113 1835 377 1885 abscondito
421 1839 627 1886 bellatori
661 1856 827 1887 nocere
866 1856 960 1886 non
1002 1837 1124 1901 poffe
1150 1856 1161 1884 ε
1188 1838 1384 1900 peditem

115 1926 227 1957 vero
257 1909 374 1958 inter
400 1911 518 1974 ipsos
545 1911 846 1959 discriminum
877 1911 1067 1960 vertices
1086 1945 1102 1968 ‚
1137 1927 1239 1957 cum
1272 1912 1386 1958 nihil

115 1983 265 2030 caveri
285 1983 397 2031 solet
416 1997 574 2048 praeter
588 1984 654 2043 id,
674 1984 798 2048 quod
816 1982 1044 2040 occurrit,
1063 1983 1185 2028 humi
1207 1984 1387 2030 occulte

115 2068 387 2118 reptantem,
419 2058 555 2105 latere
582 2058 731 2105 forato
751 2056 938 2117 jumenti
953 2091 968 2114 ‚
990 2056 1216 2103 incautum
1237 2057 1387 2103 recto-

116 2146 209 2177 rem
241 2131 512 2195 praecipitem
541 2149 668 2196 agere
687 2168 700 2190 ‚
722 2131 812 2178 levi
839 2129 1027 2194 negotio
1059 2130 1387 2177 trucidandum.

117 2202 222 2249 Hoc
249 2203 396 2265 itaque
427 2204 639 2266 disposito
663 2241 679 2261 ,
705 2204 912 2250 dextrum
946 2202 1010 2248 sui
1047 2201 1159 2248 latus
1196 2202 1390 2250 struxere

121 2274 399 2324 clandestinis
426 2276 591 2324 insidiis
619 2279 669 2324 &
697 2276 911 2329 obscuris.
947 2275 1203 2322 Ductabant
1241 2291 1391 2323 autem

121 2348 317 2409 populos
345 2365 500 2395 omnes
529 2367 750 2413 pugnaces
775 2352 824 2397 δε
854 2349 997 2396 saevos
1026 2348 1390 2395 Chnodomarius

119 2423 173 2467 ἃ
206 2422 419 2483 Serapio,
445 2423 658 2484 potestate
691 2423 952 2470 excelsiores
978 2435 1079 2469 ante
1115 2422 1227 2468 alios
1260 2438 1392 2484 regeS.

123 2493 179 2540 Et
204 2493 565 2543 Chnodomarius
585 2496 792 2561 quidem,
814 2495 1006 2543 nefarius
1033 2493 1140 2543 belli
1160 2495 1298 2543 totius
1322 2493 1391 2542 in-
