1626 2917
205 180 295 243 248

285 349 749 420 AMMIANI
810 273 1407 421 MARCELLINI

214 540 692 631 RERUM
753 540 1485 632 GESTARUM

546 754 896 810 LIBER
959 753 1155 811 XXI.

354 921 416 928 -ρ-

217 1060 391 1112 Julianus
408 1067 449 1106 A.
469 1067 625 1106 Viennae
645 1065 938 1117 quinquennalia
959 1065 1128 1106 celebrat
1145 1082 1153 1105 τ
1180 1066 1375 1117 quomodo
1393 1065 1496 1106 Con-‘

271 1127 450 1166 stantium
481 1130 523 1168 A.
552 1128 655 1168 brevi
688 1129 913 1167 moriturum
946 1129 1199 1178 praenoverit:
1238 1132 1271 1168 S<
1306 1130 1353 1167 de
1381 1129 1494 1172 variis

273 1188 416 1228 artibus
434 1189 562 1230 futura
581 1189 847 1241 praenoscendi.
871 1193 906 1229 C.
923 1192 951 1229 I.
969 1189 1140 1242 Julianus
1157 1192 1196 1230 A.
1214 1191 1365 1229 Viennae
1383 1189 1495 1230 Chri-

271 1251 434 1291 stianum
469 1251 507 1290 se
536 1251 711 1298 simulat,
744 1251 945 1291 illiciendae
977 1250 1231 1290 multitudinis
1270 1249 1378 1288 causa
1409 1262 1421 1289 :
1456 1251 1494 1289 δε

278 1315 342 1353 die
363 1314 456 1353 festo
483 1316 523 1353 in
547 1314 701 1353 ecclefia
726 1316 824 1353 inter
850 1315 1077 1354 Christianos
1100 1314 1224 1353 Deum
1246 1321 1429 1363 precatur.
1443 1313 1496 1351 ΙΙ.

274 1375 528 1414 Vadomarius
549 1388 617 1414 rex
634 1375 959 1423 Alamannorum,
980 1383 1093 1425 rupto
1115 1375 1283 1421 foedere,
1303 1387 1367 1425 per
1382 1373 1499 1413 emis-

273 1436 392 1476 sarios
414 1436 554 1477 limites
575 1438 712 1485 vastat,
738 1440 773 1477 ἃ
798 1437 1024 1478 Libinonem
1048 1439 1231 1475 comitem
1254 1449 1342 1474 cum
1367 1436 1500 1488 paucis

275 1498 468 1539 interficit.
485 1500 554 1541 III.
577 1498 750 1548 Julianus
765 1500 806 1541 A.
824 1501 1045 1550 interceptis
1064 1499 1284 1538 Vadomarii
1307 1497 1424 1538 literis
1447 1497 1498 1538 ad

277 1560 542 1602 Constantium
565 1563 604 1602 A.
630 1575 717 1602 eum
739 1564 779 1601 in
799 1562 974 1601 convivio
998 1560 1404 1611 comprehendendum
1431 1571 1500 1598 cu·

274 1626 397 1664 ravit:
421 1627 457 1665 &
481 1624 704 1665 Alamannis
730 1624 813 1664 aliis
836 1624 988 1673 oc'cifis,
1008 1625 1092 1664 aliis
1112 1625 1150 1662 in
1172 1624 1406 1670 deditionem
1429 1634 1502 1662 ac-

277 1688 424 1737 ceptis,
454 1688 587 1726 ceteris
615 1699 751 1738 pacem
775 1686 990 1738 petentibus
1017 1686 1132 1725 dedit.
1166 1687 1233 1723 IV.
1260 1683 1429 1732 Julianus
1456 1684 1504 1725 A:

276 1749 422 1788 milites
447 1748 532 1789 suos
561 1749 786 1799 alloquitur,
810 1751 845 1789 δε
874 1749 913 1787 in
932 1748 1047 1787 verba
1063 1747 1126 1786 sua
1142 1746 1335 1786 universos
1355 1746 1503 1797 adigit,

277 1810 499 1851 Constantio
523 1812 565 1852 A.
587 1810 730 1850 bellurn
757 1810 943 1853 illaturus.
967 1811 1011 1849 V.
1035 1809 1274 1849 Constantius
1294 1810 1334 1849 A.
1357 1808 1502 1848 Fausti-

277 1887 369 1913 nam
391 1874 497 1915 ducit
523 1886 705 1914 uxorem:
732 1882 846 1925 auget
872 1872 1142 1924 supplementis
1165 1871 1400 1911 exereitum:
1430 1871 1502 1909 Ar·-

278 1935 415 1976 meniae
438 1938 473 1975 &
494 1935 659 1976 Hiberiae
680 1949 783 1986 reges
799 1936 906 1975 donis
932 1934 998 1974 fibi
1021 1933 1213 1973 conciliat.
1242 1934 1303 1973 VI.
1320 1931 1503 1972 Constan-

279 1996 354 2035 tius
375 2000 416 2036 A.
440 1996 649 2036 Antiochiae
673 2005 756 2036 tum
776 2009 908 2048 agens,
930 2009 995 2048 per
1017 1994 1275 2036 Gaudentium
1300 1993 1507 2033 notarium⁸

279 2057 448 2100 Africam
462 2059 500 2097 in
516 2060 698 2110 potestate
712 2058 776 2099 sua
790 2060 945 2108 retinet3
962 2071 1005 2098 ac
1017 2057 1210 2108 Euphrate
1222 2056 1373 2097 transito
1390 2054 1506 2095 Ede(-

279 2119 361 2160 sam
384 2120 422 2159 se
441 2123 727 2172 exercitumque
744 2121 903 2161 confert.
933 2122 1018 2160 VII.
1047 2119 1218 2168 Julianus
1234 2119 1276 2159 A.
1299 2118 1381 2168 post
1401 2118 1503 2157 ordi*-

278 2189 389 2222 natas
407 2195 465 2221 res
489 2183 696 2223 Galliarum
709 2215 723 2231 ,
743 2184 867 2235 ripam
885 2181 1052 2223 Danubii
1078 2181 1193 2232 petit,
1214 2183 1250 2220 Sc
1270 2190 1414 2230 partem
1431 2180 1505 2218 mi·-

280 2243 393 2286 litum
414 2257 479 2294 per
494 2244 642 2286 Italiam
668 2259 810 2296 perque
837 2245 974 2286 Raetias
999 2243 1205 2295 praemi-ttit.
1229 2243 1332 2281 VIII.
1355 2243 1506 2282 Taurus

283 2307 320 2346 δε
337 2306 548 2346 Florentius
563 2306 748 2356 consules,
764 2320 808 2346 ac
825 2307 991 2358 praefecti
1007 2306 1180 2356 praetorio
1192 2336 1203 2351 ,
1224 2303 1287 2343 hic
1304 2317 1369 2355 per
1385 2302 1505 2354 Illyri-

281 2380 371 2407 cum
384 2397 395 2414 ‚
409 2366 472 2407 ille
487 2380 553 2418 per
572 2368 721 2408 Italiam
736 2400 746 2418 ‚
762 2369 916 2418 fugiunt
931 2367 1257 2418 appropinquante
1272 2364 1435 2413 Juliano.
1457 2364 1501 2407 A.

280 2430 508 2472 Lucillianus
534 2431 705 2481 magister
727 2432 897 2481 equitum
913 2460 924 2478 ,
949 2430 1012 2480 qui
1039 2429 1199 2467 resistere
1221 2427 1374 2477 ,Iuliano
1400 2439 1505 2475 para-

281 2494 368 2541 bat,
385 2495 625 2548 opprimitur.
648 2496 718 2536 IX.
743 2494 913 2544 Julianus
937 2495 980 2535 A.
999 2492 1202 2541 Sirmium,
1228 2499 1348 2542 caput
1366 2487 1507 2543 Illyrici
