1626 2917
216 174 306 218 266
433 173 1278 224 AMMIANtMARCELLtN}

210 282 419 345 magistro
441 282 638 344 ec'fuitum
665 283 753 331 illic
776 285 933 331 relicto
954 322 967 344 ‚
987 285 1227 349 imperator
1256 287 1499 333 revertitur

209 356 404 401 Naessum
426 357 663 418 copiosum
686 358 930 419 oppidum,
950 376 1044 421 quo
1066 361 1368 423 impraepedite
1390 378 1497 407 cun-

211 429 276 474 &a
300 429 555 491 disponeret
576 431 660 477 suis
684 433 946 480 utilitatibus
968 434 1214 496 profutura.
1233 437 1323 482 Ubi
1345 437 1497 482 Virto-

209 519 302 548 rem
334 504 451 564 apud
484 504 694 551 Sirmium
723 505 871 552 visum
906 507 1169 570 scriptorem
1197 508 1461 556 historicum
1485 545 1499 566 ,

208 574 462 638 exindeque
492 578 650 624 venire
678 592 952 641 praeceptum
973 616 986 638 ,
1021 581 1268 627 Pannoniae
1295 582 1498 629 secundae

209 646 495 694 consularem
542 650 744 711 praefecit
766 687 778 706 ‚
819 655 867 699 ὅζ
900 653 1148 700 honoravit
1175 671 1294 701 aenea
1326 654 1463 700 statua
1485 688 1498 710 ,

206 720 360 767 virum
392 721 642 770 sobrietatis
671 725 809 786 gratia
838 725 1136 772 aemulandum
1165 762 1178 784 ‚
1217 726 1362 773 multo
1396 726 1497 788 post

205 791 322 837 Urbi
360 793 633 856 praefectum.
674 796 858 858 Jamque
906 795 1036 842 altius
1071 797 1113 842 se
1149 797 1370 843 extollens
1393 831 1406 854 ‚
1445 798 1496 842 &

204 880 437 927 nunquam
474 867 658 914 credens
692 867 747 912 ad
779 868 1071 914 concordiam
1095 885 1352 932 provocare
1374 868 1497 932 posse

203 939 540 1000 Constantium,
561 942 817 988 orationem
838 959 982 990 acrem
1010 945 1059 990 &
1080 943 1372 1001 inveffivam‚
1389 959 1496 1005 pro·

203 1012 284 1060 bra
308 1015 510 1076 quaedam
531 1015 576 1061 in
600 1032 703 1061 eum
722 1016 1037 1078 explanantem
1067 1018 1117 1064 ὃ(
1139 1017 1250 1064 vitia
1271 1053 1284 1075 ,
1307 1016 1494 1080 scripse-

203 1099 273 1133 rat
300 1088 354 1134 ad
384 1086 594 1135 senatum.
625 1091 743 1150 Quae
781 1106 910 1147 cum,
930 1091 1140 1137 Tertullo
1163 1091 1493 1138 administrante

202 1160 349 1208 adhuc
371 1163 679 1224 praefecturam
696 1199 708 1221 ‚
736 1163 1032 1210 recitarentur
1060 1164 1105 1210 in
1128 1164 1248 1211 curia
1265 1200 1277 1222 ‚
1305 1163 1494 1210 eminuit

200 1233 456 1283 nobilitatis
494 1253 596 1284 cum
635 1235 833 1299 speciosa
872 1235 1031 1283 fiducia
1069 1237 1318 1300 benignitas
1354 1250 1490 1300 grata.

201 1308 511 1356 Exclamatum
544 1309 606 1356 est
645 1309 789 1367 enim,
825 1308 871 1355 in
900 1328 1043 1356 unum
1081 1312 1347 1358 cunctorum
1391 1311 1489 1357 sen-

199 1380 341 1427 tentia
364 1393 673 1445 congruente,
705 1395 939 1428 AUCTORI
969 1396 1076 1430 Tuo
1111 1398 1486 1431 REVERENTIAM

202 1464 474 1501 ROGAMUS.
511 1454 643 1502 Tunc
686 1453 737 1502 &
773 1453 1038 1501 memoriam
1080 1456 1398 1514 Constantini,
1442 1469 1491 1502 ut

200 1527 446 1575 novatoris
478 1527 811 1591 turbatorisque
833 1527 1074 1590 priscarum
1101 1530 1248 1594 legum
1275 1533 1323 1578 δέ
1351 1529 1490 1576 moris

199 1600 448 1664 antiquitus
469 1602 637 1665 recepti
657 1640 671 1659 ‚
709 1601 903 1648 vexavit
922 1638 934 1659 ‚
961 1618 1064 1648 eum
1088 1617 1237 1663 aperte
1259 1602 1462 1650 incusans
1477 1637 1490 1660 ‚

201 1674 328 1735 quod
349 1674 563 1722 barbaros
584 1674 789 1722 omnium
824 1673 992 1736 primus
1013 1675 1207 1738 adusque
1242 1675 1379 1723 fasces
1407 1693 1491 1722 au»

200 1755 328 1790 xerat
357 1747 597 1793 &trabeas
619 1746 900 1794 consulares:
921 1745 1077 1793 insulse
1099 1747 1308 1794 nimirum
1344 1749 1391 1795 &
1421 1749 1487 1794 le-

198 1815 345 1863 viter:
366 1818 443 1881 qui
465 1836 565 1866 cum
589 1819 730 1867 vitare
751 1820 936 1865 deberet·
952 1818 1017 1876 id,
1036 1821 1161 1882 quod
1182 1820 1383 1866 infestius
1405 1821 1486 1866 ob-

198 1885 425 1952 jurgavit,
448 1891 577 1938 brevi
597 1893 746 1955 postea
770 1891 1039 1938 Mamertino
1064 1892 1109 1937 in
1132 1892 1365 1940 consulatu
1384 1892 1484 1949 iun-

201 1961 269 2008 xit
299 1964 542 2023 Nevitam‚
569 1982 651 2013 nec
677 1965 913 2027 splendore
931 2000 944 2022 ‚
971 1981 1054 2010 nec
1081 1964 1194 2023 usu,
1226 1982 1308 2011 nee
1341 1964 1486 2026 gloria

198 2035 363 2083 horum
403 2038 618 2096 similem,
656 2039 816 2101 quibus
844 2037 1142 2101 magistratum
1172 2039 1483 2100 amplissimum

198 2107 416 2156 detulerat
449 2111 804 2158 Constantinus:
827 2123 983 2157 contra
1008 2110 1409 2157 inconsummatum
1433 2114 1484 2159 ὅς

195 2180 521 2244 subagrestem,
543 2186 591 2232 &
607 2219 618 2241 ‚
639 2185 764 2248 quod
791 2182 936 2230 minus
967 2195 1059 2230 erat
1088 2183 1346 2243 ferendum,
1369 2182 1479 2231 celsa

199 2255 246 2302 in
276 2256 494 2316 potestate
526 2260 764 2306 crudelem.

263 2329 342 2377 XI.
377 2332 485 2379 Haec
524 2335 573 2381 δε
603 2335 705 2381 talia
737 2333 988 2398 cogitanti,
1032 2333 1318 2397 sollicitoque
1354 2333 1487 2396 super·

198 2401 403 2449 maximis
425 2405 553 2451 rebus
574 2407 622 2453 &
643 2407 763 2454 seriis
779 2444 791 2465 ,
816 2410 998 2455 nuntius
1020 2409 1280 2454 metuendus
1304 2407 1480 2454 intima-

196 2486 269 2520 tur
287 2477 335 2524 δε
362 2475 632 2540 insperatus,
663 2479 764 2528 ausa
786 2480 988 2528 indicans
1010 2481 1292 2545 quorundam
1324 2480 1478 2527 imma-
