1626 2917
270 204 491 254 RERUM
526 207 869 256 GESTARUM
905 210 1007 256 LlB.
1042 210 1168 258 XXI.
1271 228 1360 277 273

86 313 222 374 tiam,
242 314 370 377 cujus
394 315 561 363 sororis
581 333 682 363 eum
702 316 841 364 filium
868 330 1014 375 norate
1047 321 1150 367 Hoc
1179 321 1370 368 admini-

88 389 251 436 strante
269 388 544 436 alimentaria
563 407 631 437 res
650 391 919 450 abundavit,
941 393 991 439 διε
1015 393 1205 455 querelae
1223 394 1368 456 plebis

86 462 272 512 excitari
292 463 452 510 crebro
474 462 615 510 solitae
644 463 938 512 cessaverunt.
970 466 1102 512 Tunc
1127 477 1178 511 ut
1200 465 1370 513 securi-

85 549 223 585 tatem
245 535 428 599 trepidis
457 536 585 583 rebus
603 535 777 582 afferret
793 571 806 594 ,
823 537 873 584 &
891 536 1197 584 obedientium
1224 537 1371 584 nutri-

85 621 154 657 ret
173 606 402 665 fiduciam,
428 608 744 655 Mamertinum
771 606 1026 671 praefectum
1053 610 1267 669 praetorio
1289 627 1369 674 per·

84 679 323 745 Illyricum
362 680 605 743 designavit
644 680 897 739 consulem,
933 683 981 730 &
1016 680 1228 728 Nevitam
1249 700 1260 730 ε
1291 682 1371 746 qui

85 771 259 817 nuper,
276 765 326 801 ut
354 754 545 817 primum
567 755 783 817 augendae
803 754 1046 802 barbaricae
1075 755 1260 804 vilitatis
1287 775 1371 805 au-

85 827 254 874 &orem
272 862 286 884 ,
307 826 599 873 immoderate
624 839 863 874 notaverat
886 827 1251 878 Constantinum.

150 900 269 945 XIII.
301 900 380 945 His
405 915 455 946 ac
474 899 635 945 talibus
661 899 775 945 inter
803 899 922 962 spem
952 913 1211 964 metumque
1243 920 1369 950 nova

85 972 271 1037 negotia
305 985 659 1027 commovente,
689 972 979 1019 Constantius
1016 975 1136 1036 apud
1168 976 1368 1022 Edessam

86 1044 427 1108 exploratorum
448 1043 742 1091 relationibus
760 1044 895 1090 variis
910 1044 1085 1100 anxius,
1104 1044 1149 1090 in
1172 1047 1370 1093 rationes

86 1119 380 1166 diducebatur
400 1117 640 1180 ancipites,
659 1135 779 1165 nunc
809 1118 864 1164 ad
893 1118 1253 1166 concursatorias
1282 1137 1372 1182 pu-

84 1209 192 1257 gnas
211 1191 395 1238 militem
421 1190 621 1238 struens:
642 1209 780 1251 nunc,
801 1192 831 1238 fi
855 1192 986 1254 copia
1006 1193 1225 1255 patuisset,
1245 1194 1371 1240 obfi-

83 1264 222 1311 dione
268 1263 442 1327 gemina
489 1263 721 1310 Bezabden
763 1281 814 1310 ao
790 1264 1071 1327 t‚greffurust
1110 1265 1370 1313 consultans

80 1336 351 1402 prudenter,
371 1352 425 1382 ne
442 1351 550 1381 mox
573 1350 718 1398 partes
739 1337 957 1399 petiturus
971 1338 1156 1384 Ar&oas
1167 1374 1181 1395 ,
1197 1338 1369 1401 impro-

83 1412 251 1458 teEtum
272 1409 611 1472 Mesopotamiae
628 1410 900 1473 relinqueret
917 1411 1042 1458 latus,
1067 1413 1234 1457 Verum
1255 1429 1370 1458 con-

84 1484 287 1531 filiorum
323 1482 581 1545 ambiguum
609 1483 860 1531 retinebant
894 1484 1164 1546 multiplices
1193 1501 1367 1544 morae,

83 1556 286 1605 tardante
314 1566 434 1601 trans
457 1555 687 1619 Tigridem
711 1573 838 1620 rege,
860 1557 965 1603 dum
987 1558 1162 1604 moveri
1183 1559 1368 1621 permit-

84 1639 231 1676 terent
258 1625 390 1674 sacra.
422 1627 538 1673 Nam
560 1628 588 1673 fi
608 1641 837 1690 permeato
860 1628 1044 1674 flumine
1066 1629 1260 1687 nullum,
1286 1632 1366 1695 qui

86 1701 304 1749 resisteret
321 1736 334 1758 ,
354 1700 618 1759 inveniffet,
637 1703 798 1765 absque
829 1702 1088 1749 difficultate
1112 1717 1366 1766 penetrarat

84 1773 341 1837 Euphraten
361 1791 371 1819 :
393 1772 597 1835 alioquin
627 1774 682 1819 ad
706 1774 854 1823 civilia
877 1774 987 1820 bella
1008 1775 1259 1824 custodiens
1281 1780 1366 1826 mi-

85 1849 237 1905 litem,
263 1846 446 1893 timebat
466 1863 568 1894 eum
599 1846 809 1910 periculis
841 1847 1062 1910 objedtare
1089 1849 1365 1899 circummu-

83 1921 200 1971 ranis
216 1956 229 1979 ,
249 1918 502 1967 firmitatem
526 1920 748 1967 moenium
770 1922 1036 1968 munimenti
1055 1922 1366 1973 defensorum-

84 2011 175 2059 que
194 1993 465 2040 alacritatem
486 2006 710 2054 expertus.
735 1993 806 2039 Ne
826 1993 1068 2055 quiesceret
1089 2007 1262 2055 tamen,
1282 2014 1365 2043 ne-

83 2085 144 2116 ve
175 2067 550 2115 condemnaretur
577 2066 781 2124 inertiae,
811 2066 1106 2113 Arbetionem
1136 2067 1185 2115 &
1205 2069 1366 2133 Agilo-

85 2158 189 2190 nem
205 2176 218 2198 ,
241 2140 452 2203 pedestris
472 2138 768 2203 equestrisque
792 2140 961 2186 militiae
983 2141 1212 2204 magistros
1228 2178 1241 2201 ‚
1258 2161 1364 2193 cum

86 2213 338 2277 agminibus
357 2212 560 2259 maximis
581 2229 822 2275 properare
845 2213 1022 2277 coegit:
1047 2230 1140 2260 non
1159 2228 1207 2262 ut
1230 2216 1366 2264 laces-

86 2285 231 2333 serent
259 2283 406 2332 Persas
426 2284 472 2330 in
503 2284 665 2346 proelia
681 2321 696 2342 ,
719 2284 793 2330 sed
822 2285 1104 2347 praetenturis
1129 2285 1361 2346 juncturos

87 2355 318 2403 citeriores
345 2355 543 2419 Tigridis
563 2355 704 2418 ripaS‚
731 2356 781 2402 &
812 2354 1138 2417 speculaturos,
1163 2373 1364 2420 quonam

86 2444 168 2475 rex
194 2441 445 2488 erumperet
463 2427 704 2476 violentus
724 2426 1014 2490 Addebatque
1034 2428 1266 2475 monendo
1286 2427 1365 2473 sae-

87 2501 187 2564 pius
201 2500 249 2545 &
267 2498 522 2558 scribendo,
540 2513 611 2558 ut,
633 2500 893 2565 simulatque
913 2500 1158 2549 multitudo
1177 2500 1361 2551 tranfirss

150 2576 372 2625 Ammian.
388 2576 628 2627 Marcellin.
658 2578 705 2624 V
701 2579 756 2625 ol
776 2578 815 2627 Ι.
1137 2574 1166 2620 S
