1626 2917
204 125 292 155 100

281 310 729 379 AMMIANI
787 310 1389 382 MARCELLINI

198 509 679 599 RERUM
740 508 1472 600 GESTARUM

472 727 819 782 LIBER
886 727 1186 785 XXVII.

313 916 376 923 ...φ-

195 1051 420 1100 Alamanni,
435 1051 523 1091 fufis
548 1052 628 1090 acie
646 1052 848 1100 Romanis,
870 1049 1157 1092 Chariettonem
1175 1056 1211 1094 δε
1231 1055 1475 1095 Severianum

250 1114 410 1152 comites
433 1113 680 1153 interficiunt.
710 1116 747 1153 C.
771 1115 802 1153 I.
832 1114 989 1162 Jovinus
1008 1115 1183 1165 magister
1208 1116 1379 1165 equitum
1408 1127 1475 1167 pet

251 1174 414 1222 Gallias,
437 1188 553 1214 unam
579 1178 613 1214 &
632 1175 787 1214 alteram
814 1175 1111 1215 Alamannorum
1135 1189 1290 1215 manum
1315 1178 1477 1227 impara-

249 1239 329 1276 tam
351 1238 486 1285 caedit3
510 1238 660 1276 tertiam
683 1237 929 1276 barbarorum
957 1247 1103 1287 partem
1126 1238 1229 1287 apud
1248 1238 1475 1278 Catalaunos

246 1299 388 1350 proelio
409 1298 578 1350 superat,
604 1297 665 1336 sex
691 1297 857 1336 hostium
881 1297 1047 1338 millibus
1067 1299 1296 1348 interfectis,
1314 1311 1476 1350 quatuor

248 1362 468 1402 vulneratis.
485 1363 539 1402 II.
559 1361 616 1401 De
631 1360 751 1400 tribus
768 1360 954 1412 praefedtis
969 1361 1074 1408 urbi,
1087 1360 1319 1411 Symmacho
1334 1392 1346 1411 ,
1362 1361 1477 1402 Lam-

248 1425 369 1475 padio
381 1457 394 1473 ,
410 1426 445 1464 &
460 1424 653 1473 Juventio.
675 1423 752 1463 Sub
768 1436 813 1462 eo
828 1422 977 1462 Damasi
999 1424 1035 1462 &
1054 1422 1175 1463 Ursini
1193 1423 1240 1461 de
1256 1422 1478 1474 episcopatu

249 1488 426 1528 Romano
456 1488 736 1528 contentiones
764 1488 836 1527 III.
866 1485 1139 1525 Describuntur
1166 1485 1321 1536 populi,
1347 1488 1382 1525 ἃ
1414 1485 1479 1525 sex

248 1548 458 1599 provinciae
486 1547 763 1593 Thraciarum,
787 1545 1094 1597 singularumque
1121 1544 1229 1585 clarae
1257 1546 1382 1586 urbes.
1402 1548 1424 1585 I
1430 1550 1475 1586 V.

249 1611 387 1651 Valens
410 1612 504 1661 Aug.
532 1609 691 1656 Gothis,
714 1609 779 1659 qui
808 1608 950 1648 auxilia
981 1608 1170 1658 Procopio
1196 1617 1327 1647 contra
1351 1607 1476 1659 ipsum

248 1673 455 1724 miserant,
484 1672 630 1712 bellum
657 1671 796 1719 infert,
823 1672 858 1710 ἃς
881 1670 963 1721 post
983 1671 1192 1709 triennium
1223 1682 1360 1720 pacem
1386 1682 1477 1709 cum.

247 1736 302 1774 eis
324 1734 427 1773 facit.
450 1737 495 1774 V.
524 1734 744 1773 Gratianum
767 1731 889 1772 filium
909 1731 1199 1771 Valentinianus
1216 1730 1477 1770 consentiente

249 1795 419 1837 exercitu
445 1795 657 1846 Augustum
688 1802 908 1844 nuncupat,
930 1794 966 1833 δέ
987 1805 1149 1844 puerum
1180 1804 1386 1843 purpuram
1415 1793 1477 1830 in-

249 1861 384 1899 dutum
402 1860 451 1899 ad
471 1860 621 1898 fortiter
641 1858 865 1898 faciendum
886 1856 1081 1905 hortatur,
1097 1853 1353 1905 militibusque
1370 1867 1477 1894 com-

248 1924 416 1961 mendat.
445 1923 510 1961 Vl.
524 1920 783 1960 Valentiniani
807 1921 852 1959 A.
880 1918 1103 1965 iracundia,
1126 1917 1255 1956 feritas
1273 1916 1477 1958 &saevitia.

255 1987 342 2024 VII.
370 1986 503 2030 Pieris,
525 1983 750 2032 Attacottis‚
773 1984 809 2022 St
830 1982 995 2028 Scottis,
1018 1980 1100 2031 post
1121 1980 1262 2018 ducem
1287 1981 1323 2018 ἃ
1351 1979 1476 2018 comi-

247 2057 327 2085 tem
354 2047 595 2095 interfeftos,
620 2045 850 2086 Britanniam
880 2045 1039 2095 impune
1072 2042 1320 2090 vastantibus,
1346 2042 1477 2082 Theo-

247 2108 373 2148 dofius
397 2121 526 2152 comes
553 2108 641 2147 fusis
666 2107 833 2158 praedam
849 2105 1019 2145 excuffit.
1055 2105 1161 2145 VIII.
1185 2103 1363 2144 Mauricae
1388 2116 1477 2154 gen-

248 2183 305 2211 tes
320 2172 487 2211 Africam
502 2171 746 2222 populantur.
764 2169 977 2209 Isaurorum
991 2167 1191 2206 latrocinia
1211 2165 1348 2221 Valens
1368 2178 1476 2205 com-

248 2234 380 2286 pescit.
406 2235 463 2274 De
488 2235 699 2274 Praetextati
724 2232 946 2284 praefec‘tura
968 2231 1120 2269 urbana.
1148 2231 1218 2268 IX.
1242 2229 1475 2268 Valentinia-

248 2311 319 2337 nus
348 2299 391 2337 A.
425 2296 602 2336 Rhenum
633 2297 786 2344 tranlit,
815 2298 850 2334 ὅ(
885 2294 1136 2340 Alamannos,
1170 2292 1234 2342 qui
1260 2293 1299 2330 in
1327 2290 1476 2330 celsiffi-

252 2374 338 2400 mos
363 2369 511 2398 montes
534 2361 734 2410 fugerant,
757 2371 835 2396 non
851 2357 1048 2395 incruento
1075 2355 1252 2404 utrinque
1269 2353 1475 2392 certamine

251 2422 380 2463 tundit
403 2420 599 2473 fugatque.
622 2423 672 2461 X.
695 2419 752 2461 De
774 2419 884 2460 Probi
909 2416 1133 2467 nobilitate,
1161 2416 1324 2467 opibus,
1354 2413 1478 2465 digni-
