1626 2917
225 211 314 256 144
411 193 748 241 AMM1AN1
797 194 1295 241 MARCELmNt

213 302 452 366 coegitque
475 313 647 364 gentem
664 335 677 358 ,
698 300 932 349 insolentia
955 300 1121 364 semper
1146 302 1304 349 elatam
1320 339 1333 360 ‚
1353 299 1487 350 obse·

217 390 341 422 crare
360 374 617 437 suppliciter
637 389 817 435 pacem:
838 373 1123 420 AEmilianum
1141 375 1292 422 itidem
1314 375 1488 437 Scipio-

212 464 314 493 nem
335 483 350 503 ,
381 460 428 492 ut
448 445 796 493 somniculosum
831 447 1094 494 aemulorum
1130 447 1314 495 incusari
1351 448 1488 494 male·

215 520 452 577 volentia,
491 518 616 581 cujus
653 520 924 582 impetrabili
960 521 1190 584 vigilantia
1212 553 1225 576 ‚
1257 521 1488 568 obstinata:

214 593 262 641 in
295 594 540 656 perniciem
572 596 760 651 Romae,
792 594 888 640 duae
930 593 1028 640 sunt
1059 594 1370 656 potentiffimae
1408 611 1489 640 ur-

215 666 293 712 bes
328 664 501 713 excisae.
542 666 636 712 Nec
675 681 766 711 non
799 666 927 711 etiam
958 667 1004 712 in
1035 665 1298 729 Pompejum
1334 666 1490 712 obtre-

215 741 404 788 &atores
424 739 566 804 iniqui
587 740 725 786 multa
744 739 1002 796 scrutante8‚
1023 755 1121 786 cum
1139 740 1268 796 nihil,
1283 740 1402 785 unde
1420 739 1490 785 vi·

214 814 408 877 tuperari
432 814 642 872 deberet,
660 814 940 861 inveniretur
956 850 968 870 ‚
991 814 1082 860 duo
1101 815 1194 860 haec
1218 813 1491 860 observave-

215 899 322 934 runt
357 886 596 934 ludibriosa
628 890 676 935 &
711 887 863 934 irrita:
903 887 1026 950 quod
1059 888 1255 951 genuino
1294 887 1491 949 quodam

217 977 345 1008 more
366 973 499 1023 caput
517 960 657 1023 digito
679 977 774 1007 uno
794 961 1032 1023 scalpebat,
1052 962 1265 1024 quodque
1282 961 1492 1023 aliquam·

218 1036 297 1082 diu
323 1035 500 1098 tegendi
528 1035 687 1082 ulceris
719 1035 844 1083 causa
873 1034 1084 1082 deformis
1110 1035 1286 1082 fasciola
1310 1034 1495 1081 candida

218 1126 322 1157 crus
351 1108 588 1172 colligabat
611 1127 621 1156 :
652 1125 848 1172 quorum
875 1109 1057 1154 alterum
1077 1107 1274 1154 faciitare
1294 1121 1342 1153 ut
1361 1107 1495 1154 diffo-

216 1184 390 1240 lutum‚
407 1183 591 1229 alterum
616 1195 663 1228 ut
692 1198 915 1228 novarum
948 1197 1090 1226 rerum
1119 1179 1355 1241 cupidum,
1384 1179 1494 1224 affe-

217 1258 410 1304 rebant:
445 1256 559 1302 nibil
590 1255 790 1302 interess'e
819 1255 1085 1301 oblatrantes
1107 1265 1368 1316 argumento
1398 1251 1494 1297 sub-

156 1387 159 1391 s
219 1329 411 1393 frigido,
430 1334 564 1392 quam
594 1341 758 1390 partem
782 1328 986 1390 corporis
1008 1327 1232 1373 redimiret
1253 1326 1382 1388 regiae
1404 1341 1495 1371 ma-

217 1402 378 1465 jestatis
413 1401 571 1464 insigni
595 1418 605 1445 ε
636 1418 736 1447 eum
772 1401 919 1446 virum
941 1435 954 1457 ‚
984 1416 1076 1462 quo
1099 1416 1179 1446 nec
1202 1399 1392 1453 sortior,
1413 1413 1496 1445 nec

219 1473 396 1522 cautior
429 1472 658 1536 quisquam
687 1472 840 1534 patriae
860 1470 946 1517 fuit
965 1507 977 1529 ,
1007 1487 1054 1517 ut
1086 1470 1353 1517 documenta
1383 1487 1496 1532 prae·

220 1547 340 1594 clara
369 1545 595 1593 testantur.
622 1538 873 1592 Dum⁴haec
895 1543 954 1590 ita
978 1558 1195 1606 aguntur,
1227 1543 1385 1589 Romae
1411 1546 1497 1588 Ar-

221 1619 382 1667 temius
419 1636 576 1668 curans
614 1619 826 1665 vicariam
849 1653 864 1676 ‚
907 1617 1210 1679 praefeffliram
1249 1634 1331 1679 pro
1369 1616 1496 1662 Baffo

221 1709 407 1757 quoque
435 1693 616 1756 agebat:
647 1691 726 1754 qui
752 1707 906 1738 recens
936 1703 1171 1752 promotus
1200 1690 1299 1736 urbi
1337 1688 1497 1752 praefe·

223 1768 342 1824 ctus,
363 1765 484 1812 fatali
506 1765 740 1812 decesserat
759 1763 890 1810 sorte.
922 1762 1062 1824 Cujus
1089 1762 1406 1810 administratio
1433 1761 1497 1808 se·

224 1839 418 1886 ditiones
447 1838 640 1902 perpessa
669 1838 730 1885 est
762 1837 1067 1893 turbulentas,
1096 1853 1177 1883 nec
1206 1835 1496 1882 memorabile

222 1913 469 1976 quidquam
501 1912 690 1969 habuit,
724 1911 850 1974 quod
874 1910 1040 1956 narrari
1074 1909 1124 1955 sit
1153 1909 1352 1972 dignum.

291 1987 392 2033 X11.
418 1985 618 2050 Augusto
649 1985 764 2031 inter
803 1985 899 2031 haec
934 1982 1174 2046 quiescenti
1197 2000 1274 2044 per
1307 1982 1497 2029 hiemem

227 2060 347 2123 apud
368 2059 601 2116 Sirmium,
622 2057 879 2104 indicabant
899 2056 1042 2103 nuntii
1069 2072 1221 2119 graves
1246 2057 1293 2102 &
1318 2055 1496 2112 crebri,

226 2132 472 2196 permixtos
491 2134 708 2178 Sarmatas
727 2133 776 2179 &
799 2130 990 2190 Quados
1011 2165 1025 2186 ‚
1046 2128 1278 2175 vicinitate
1304 2129 1354 2175 &
1377 2127 1498 2173 simi-

226 2202 415 2250 litudine
449 2220 625 2249 morum
657 2214 978 2264 armaturaeque
1013 2202 1293 2258 concordes,
1322 2202 1498 2248 Panno·

228 2277 324 2326 nias
351 2276 698 2339 Moesiarumque
718 2277 898 2323 alteram
921 2275 1070 2322 cuneis
1088 2275 1310 2322 incursare
1331 2274 1499 2337 disper·

228 2351 298 2398 fis,
316 2349 493 2411 Quibus
506 2350 560 2395 ad
579 2349 816 2396 latrocinia
835 2347 994 2411 magis,
1013 2365 1145 2411 quam
1165 2361 1319 2410 aperto
1342 2347 1500 2395 habili·

227 2425 311 2473 bus
331 2422 482 2480 Marti,
502 2422 633 2469 hastae
652 2421 752 2468 sunt
766 2422 1018 2485 longiores,
1039 2422 1088 2469 &
1106 2421 1259 2468 loricae
1278 2437 1330 2467 ex
1347 2418 1499 2467 corni-

231 2498 314 2545 bus
330 2495 431 2546 rasis
449 2497 498 2545 &
517 2493 754 2559 laevigatis,
773 2493 1021 2558 plumarum
1042 2493 1183 2557 specie
1202 2492 1348 2540 linteis
1368 2491 1497 2545 induz
