1626 2917
14 2869 40 2917 ll

162 145 284 192 SUB
323 144 782 192 CONSTANTINO
816 147 1060 195 MAGNO
1089 147 1168 199 δέ.
1218 163 1364 200 Χινη

85 258 145 291 tus
162 251 325 302 dignitas
347 252 498 291 videtur
524 252 677 303 propria
704 254 977 306 peculiarist1ue
1000 256 1108 296 fuiffe
1132 259 1178 297 iis
1201 265 1365 309 tantum,

87 314 150 364 qui
178 315 385 364 agnatione
415 323 481 353 aut
507 315 793 366 propinquitate
815 318 1089 368 Imperatorem
1119 320 1242 371 ipsum
1267 335 1362 362 con·-

86 376 318 427 tingebant:
350 377 453 426 quod
476 377 618 428 antiqui
649 380 794 418 nummi
811 410 821 427 ,
850 380 888 419 in
915 379 1268 433 quibus'dignitatis
1296 384 1367 424 hu.

85 443 146 491 jus
185 442 283 483 clara
318 443 726 495 expreffio‚·ipseque
767 445 939 485 Zofimus
977 447 1114 486 eodem
1148 447 1366 499 volumine,

13 512 15 514 ·
82 505 261 555 probant.

141 563 439 616 Municipalium
464 578 578 617 porro
605 566 837 617 dignitatum
865 569 901 607 δε
924 568 1102 607 ordinum
1132 568 1212 609 haec
1238 570 1364 610 distin.

85 629 162 667 ostio
194 627 341 666 videtur
369 626 446 666 illis
480 626 719 678 temporibus
746 627 970 668 obtinuisse.
1002 639 1042 667 ut
1074 629 1137 668 alii
1171 630 1361 680 Curiales,

83 690 145 729 alii
181 689 465 738 Sacerdotales‚
492 689 553 728 alii
591 689 845 740 principales,
880 690 943 729 alii
975 691 1200 732 Defensores
1230 694 1360 736 essent.

83 750 252 791 Curiales
293 751 408 790 etiam
445 751 680 790 Decuriones
717 750 978 801 appellantur,
1017 754 1079 802 qui
1113 755 1306 795 manifeste
1338 770 1360 796 a

76 812 306 853 Primoribus
332 815 367 852 &
391 812 658 852 Defensoribus
680 811 897 861 separantur
924 813 965 853 L.
1001 813 1054 853 III
1081 815 1174 855 Cod.
1200 816 1353 857 Theoti.

80 875 129 913 de
147 874 342 925 Pagan.ac
362 875 403 912 in
417 875 517 913 varia
544 873 672 912 munia
695 873 939 922 dividuntur,
957 887 1037 924 quae
1060 876 1249 925 gradatim
1276 878 1362 917 sub.

77 936 196 975 ibant.
239 936 396 976 Invenio
427 935 553 981 enim,
575 948 620 974 ex
649 935 706 973 his
732 934 916 985 quosdam
942 935 1001 974 vel
1028 937 1244 988 Praepofitos
1268 940 1355 979 hor--

78 1011 228 1037 reorum
256 998 386 1044 fuisse,
403 998 464 1037 vel
487 998 706 1047 Praepofitos
725 999 852 1048 pacis,
879 1007 944 1037 aut
967 999 1212 1051 Susceptores
1239 1003 1361 1042 diver-

77 1059 199 1099 sarum
237 1059 473 1112 specierum,
506 1059 547 1101 L.
571 1060 702 1100 XLIX
731 1060 832 1100 Cod.
856 1061 1006 1102 Theod.
1033 1063 1081 1101 de
1110 1063 1253 1104 Decur.
1282 1065 1357 1106 sive

75 1124 249 1165 Exactor.
284 1136 546 1170 annonarum,
573 1123 612 1162 L.
639 1136 701 1162 un.
736 1123 777 1163 C.
811 1124 858 1162 de
884 1123 1031 1175 Magist.
1062 1125 1208 1166 Munic.
1240 1128 1355 1167 deni-

75 1199 150 1235 que
172 1186 253 1225 aliis
273 1185 513 1232 muneribus,
537 1198 698 1235 quorum
722 1184 880 1224 obscura
907 1184 992 1225 sunt
1017 1188 1195 1237 nomina,
1222 1191 1353 1240 praefe·

75 1250 168 1288 cros.
204 1249 260 1289 Ex
283 1248 340 1287 his
363 1261 449 1286 cum
474 1248 630 1298 quidam
660 1248 780 1286 ess'ent
803 1248 1002 1288 inferiores
1019 1281 1030 1298 .,
1053 1252 1207 1301 quidam
1232 1256 1357 1303 majo.

74 1322 130 1350 res
148 1342 158 1358 ,
186 1310 319 1350 ordine
341 1309 503 1350 decursis
530 1308 771 1347 inferioribus
786 1338 796 1356 ,
814 1308 957 1347 fiebant
981 1309 1039 1349 vel
1067 1312 1355 1360 Sacerdotales,

74 1371 135 1411 vel
166 1368 423 1419 principales,
451 1369 490 1408 L.
522 1368 573 1407 VI
599 1368 641 1408 C.
669 1367 822 1407 Theod.
858 1369 905 1406 de
932 1369 1071 1411 Decur.
1106 1371 1209 1411 Hinc
1240 1374 1354 1413 toties

76 1435 250 1472 videmus
287 1432 520 1472 Decuriones
563 1432 598 1470 Sc
642 1429 871 1480 Principales
921 1430 1107 1481 separari,
1147 1434 1187 1474 L.
1217 1435 1274 1484 V,
1311 1437 1351 1477 L-

74 1494 259 1535 XXXIX
287 1494 381 1534 Cod.
408 1492 560 1532 Theod.
588 1491 635 1530 de
657 1492 795 1531 Decor.
817 1491 1051 1543 principales
1083 1496 1200 1534 etiam
1222 1498 1353 1548 appel-

72 1556 196 1595 lantur
220 1555 391 1603 Primarii
415 1555 452 1592 in
475 1553 607 1592 iisdem
634 1553 988 1593 Constitutionibus.
1022 1556 1068 1595 Et
1094 1569 1159 1595 eos
1177 1557 1250 1596 effe
1272 1571 1352 1608 pu-

71 1626 112 1656 to
131 1649 141 1666 ,
162 1630 256 1668 quos
288 1617 482 1656 reverendi
509 1615 651 1654 ordinis
680 1615 804 1654 Duces
828 1617 1050 1656 Ammianus
1069 1620 1346 1669 nuncupatlib.

71 1679 175 1720 XIV.
200 1679 254 1719 Ex
277 1677 339 1717 his
371 1687 497 1724 erant,
526 1677 588 1728 qui
621 1677 870 1717 Patronorum
898 1678 1126 1728 dignitatem
1157 1681 1351 1731 adipisce-

70 1751 222 1790 rentur,
249 1741 290 1781 L.
318 1740 406 1780 LXI
431 1739 473 1780 C.
498 1738 648 1780 Theod.
679 1741 726 1778 de
757 1740 892 1780 Decus.
916 1741 1095 1792 Interque
1119 1743 1350 1795 Principales

22 1849 23 1852 Ἴ
72 1803 297 1843 crediderim
329 1801 462 1850 fuisse,
495 1814 589 1851 quos
623 1801 765 1842 ffidiles
786 1803 1059 1852 nominabant,
1086 1818 1173 1845 cum
1195 1808 1348 1851 videam

72 1866 256 1915 conjungi
290 1863 597 1904 Sacerdotalibus
622 1866 661 1903 in
692 1863 756 1905 lib.
780 1864 951 1905 XXVIII
978 1865 1036 1905 his
1070 1868 1215 1909 verbis:
1242 1872 1346 1910 occi-

60 1930 113 1980 fis
139 1927 397 1966 Decurionibus
425 1927 569 1973 multis,
601 1927 689 1965 inter
714 1940 800 1978 quos
828 1928 1054 1980 Rusticianus
1083 1933 1347 1981 Sacerdomlis,

68 1991 103 2029 6·
132 1989 300 2040 Nicafius
323 1988 472 2027 enitebat
497 1988 653 2027 AEdilis.
682 1987 826 2028 AEdiles
854 1988 956 2029 enim
985 1990 1022 2028 in
1048 1992 1267 2043 municipiis
1290 1995 1346 2033 di-

68 2051 102 2091 ci
133 2052 211 2100 jam
241 2059 376 2090 notum
403 2049 465 2089 est.
506 2049 558 2089 Hi
585 2062 675 2099 ergo
705 2062 785 2088 non
809 2051 921 2089 unius
947 2050 1049 2098 loci,
1077 2053 1140 2093 sed
1166 2055 1344 2097 omnium

68 2112 360 2162 municipiorum
382 2113 417 2151 Sc
434 2110 632 2150 civitatum
650 2110 901 2161 principalem
924 2114 1080 2162 gradum
1100 2115 1340 2157 sustinebant.

66 2173 165 2214 Nam
184 2173 225 2212 in
252 2171 478 2222 quibusdam
504 2171 719 2221 municipiis
737 2180 886 2212 tantum
912 2175 1053 2215 AEdiles
1074 2177 1207 2226 l‘uiffe,
1232 2180 1338 2227 quod

66 2233 206 2273 eruditi
233 2233 497 2282 contendunt,
527 2233 679 2272 firmare
707 2246 786 2272 non
814 2234 943 2275 ausim.
983 2237 1128 2277 AEdiles
1158 2239 1341 2280 diceban-

22 2317 32 2338 :
66 2305 150 2345 tur,
174 2297 279 2347 quod
312 2296 563 2336 aedificiorum
596 2295 838 2346 publicorum
873 2302 908 2337 Sc
936 2301 1166 2349 privatarum
1195 2304 1336 2345 aedium

31 2372 35 2403 ε,
66 2371 195 2398 curam
215 2358 420 2408 haberent,
446 2368 488 2398 ut
512 2358 773 2400 Sacerdotales
791 2389 802 2407 ,
830 2362 892 2410 qui
919 2362 1121 2404 sacrorum.
1153 2365 1210 2405 De
1230 2366 1336 2406 AEdi-

10 2468 35 2484 Γ
71 2419 170 2460 libus
197 2420 408 2461 Curialibus
432 2421 682 2474 intelligenda
707 2421 747 2463 L.
774 2422 810 2463 II
837 2423 879 2463 C.
912 2425 951 2465 Si
972 2425 1097 2467 servus
1122 2436 1187 2468 aut
1211 2426 1334 2471 libert.
