1626 2917
263 155 482 203 RERUM
515 153 854 203 GESTARUM
885 154 988 202 LIB.
1021 156 1150 204 XIV.
1322 175 1350 220 9

76 261 298 310 celeritate
324 261 459 308 nimia
487 260 787 324 praevenirent
805 297 819 317 ‚
843 261 1005 326 vigore
1025 278 1269 325 corporum
1302 281 1354 311 ac

74 334 257 383 levitate
279 333 432 382 confifi
447 370 459 391 ,
483 351 560 397 per
579 333 799 380 flexuosas
821 333 991 381 semitas
1011 334 1066 381 ad
1085 334 1356 383 summitates

75 407 262 455 collium
293 408 457 455 tardius
485 408 750 455 evadebant.
779 409 833 453 Et
862 425 962 455 curn
995 408 1205 471 superatis
1241 410 1357 456 diffi-

76 481 318 529 cultatibus
335 482 506 539 arduis,
526 483 581 529 ad
602 481 836 544 supercilia
865 481 1083 530 venissent
1104 482 1235 530 fluvii
1257 486 1358 530 Me-

75 551 188 599 lanis
217 554 294 601 alti
315 557 364 603 &
386 555 599 603 verticofi
614 592 627 614 ,
650 555 727 619 qui
747 571 831 618 pro
853 573 984 603 muro
1006 569 1156 603 tuetur
1181 557 1359 605 accolas

74 625 367 674 circumfusus
383 664 397 686 ,
418 642 610 692 augente
637 629 769 675 noete
791 627 935 674 adulta
955 640 1196 688 terrorem,
1229 630 1357 694 quie-

75 715 186 746 vere
221 701 442 763 paulisper
483 703 631 749 lucem
677 701 977 764 opperientes.
1015 702 1360 750 Arbitrabantur

75 772 196 818 enim
216 774 343 819 nullo
370 774 640 836 impediente
671 772 942 835 transgressi,
963 773 1157 836 inopino
1178 776 1362 823 accursu

76 843 273 905 apposita
295 861 485 907 quaeque
508 844 702 891 vastare:
730 844 804 891 sed
825 844 1040 891 incassum
1061 846 1238 894 labores
1257 866 1361 910 per-

78 916 221 962 tulere
257 917 551 981 graviffimos.
591 917 707 962 Nam
746 915 837 984 sole
875 928 1015 974 orto,
1052 919 1361 981 magnitudine

79 989 251 1051 angusti
278 988 494 1053 gurgitis,
523 988 594 1034 sed
623 988 864 1051 profundi,
894 1006 918 1035 a
938 990 1122 1037 transitu
1151 992 1363 1039 arceban-

79 1074 181 1108 tur:
203 1063 252 1110 &
283 1062 387 1108 dum
423 1061 687 1124 piscatorios
720 1074 927 1125 quaerunt
958 1062 1253 1121 lenunculos,
1286 1064 1361 1111 vel

79 1132 238 1180 innare
264 1147 427 1181 temere
454 1133 678 1181 contextis
711 1133 879 1180 ratibus
914 1147 1102 1196 parant,
1126 1135 1274 1183 effusae
1296 1136 1362 1184 le-

79 1208 261 1269 giones,
296 1224 396 1271 quae
428 1207 685 1254 hiemabant
718 1219 826 1254 tunc
865 1208 984 1269 apud
1022 1208 1179 1266 Siden,
1210 1209 1362 1256 iisdem

79 1279 252 1342 impetu
272 1297 511 1328 occurrere
539 1278 705 1326 veloci.
736 1282 791 1325 Et
810 1279 938 1342 signis
968 1297 1110 1344 prope
1133 1282 1272 1344 ripam
1294 1283 1364 1329 lo-

81 1351 190 1397 catis
219 1352 271 1398 ad
301 1367 458 1398 manus
482 1350 688 1398 cominus
719 1349 1036 1407 conserendas,
1067 1353 1242 1399 densata
1266 1353 1364 1401 scu-

82 1436 236 1470 torum
270 1440 486 1487 compage
520 1423 653 1469 semet
686 1422 963 1470 scientiffime
1000 1425 1323 1486 praestruebant
1351 1445 1364 1475 t

82 1496 212 1544 ausos
245 1514 429 1561 quoque
460 1497 636 1561 aliquos
674 1495 837 1543 fiducia
873 1498 1041 1555 nandi,
1077 1500 1153 1546 vel
1197 1501 1366 1549 cavatis

81 1569 296 1615 arborum
327 1568 496 1616 truncis
525 1584 701 1614 amnem
732 1584 960 1630 permeare
994 1570 1209 1630 latenter,
1241 1572 1366 1620 facil-

82 1640 189 1687 lime
213 1641 505 1688 trucidarunt.
531 1640 662 1688 Unde
696 1640 874 1686 tentatis
908 1641 963 1688 ad
991 1642 1226 1690 discrimen
1259 1645 1366 1692 ulti-

85 1730 212 1761 mum
232 1714 399 1762 artibus
428 1713 644 1773 multum,
663 1731 766 1761 cum
791 1714 902 1760 nihil
922 1714 1261 1778 impetraretur,
1292 1737 1370 1782 pa-

82 1802 202 1834 vore
239 1786 379 1850 vique
421 1787 663 1850 repellente
703 1788 896 1846 extrusi,
927 1790 975 1837 &
1008 1806 1101 1852 quo
1132 1792 1369 1839 tenderent

83 1859 388 1923 ambigentes,
414 1876 580 1907 venere
612 1877 753 1923 prope
784 1858 1002 1924 oppidum
1027 1865 1241 1911 Laranda.
1276 1864 1370 1912 Ubi

84 1933 210 1980 viem
244 1933 426 1981 recreati
455 1936 502 1981 ἃ
530 1934 704 1997 quiete,
735 1934 970 1998 postquam
1005 1937 1169 1983 abierat
1200 1937 1371 1998 timor,

38 2027 39 2030 ¹
86 2005 217 2053 vicos
242 2006 488 2070 opulentos
518 2007 690 2064 adorti,
718 2008 981 2070 equestrium
1003 2009 1264 2070 adjumento
1287 2028 1371 2058 co-

85 2077 319 2137 hortium,
356 2095 457 2142 quae
495 2078 594 2126 casu
630 2079 1024 2142 propinquabant,
1056 2098 1138 2129 nec
1173 2082 1370 2129 resistere

86 2150 269 2214 planitie
302 2153 507 2215 porrecta
546 2154 729 2211 conati,
773 2154 944 2217 digreffi
983 2154 1119 2202 sunt:
1157 2169 1371 2222 retroque

86 2224 414 2284 concedentes,
448 2243 584 2273 omne
620 2224 871 2286 juventutis
909 2228 1050 2275 robur
1090 2229 1289 2276 relietum
1324 2230 1371 2277 in

86 2293 260 2343 sedibus
288 2298 564 2346 acciverunt.
599 2301 654 2345 Et
682 2300 899 2362 quoniam
931 2302 1077 2349 inedia
1103 2304 1231 2366 gravi
1265 2304 1372 2350 affli-

87 2367 350 2430 &abantur,
393 2372 545 2420 locum
591 2372 793 2435 petivere
831 2376 981 2424 Paleas
1023 2379 1237 2437 nomine,
1272 2395 1373 2426 ver-

85 2453 263 2507 gentem
288 2443 336 2490 in
354 2462 498 2505 mare,
526 2446 680 2495 valido
712 2465 844 2499 muro
874 2449 1122 2511 firmat-„inu
1152 2453 1231 2501 ubi
1263 2469 1372 2503 conr
