1626 2917
290 155 510 201 RERUM
544 154 889 200 GESTARUM
919 154 1025 200 ΠΒ.
1060 155 1187 201 XIV.
1326 173 1374 201 υ

1359 193 1376 218 )

103 260 229 308 versa
259 273 508 324 reptantes,
533 260 579 306 in
612 260 864 323 tranquillis
895 260 969 307 vel
998 260 1189 309 turbidis
1220 261 1382 309 rebus:

102 350 188 382 nec
217 351 377 382 eorum
402 334 635 399 quisquam
665 335 907 400 aliquando
940 334 1099 382 stivam
1131 337 1383 400 apprehen-

101 406 191 465 dit,
224 407 298 455 vel
317 408 524 455 arborem
548 408 686 465 colit,
718 422 792 455 aut
822 425 930 455 arva
953 408 1198 472 subigendo
1218 409 1384 473 quaeri·

103 491 166 525 tat
189 480 358 527 vicium
380 497 391 525 ε
410 481 482 527 sed
501 493 649 527 errant
668 480 838 544 semper
858 497 936 547 per
962 480 1098 544 spatia
1118 482 1252 546 longe
1274 483 1384 529 late-

102 569 189 615 que
216 554 431 613 distenta,
460 555 550 602 fine
575 555 689 613 lare,
721 555 812 601 fine
842 554 1016 603 sedibus
1040 553 1137 603 fixis
1169 568 1245 603 aut
1271 557 1383 619 legi-

101 625 184 672 bus
203 645 214 673 :
236 644 319 674 nec
338 627 454 674 idem
477 627 705 692 perferunt
726 626 890 675 diutius
912 628 1106 685 coelum,
1126 640 1203 676 aut
1220 630 1383 676 traAElus

100 700 232 748 unius
255 701 337 750 soli
365 703 452 750 illis
482 720 679 767 unquam
706 702 865 765 placet.
904 703 999 750 vita
1022 703 1083 749 est
1104 703 1191 751 illis
1213 703 1384 767 semper

101 769 148 818 in
167 772 269 837 fuga
282 811 296 832 ,
315 774 562 838 uxoresque
582 774 865 822 mercenariae
885 774 1119 821 conduf'tae
1137 776 1192 821 ad
1211 788 1386 839 tempus

101 860 156 889 ex
182 847 311 908 ρειξὶο
329 865 340 894 :
358 862 489 911 atque
507 860 555 893 ut
575 847 626 893 fit
646 847 809 910 species
834 847 1135 903 matrimonii,
1155 848 1273 894 dotis
1296 866 1386 894 no·-

102 916 223 963 mine
249 917 394 965 futura
422 917 591 979 conjux
620 919 783 965 hastam
818 919 1222 966 &tabernaculum
1253 921 1386 967 offert

103 990 295 1048 marito,
317 990 417 1053 post
442 992 599 1037 statum
619 992 735 1038 diem
762 992 791 1037 fi
816 991 862 1037 id
887 991 1095 1054 elegerit,
1122 991 1350 1039 discessura
1372 1011 1383 1038 ;

101 1064 152 1110 &
175 1063 439 1112 incredibile
457 1065 544 1123 est,
566 1082 659 1130 quo
688 1066 848 1112 ardore
867 1066 983 1128 apud
1007 1082 1085 1113 eos
1106 1066 1151 1112 in
1171 1083 1386 1115 venerem

102 1153 289 1202 uterque
320 1138 513 1187 solvitur
534 1141 674 1187 sexus.
705 1142 768 1187 Ita
792 1152 962 1197 autem,
986 1140 1135 1202 quoad
1155 1140 1353 1188 vixerint
1370 1179 1384 1197 ,

103 1208 190 1257 late
217 1211 448 1274 palantur,
472 1227 520 1260 ut
544 1213 651 1261 alibi
670 1213 830 1259 mulier
852 1213 1017 1270 nubat,
1038 1211 1084 1258 in
1108 1212 1216 1259 loco
1244 1214 1386 1276 pariat

105 1284 224 1342 alio,
255 1286 507 1350 liberosque
536 1288 698 1350 procul
725 1288 885 1334 educat
903 1323 916 1344 ,
943 1287 1065 1333 nulla
1099 1286 1230 1349 copia
1262 1288 1387 1350 quie-

104 1357 254 1405 scendi
289 1361 508 1422 permiffa.
545 1362 699 1407 Victus
734 1359 1095 1422 universiscaro
1124 1358 1265 1407 ferina
1297 1360 1382 1418 est,

104 1430 313 1495 laffisque
333 1434 562 1480 abundans
586 1433 715 1496 copia
729 1469 742 1491 ,
762 1449 849 1495 qua
870 1431 1192 1490 sustentantur,
1219 1434 1268 1480 &
1283 1432 1386 1479 her-

107 1503 177 1550 bae
219 1504 517 1567 multiplices,
549 1508 597 1553 &
630 1506 660 1551 fi
698 1522 799 1568 quae
836 1505 962 1551 alites
1003 1504 1101 1566 capi
1131 1522 1210 1567 per
1248 1522 1387 1551 aucu-

84 1578 232 1640 pium
264 1578 456 1639 poffin13
481 1580 531 1626 δε
563 1578 799 1641 plerosque
831 1594 916 1624 nos
951 1577 1144 1625 vidimus
1174 1577 1386 1624 frumenti

105 1649 230 1696 usum
255 1652 306 1697 &
332 1650 430 1698 vini
461 1651 636 1713 penitus
666 1652 939 1715 ignorantes.
968 1652 1191 1698 Ha&enus
1223 1652 1276 1697 de
1304 1670 1385 1698 na-

104 1721 233 1768 tione
262 1722 540 1786 perniciosa:
567 1741 688 1772 nunc
719 1724 774 1771 ad
804 1735 979 1771 textum
1006 1723 1287 1788 propositum
1314 1742 1387 1772 re-

105 1808 350 1844 vertamur.
370 1800 381 1809 ’

170 1870 230 1914 V.
258 1869 384 1915 Dum
416 1868 511 1917 haec
538 1869 585 1916 in
618 1867 808 1915 Oriente
835 1880 1053 1932 aguntur,
1084 1868 1258 1916 Arelate
1291 1869 1388 1916 hie-

78 1943 84 1948 ’
105 1959 224 1990 mem
244 1960 376 2006 agens
397 1944 712 1998 Constantius,
731 1943 828 2006 post
848 1944 1084 1990 theatrales
1104 1944 1234 2002 ludos
1254 1956 1387 2007 atque.

4 2030 7 2077 ᾗ
64 2062 67 2065 .
109 2015 325 2064 circenses
350 2018 590 2065 ambitioso
612 2019 755 2065 editos
782 2031 1022 2081 apparatu,
1044 2018 1113 2063 die
1133 2018 1259 2064 sexto
1287 2019 1388 2066 Idus

108 2089 348 2148 Ofilobres,
365 2091 444 2154 qui
459 2091 632 2153 imperii
653 2091 745 2152 ejus
763 2108 927 2137 annum
946 2090 1213 2138 tricesimum
1234 2091 1387 2137 termi-

107 2162 272 2219 nabat,
291 2163 542 2210 insolentiae
569 2165 767 2227 pondera
799 2164 978 2227 gravius
999 2164 1194 2221 librans,
1218 2163 1248 2209 fi
1277 2164 1386 2226 quid

109 2234 292 2282 dubium
325 2236 604 2284 deferebatur
634 2251 708 2284 aut
738 2238 920 2296 falsum,
947 2254 1032 2300 pro
1067 2238 1241 2300 liquido
1272 2238 1388 2284 acci·

107 2307 233 2370 piens
252 2312 300 2357 &
320 2326 556 2374 comperto
569 2348 580 2368 ,
598 2313 712 2358 inter
729 2312 811 2358 alia
828 2309 1190 2359 excarnificatum
1207 2312 1389 2356 Geron-

108 2378 220 2426 tium
247 2383 575 2446 Magnentianae
600 2385 826 2431 Comitem
857 2385 1020 2446 partis,
1041 2382 1232 2429 exsulari
1267 2397 1388 2427 moe-

110 2467 216 2499 rore
238 2454 484 2506 mulElavit.
502 2459 654 2521 thue
673 2473 838 2521 aegrum
860 2472 1026 2521 corpus
1045 2453 1234 2520 quass'ari
1255 2453 1389 2501 etiam
