1626 2917
172 106 228 165 56
362 104 1248 151 AMMIANIMARCELLINI

168 208 339 272 fragosa
373 209 625 254 vitabantur
653 209 703 256 &
727 208 873 272 aspera
891 245 904 268 ,
931 223 1064 272 potus
1093 210 1247 273 inopia
1272 225 1443 273 preme-

166 281 325 328 bamur
357 283 405 327 &
439 280 540 328 cibi.

234 357 349 401 V111.
379 356 432 400 Et
458 373 543 417 pax
578 354 719 417 specie
743 355 1031 403 humanitatis
1058 356 1228 404 indulta
1245 392 1257 413 ‚
1277 356 1320 402 in
1344 373 1444 418 per-

168 428 330 474 niciem
353 427 413 474 est
439 427 563 474 versa
585 429 832 475 multorum
857 446 867 475 :
887 429 991 491 qui,
1013 428 1126 474 fame
1146 428 1335 491 adusque
1356 427 1443 490 spi—

167 502 304 547 ritum
338 502 513 548 lacerati
556 502 826 565 postremum
847 539 861 560 ,
890 502 1084 566 ideoque
1115 503 1301 548 latenter
1334 516 1444 562 pro-

168 573 293 636 gressi
313 609 325 627 ‚
357 587 433 620 aut
453 574 675 636 imperitia
703 575 837 621 nandi
863 575 1034 638 gurgite
1054 573 1251 620 fluminis
1274 574 1444 619 adhau-

167 645 422 691 riebantur:
457 658 531 691 aut
560 645 590 690 si
628 647 842 691 undarum
867 647 911 691 vi
933 646 1128 708 superata
1163 644 1368 690 venirent
1389 642 1444 689 ad

168 716 286 778 ripas
308 751 321 772 ‚
356 734 379 762 a
407 716 637 763 Saracenis
669 716 743 762 vel
782 716 918 763 Persis
947 715 1098 778 (quos
1119 751 1132 771 ‚
1168 727 1217 761 ut
1253 714 1446 760 diximus

167 790 304 850 paulo
344 799 445 835 ante
470 823 482 845 ‚
525 789 823 836 exturbavere
868 787 1124 850 Germani)
1160 788 1446 834 caedebantur

168 872 218 907 ut
247 877 412 922 pecora
433 896 446 918 ‚
478 861 551 906 vel
571 861 748 923 longius
768 861 990 907 amandati
1012 860 1110 907 sunt
1129 857 1447 907 venumdandi.

168 934 260 980 Ubi
294 950 408 979 vero
438 934 691 980 transeundi
728 934 870 980 amnis
905 947 1054 996 aperte
1086 934 1256 997 signum
1288 931 1448 977 dedere

171 1006 378 1053 buccinae
421 1020 742 1069 concrepantes
763 1043 777 1066 ‚
812 1010 1004 1054 immane
1039 1024 1134 1070 quo
1184 1018 1447 1068 quantoque

169 1078 328 1124 ardore
370 1092 536 1124 temere
583 1078 800 1140 rapiendo
838 1091 1065 1125 momenta
1104 1076 1407 1139 periculorum
1431 1109 1447 1132 ‚

170 1147 305 1195 semet
326 1150 510 1213 quisque
528 1150 708 1213 reliquis
731 1151 940 1197 omnibus
965 1163 1243 1211 anteponens
1261 1183 1274 1203 ‚
1303 1146 1447 1192 vitare

169 1222 309 1268 multa
341 1224 390 1268 &
421 1222 634 1268 terribilia
666 1221 925 1268 festinabat:
947 1224 994 1268 &
1023 1239 1122 1283 pars
1156 1220 1348 1266 cratibus
1378 1231 1447 1264 te-

170 1310 291 1340 mere
323 1294 456 1339 textis
485 1292 681 1354 jumenta
701 1294 941 1340 retinentes
962 1293 1065 1340 hinc
1090 1294 1193 1339 inde
1219 1293 1445 1348 natantia;

170 1367 244 1414 alii
267 1367 585 1429 supersidentes
603 1368 775 1415 utribus
794 1404 806 1425 ‚
835 1368 1015 1431 quidam
1039 1366 1211 1414 diversa
1231 1366 1275 1412 in
1296 1366 1448 1413 neces-

169 1441 306 1487 sitatis
347 1440 540 1501 abrupto
576 1440 804 1487 versantes
826 1476 838 1498 ,
866 1440 1083 1486 undarum
1115 1437 1447 1486 occursantium

171 1505 329 1560 flufilus
372 1513 568 1575 obliquis
607 1514 824 1560 meatibus
861 1513 1166 1574 penetrabant.
1202 1514 1448 1574 Imperator

174 1584 267 1647 ipse
296 1585 511 1632 brevibus
541 1584 696 1631 lembis
715 1619 728 1642 ‚
756 1600 871 1648 quos
904 1584 1001 1646 post
1035 1584 1232 1630 exustam
1272 1584 1446 1630 classem

171 1659 411 1706 docuimus
452 1658 698 1705 remansisse
728 1694 742 1716 ‚
788 1675 888 1704 cum
931 1658 1083 1720 paucis
1131 1656 1402 1704 transvefius
1433 1693 1449 1717 ,

171 1733 325 1780 eadem
370 1732 545 1795 navigia
579 1732 699 1778 ultro
736 1731 942 1794 citroque
976 1731 1221 1777 discurrere
1267 1730 1413 1777 statuit
1437 1766 1449 1784 ‚

172 1806 279 1852 dum
311 1821 467 1851 omnes
508 1805 882 1851 conveheremur.
923 1804 1215 1866 Tandemque
1254 1803 1449 1850 universi

173 1892 334 1941 praeter
370 1877 537 1925 mersos
573 1877 629 1924 ad
664 1877 899 1924 ulteriores
939 1877 1146 1923 venimus
1194 1876 1413 1940 margines
1435 1912 1450 1935 ‚

175 1951 334 1999 favore
364 1950 507 2013 superi
538 1949 733 1997 numinis
765 1949 1017 1997 discrimine
1045 1965 1123 2012 per
1152 1949 1354 1996 difficiles
1375 1967 1451 1997 ca-

174 2024 244 2072 sus
263 2024 459 2070 extraEti.
486 2024 612 2070 Dum
633 2039 718 2069 nos
737 2022 1027 2085 pendentium
1054 2039 1349 2069 aerumnarum
1367 2039 1451 2085 op-

175 2097 330 2160 primit
359 2098 528 2153 timor,
567 2108 848 2159 compertum
885 2095 946 2142 est
979 2095 1339 2158 procursatorum
1378 2095 1450 2141 in-

178 2169 326 2225 dicio,
354 2169 499 2216 Persas
519 2182 703 2232 pontem
724 2167 907 2231 jungere
929 2167 1086 2230 procul
1117 2184 1140 2214 e
1158 2167 1314 2215 nostro
1332 2184 1449 2214 con-

175 2243 319 2307 spePtu
339 2280 354 2300 ,
381 2257 428 2290 ut
456 2244 555 2306 post
588 2242 803 2289 firmatam
838 2258 992 2304 pacem
1021 2243 1069 2289 &
1096 2240 1264 2287 foedera
1294 2240 1450 2303 sopitis

176 2318 282 2365 belli
306 2318 556 2364 turbinibus
584 2353 598 2374 ,
638 2315 902 2364 incuriosius
930 2314 1174 2378 gradientes
1199 2330 1369 2378 aegros,
1399 2316 1451 2361 &

179 2388 385 2437 animalia
416 2401 619 2453 peterent
649 2389 724 2437 diu
760 2387 995 2453 defatigata
1029 2405 1038 2436 :
1068 2404 1225 2437 verum
1267 2403 1367 2436 cum
1406 2386 1449 2434 se
