1626 2917
268 221 488 270 RERUM
521 219 858 268 GESTARUM
893 219 994 266 LIB.
1031 219 1156 265 XXI.
1258 235 1352 281 279

82 324 259 389 imperii
289 324 485 389 vitaeque
518 341 639 373 anno
671 324 1034 388 quadragesimo²
1058 325 1107 370 &
1132 322 1355 368 mensibus

80 398 247 461 paucis.
274 398 378 445 Post
395 415 523 462 quae,
554 397 764 461 supremis
785 415 884 444 cum
905 396 1069 461 gemitu
1099 394 1355 443 conclama=

81 471 160 527 tis,
194 472 438 536 excitisque
463 472 670 520 lamentis
700 473 752 520 ὃς
779 471 927 529 lucin,
958 469 1259 517 deliberabant
1279 467 1357 516 lo—

80 559 184 589 cum
202 543 457 591 obtinentes
475 544 521 590 in
541 544 642 591 aula
659 545 778 607 regia
793 543 1010 605 primum,
1026 541 1132 604 quid
1148 548 1330 603 agerent
1339 574 1360 596 ‚.

79 614 250 676 quidve
280 617 432 664 moliri
464 618 708 664 deberent:
742 616 977 679 paucisque
1011 613 1191 661 occulte
1228 612 1359 675 super

81 685 290 749 eligendo
305 689 574 750 Imperatore
592 687 786 746 tentatis,
804 687 1033 745 incitante,
1049 700 1097 733 ut
1115 687 1355 744 ferebatur,

80 758 310 818 Eusebio,
343 777 475 822 quem
511 777 729 807 noxarum
766 761 1037 808 conscientia
1079 759 1363 817 stimulabat„

81 846 184 877 cum
206 833 430 880 novandis
461 833 592 880 rebus
622 833 857 891 imminens
884 834 1109 880 obsisteret
1129 833 1326 880 Julianus
1342 866 1358 889 ,

81 901 320 950 mittuntur
347 905 401 951 ad
430 921 533 952 eum
561 905 869 967 Theolaiphus
899 907 947 953 &
979 904 1199 967 Aligildus
1217 940 1229 960 ,
1252 917 1365 950 tunc:

82 976 272 1023 comites
286 1012 299 1035 ,
317 991 509 1024 mortem
534 977 780 1024 indicantes
802 979 1080 1041 propinqui,
1101 979 1150 1025 &
1169 975 1359 1033 oraturi,

81 1063 133 1094 ut
161 1066 291 1096 mora
307 1051 437 1097 omni
458 1051 635 1113 depulsa
653 1052 709 1097 ad
732 1052 1030 1098 obtinendum
1048 1052 1363 1112 obtemperare

81 1120 162 1168 fibi
189 1135 390 1184 paratum
429 1125 630 1170 tenderet
660 1125 910 1171 Orientem.
947 1127 1077 1171 Fama
1105 1136 1253 1170 tamen
1280 1139 1359 1168 ru·-

81 1212 274 1259 morque
301 1195 570 1260 loquebatur
590 1197 786 1245 incertus
802 1234 815 1254 ,
839 1197 1156 1244 Constantium
1186 1195 1360 1242 volun-

81 1280 217 1315 tatem
248 1271 467 1317 ordinasse
498 1270 763 1333 postremam
788 1288 799 1317 :
836 1271 879 1316 in
907 1287 993 1333 qua
1026 1270 1276 1323 Julianum,
1307 1279 1362 1314 ut:

80 1343 390 1404 praediximus,
409 1343 577 1406 scripsit
595 1344 803 1390 heredem
819 1362 829 1390 τ
845 1346 893 1391 &
913 1343 981 1397 iis,
994 1359 1110 1406 quos
1126 1342 1369 1405 diligebatw

80 1413 415 1462 fideicommissa
432 1416 587 1462 detulit
605 1418 653 1463 ὅ(
679 1416 833 1479 legata.
853 1420 1053 1462 Uxorem
1077 1427 1223 1461 autem
1243 1431 1359 1476 prae-

84 1501 297 1551 gnantem
338 1488 547 1552 reliquit,
590 1488 708 1535 unde
746 1488 863 1535 edita
913 1488 1145 1569 postuma,
1178 1487 1371 1548 εῇυίῳιθ»

81 1561 267 1607 nomine
290 1562 537 1624 appellata,
557 1579 659 1608 cum
678 1560 969 1619 adolevisset,
989 1560 1266 1641 matrimonii
1285 1558 1362 1622 ju-²

82 1649 131 1680 re
161 1633 371 1694 copulata
394 1632 454 1678 est
480 1634 718 1681 Gratiano.

138 1705 263 1751 Xv1.
279 1705 538 1751 Bonorum
528 1705 662 1768 igitur
675 1704 983 1767 vitiorumque
999 1704 1092 1764 ejus
1110 1704 1362 1752 differentia
1430 1727 1435 1738 ·

82 1772 421 1835 vereser'vata,
441 1777 664 1839 praecipua
698 1777 841 1839 prima
871 1778 1116 1825 conveniet
1145 1777 1364 1840 expediri,

81 1848 387 1910 Imperatoriae
411 1849 685 1911 auctoritatis
717 1850 988 1896 cothurnum
1012 1850 1181 1913 ubique
1207 1851 1360 1896 custo-

81 1921 234 1979 diens,
252 1921 602 1984 popularitatem
633 1923 750 1968 elato
782 1923 933 1969 animo
963 1923 1281 1969 contemnebat
1310 1925 1360 1970 {Se

81 2010 277 2058 magno:
304 2011 405 2058 erga
423 1994 678 2042 tribuendas
703 1996 915 2042 celsiores
931 1996 1163 2059 dignitates
1183 1996 1360 2058 impen-

83 2067 160 2114 dio
181 2064 490 2130 parcustnihil
512 2069 627 2115 circa
648 2069 1083 2117 administrationum
1102 2083 1358 2133 augmenta³

82 2153 243 2204 praeter
261 2159 427 2205 pauca,
460 2144 623 2191 novari
653 2143 906 2205 perpessus:
938 2159 1165 2206 nunquam
1187 2144 1369 2207 erigens«

86 2231 257 2260 cornua
280 2214 551 2262 militarium.
583 2216 678 2262 Nec
699 2215 776 2261 sub
803 2232 859 2261 eo
888 2216 977 2261 dux
1004 2216 1232 2278 quisquam
1257 2233 1361 2263 cum

85 2285 382 2333 Clariffimatu
404 2288 644 2349 provectus
670 2287 743 2333 est.
763 2298 886 2333 erant
903 2287 1020 2334 enim
1036 2323 1050 2346 ,
1068 2300 1116 2334 ut
1137 2304 1222 2335 nos
1240 2305 1360 2351 quo-

85 2377 174 2423 que
198 2361 481 2410 meminimus
495 2398 508 2421 ‚
529 2361 826 2409 Perfeffiffimi
843 2378 854 2406 ε
872 2378 955 2409 nec
975 2362 1241 2410 occurrebat
1263 2378 1362 2407 ma·-

84 2431 222 2496 gistro
247 2434 448 2496 equitum
477 2433 731 2497 provinciae
760 2435 934 2492 rector,
966 2451 1048 2482 nec
1076 2433 1277 2496 contingi
1303 2433 1371 2479 ab>

85 2520 149 2552 eo
163 2505 300 2554 civile
318 2507 546 2573 negotium
566 2507 862 2587 permittebat.
881 2509 966 2555 Sed
984 2509 1153 2556 eunctae
1172 2509 1371 2554 castren--

1020 2583 1115 2639 54
