1626 2917
301 150 521 200 RERUM
553 151 893 201 'GESTARUM
919 151 1023 201 LIB.
1058 153 1254 202 XXVII.
1330 170 1412 220 1¹3

141 255 235 306 ire:
259 259 373 305 rec‘te
394 249 681 306 noscentibus
704 258 895 320 placuit,
915 258 1105 306 navibus
1130 259 1319 324 remigio
1350 260 1420 307 di-

140 331 268 378 reElis
288 331 334 377 in
354 332 548 379 medium
572 331 765 389 flumen,
786 349 886 395 qua:
909 334 1131 380 vehebant
1155 351 1257 381 cum
1281 334 1418 382 armi·-

143 405 257 468 geris
277 405 528 468 Principem
545 442 556 462 ,
578 405 802 469 gentisque
830 405 1021 466 judicem
1050 407 1153 453 inde
1181 425 1283 455 cum
1306 408 1417 466 suis,

142 478 376 536 foederari,
390 492 438 525 ut
455 480 663 527 statutum
684 479 745 526 est
761 517 775 536 ‚
791 497 957 542 pacem.
978 482 1169 543 Hocque
1191 482 1420 545 compofi·

144 565 221 608 ιο,
246 553 296 600 &
313 553 504 615 acceptis
519 553 744 600 obsidibus
758 590 771 611 ‚
785 554 948 600 Valens
966 554 1418 617 Constantinopolim

142 624 294 671 rediit:
313 626 389 671 ubi
409 624 559 687 postea
579 627 871 672 Athanaricus
888 626 1203 688 proximorum
1225 627 1419 674 faitione

142 698 407 762 genitalibus
432 698 558 744 terris
585 698 794 760 expulsus
810 735 822 756 ,
845 699 965 745 fatali
997 699 1113 746 sorte
1141 701 1343 757 decessit,
1368 702 1418 748 &

128 765 386 818 ¹ambitiosis
406 769 621 833 exsequiis
643 771 730 816 ritu
751 770 941 833 sepultus
961 770 1021 817 est
1041 771 1207 818 nostro.

161 876 167 888 ,
207 845 284 890 Vt.
316 846 432 889 Inter
464 844 558 890 haec
582 843 899 890 Valentiniano
932 844 1234 907 magnitudine
1251 847 1419 908 quassa·

142 928 193 964 to
222 918 485 964 morborum
505 952 518 975 ,
542 917 823 980 agitanteque
843 929 1038 964 extrema
1054 953 1066 975 ‚
1089 919 1313 966 convivio
1335 938 1420 969 oc-

144 990 334 1038 cultiore
355 990 591 1036 Gallorum
608 1024 622 1046 ,
640 990 714 1051 qui
740 990 921 1035 aderant
942 990 987 1035 in
1003 992 1272 1037 commilitio
1291 993 1420 1039 Prin-

142 1064 284 1126 cipis,
311 1063 364 1108 ad
403 1062 636 1123 imperium
664 1062 870 1109 Rusticus
897 1062 1095 1109 Julianus
1132 1074 1240 1110 tunc
1277 1068 1419 1130 magi-

143 1137 229 1183 ster
257 1133 484 1181 memotiae
507 1132 796 1197 poscebatur,
817 1133 935 1196 quasi
964 1131 1111 1179 afflatu
1132 1136 1330 1197 quodam
1352 1137 1419 1184 fu·

141 1207 259 1255 roris
290 1207 525 1254 bestiarum
559 1222 685 1252 more
716 1206 898 1252 humani
924 1205 1143 1269 sanguinis
1171 1209 1349 1267 avidus,
1371 1223 1420 1258 ut

141 1279 523 1335 ostenderat,cum
542 1278 852 1340 proconsulari
871 1278 1085 1339 potestate
1106 1294 1275 1342 regeret
1293 1282 1419 1328 Afri-

143 1370 254 1400 cam.
280 1354 329 1398 In
359 1351 617 1414 praefectura
643 1351 761 1398 enim
789 1352 982 1408 urbana,
1002 1368 1134 1414 quam
1162 1355 1306 1402 adhuc
1342 1358 1420 1403 ad-

143 1424 396 1473 ministrans
429 1424 669 1470 exstinctus
700 1424 758 1470 est
778 1459 791 1482 ‚
822 1436 995 1486 tempus
1026 1442 1185 1488 anceps
1220 1441 1423 1478 metuens

144 1496 398 1560 tyrannidis
416 1532 427 1552 ‚
452 1495 575 1558 cujus
595 1496 781 1542 arbitrio
808 1508 1012 1559 tanquam
1039 1498 1154 1544 inter
1178 1500 1419 1564 dignorum

146 1569 348 1632 inopiam
372 1570 427 1615 ad
455 1570 498 1615 id
529 1569 780 1616 escenderat
809 1571 1010 1627 culmen,
1033 1570 1142 1618 lenis
1171 1573 1317 1620 videri
1336 1592 1420 1622 co-

147 1643 327 1706 gebatur
358 1643 407 1690 &
435 1642 633 1689 mollior.
668 1644 842 1689 Contra
874 1642 957 1688 hos
989 1643 1242 1690 nitebantur
1283 1647 1420 1711 aliqui

145 1714 300 1773 studiis
333 1714 564 1760 altioribus
590 1715 634 1760 in
667 1714 870 1761 favorem
904 1715 1057 1761 Severi
1085 1716 1275 1779 magistri
1310 1732 1421 1767 tune

145 1789 346 1852 peditum
369 1821 382 1843 .,
400 1800 450 1834 ut
478 1788 567 1850 apti
599 1788 652 1834 ad
673 1788 761 1835 hoc
794 1788 1118 1850 impetrandum
1138 1805 1149 1834 z
1173 1790 1249 1852 qui
1271 1826 1284 1845 ‚
1314 1792 1419 1839 licet

146 1862 269 1926 asper
299 1861 402 1907 effet
433 1863 483 1908 &
515 1860 805 1917 formidatus,
828 1859 1109 1906 tolerabilior
1129 1871 1275 1907 tamen
1300 1863 1385 1911 fuit
1402 1900 1419 1923 ,

145 1937 198 1983 &
224 1933 526 1998 praeferendus
545 1934 692 1980 modis
715 1933 925 1980 omnibus
948 1933 1182 1979 antedisso.
1203 1935 1286 1980 Sed
1312 1937 1418 1985 dum

147 2006 243 2052 haec
269 2005 523 2070 cogitantur
541 2005 751 2052 incassum
767 2041 780 2062 ,
800 2007 1046 2066 Imperator
1075 2007 1279 2052 remediis
1299 2009 1420 2055 mul-

148 2077 375 2140 tiplicibus
393 2091 635 2135 recreatus,
657 2078 826 2138 vixque
846 2076 886 2122 se
907 2077 1064 2122 mortis
1087 2077 1288 2139 periculo
1308 2097 1420 2127 con-

148 2149 366 2212 templans
384 2151 625 2197 extractum
642 2167 652 2196 τ
675 2149 940 2196 Gratianum
960 2147 1101 2194 filium
1121 2149 1244 2196 suum
1264 2153 1418 2200 adulto

147 2220 234 2283 jam
265 2221 519 2282 proximum
535 2258 548 2278 ‚
570 2221 808 2284 insignibus
831 2221 1104 2283 principatus
1133 2238 1293 2270 ornare
1322 2242 1418 2272 me-

149 2293 380 2344 ditabatur.
395 2297 450 2340 Et
469 2294 628 2357 paratis
649 2294 857 2340 omnibus
874 2328 888 2351 ‚
904 2293 1131 2357 militeque
1143 2293 1318 2343 firmato
1334 2332 1346 2355 ,
1369 2310 1418 2346 ut

151 2364 307 2411 animis
333 2365 377 2410 id
396 2366 615 2427 acciperet
640 2365 856 2427 promtis,
878 2383 978 2412 cum
1005 2366 1246 2414 Gratianus
1269 2369 1417 2415 venis·

149 2437 236 2494 set,
260 2439 510 2502 progressus
529 2439 574 2485 in
598 2456 799 2501 campum
819 2438 1012 2486 tribunal
1031 2438 1223 2488 ascendit
1243 2459 1253 2487 :
1272 2442 1418 2504 splenq

209 2513 432 2559 Ammian.
460 2514 692 2560 Marcellin.
723 2515 766 2559 V
765 2516 815 2558 ol.
838 2514 899 2560 II.
1212 2513 1253 2559 H
