1626 2917
238 99 297 143 92
447 83 779 128 ΑΜΜΙΑΝΙ
832 84 1306 131 MARCELLINI

233 187 284 232 &
314 185 425 231 bella
453 185 642 232 redturo.
675 186 769 246 Qui
794 203 925 249 agens
961 204 1044 248 pro
1071 189 1270 235 moribus
1300 187 1467 243 lenius,
1487 205 1512 236 a

233 257 472 314 militibus,
494 274 607 320 quos
639 275 716 321 per
737 259 868 305 devia
891 259 1100 323 Phrygiae
1122 261 1292 307 miserat
1315 261 1476 307 Valens
1497 296 1513 318 ,

235 330 381 376 subito
413 331 725 394 corripiendus
761 331 969 391 incursu,
998 346 1124 378 tanto
1154 333 1308 396 vigore
1338 332 1514 390 evasit,

235 416 285 448 ut
317 402 486 450 ascensa
510 403 649 463 navi,
669 421 801 468 quam
835 405 888 452 ad
918 405 1039 452 casus
1066 419 1237 468 pararat
1268 406 1516 468 ancipitesg

234 476 488 541 sequentem
514 471 710 540 ac‘paene
739 493 911 542 captam
939 496 1127 527 uxorem
1158 479 1407 542 sagittarum
1430 498 1514 526 nu-

232 550 287 597 be
327 551 475 599 diffusa
516 553 738 600 defensam
778 567 1001 602 averteret
1037 554 1223 602 secum:
1260 567 1513 602 matronam

230 625 492 688 opulentam
521 628 571 674 &
604 627 830 686 nobilem,
860 627 986 689 cujus
1015 628 1285 676 verecundia
1310 629 1359 676 ὃ(
1380 626 1513 673 desti-

229 699 355 746 natio
382 700 575 762 gloriosa
608 702 807 764 abruptis
836 702 986 764 postea
1020 701 1349 749 discriminibus
1384 700 1514 746 mari·

232 787 326 817 tum
365 774 542 821 exemit.
570 777 632 820 Ea
667 773 855 822 victoria
888 775 998 821 ultra
1024 775 1229 822 homines
1264 774 1515 835 Procopius

230 846 316 892 sese
336 848 523 896 efferens
542 884 555 907 ,
580 850 630 896 &
660 849 888 913 ignorans,
909 850 1032 913 quod
1050 849 1195 913 quivis
1216 849 1371 895 beatus
1393 846 1516 893 versa

231 933 333 966 rota
361 920 556 968 fortunae
574 935 676 968 ante
700 922 932 985 vesperum
953 922 1097 984 potest
1120 922 1203 968 effe
1223 919 1515 967 miserrimus:

233 993 495 1040 Arbetionis
523 995 709 1039 domum
727 1030 743 1052 ,
775 994 846 1042 cui
879 1012 1006 1041 antea
1035 1008 1244 1056 tanquam
1264 994 1414 1039 eadem
1439 991 1517 1038 fibi
1552 1033 1558 1037 .

229 1062 458 1109 sentientis
492 1064 699 1126 parcebat
722 1099 736 1119 ,
776 1077 825 1111 ut
854 1064 1051 1126 propriae
1072 1097 1085 1118 ‚
1118 1063 1232 1123 juffit
1258 1062 1514 1119 exinaniri,

230 1135 412 1182 mobilis
434 1136 587 1183 census
607 1135 922 1182 inaestimabilis
945 1136 1118 1198 plenam
1151 1155 1162 1183 ι
1186 1136 1285 1182 ideo
1313 1135 1517 1198 indigna-

230 1219 334 1266 tus,
367 1208 492 1270 quod
519 1208 675 1254 venire
703 1209 756 1254 ad
785 1225 886 1254 eum
912 1208 1081 1255 accitus
1109 1208 1344 1272 aliquoties
1380 1207 1518 1254 distu-

230 1282 307 1337 lit,
339 1281 533 1328 causatus
562 1281 854 1329 incommoda
891 1282 1122 1328 seneffittis
1149 1284 1197 1329 &
1226 1283 1426 1328 morbos.
1462 1283 1519 1327 Et

230 1355 338 1401 licet
367 1354 448 1401 hac
477 1371 532 1400 ex
553 1353 680 1401 causa
708 1353 970 1416 praesumtor
992 1368 1271 1401 momentum
1303 1355 1517 1416 pertime-

231 1425 372 1474 sceret
409 1444 572 1490 grave‚
611 1440 761 1473 tamen
807 1445 908 1474 cum
950 1428 1184 1474 obsistente
1228 1428 1354 1473 nullo
1390 1426 1431 1473 se
1469 1427 1518 1474 in

233 1501 476 1548 orientales
504 1500 769 1563 provincias
800 1500 1028 1546 effundere
1059 1501 1216 1547 libenti
1250 1501 1516 1547 cunfilorum

233 1574 477 1623 assensione
512 1573 600 1636 jam
632 1575 841 1622 licentius
875 1575 1049 1637 posset,
1084 1574 1236 1621 avidas
1267 1574 1517 1621 novitatem

231 1647 456 1709 quandam
484 1646 627 1694 visere
652 1649 788 1694 taedio
809 1648 1043 1710 asperioris
1062 1648 1236 1711 imperii
1255 1683 1268 1705 ‚
1294 1663 1387 1710 quo
1408 1659 1517 1694 tunc

232 1721 524 1767 tenebantur:
544 1738 644 1785 erga
666 1722 920 1768 alliciendas
941 1721 1147 1785 quasdam
1168 1722 1370 1768 civitates
1390 1721 1518 1775 Asiae,

229 1792 530 1857 legendosque
561 1794 745 1841 eruendi
778 1794 946 1856 peritos
967 1795 1094 1851 auri,
1125 1807 1174 1840 ut
1201 1794 1278 1840 fibi
1308 1792 1517 1855 profutu-

229 1881 304 1911 ros
327 1866 500 1927 proeliis
517 1901 530 1923 ,
552 1882 654 1929 quae
675 1883 834 1929 magna
868 1864 1145 1927 exspefitabat
1173 1868 1222 1913 &
1239 1866 1394 1911 crebra
1415 1899 1428 1921 ,
1452 1865 1517 1909 se-

231 1938 363 2001 gnius
392 1953 727 1996 commoratus,
750 1940 795 1985 in
817 1939 1003 1985 modum
1035 1939 1155 1986 acuti
1181 1938 1410 2002 mucronis
1430 1939 1518 1983 ob-

232 2008 352 2056 tusus
386 2009 460 2055 est.
493 2013 555 2058 Ut
582 2012 810 2074 quondam
836 2010 1100 2058 Pescennius
1117 2012 1254 2075 Niger
1275 2012 1329 2056 ad
1351 2011 1516 2057 subve-

235 2082 447 2129 niendum
487 2083 578 2145 spei
620 2102 764 2131 rerum
805 2096 1016 2131 extremae
1045 2103 1069 2132 a
1101 2086 1276 2148 populo
1303 2086 1516 2131 Romano

233 2154 347 2217 saepe
367 2156 534 2202 accitus
555 2193 570 2213 ‚
602 2157 706 2203 dum
737 2158 811 2204 diu
834 2158 1065 2204 cun&atur
1088 2158 1135 2203 in
1163 2158 1316 2221 Syria,
1339 2174 1363 2204 a
1383 2158 1517 2202 Seve-

233 2244 287 2275 ro
317 2228 540 2291 superatus
571 2231 616 2278 in
638 2231 730 2277 sinu
759 2231 888 2278 Iffico
922 2230 1033 2294 (qui
1064 2229 1125 2276 est
1153 2231 1198 2276 in
1222 2229 1382 2275 Cilicia
1403 2264 1417 2286 ‚
1438 2226 1517 2274 ubi

233 2304 433 2351 Dareum
466 2304 713 2350 Alexander
732 2304 877 2365 fudit)
906 2302 1166 2367 fugatusque
1186 2337 1199 2360 ‚
1231 2301 1275 2347 in
1298 2301 1514 2348 suburba-

233 2391 296 2422 no
316 2375 512 2439 quodam
529 2376 778 2424 Antiochiae
796 2375 985 2440 gregarii
1008 2391 1142 2422 manu
1159 2374 1314 2422 militis
1335 2373 1516 2421 interiit³

1611 2306 1626 2377 ἑ
