1626 2917
266 121 486 168 RERUM
516 118 857 167 GESTARUM
891 120 995 166 ΠΒ.
1030 120 1158 167 XIV.
1323 137 1354 183 7

71 229 225 278 cuneta
242 228 443 287 miscere,
461 244 516 274 ex
532 227 785 276 latrociniis
803 227 995 276 occultis
1014 229 1064 277 &
1081 227 1213 287 raris,
1226 228 1354 277 alen-

68 314 113 348 te
140 301 406 364 impunitate
426 299 756 347 adolescentem
786 300 834 347 in
869 299 994 364 pejus
1022 302 1274 360 audaciam,
1296 302 1353 349 ad

67 375 182 422 bella
213 374 370 439 gravia
408 386 745 438 proruperunt:
781 375 858 422 diu
887 368 1069 439 quidem
1101 376 1353 439 perduelles

65 449 243 512 spiritus
280 447 533 512 irrequietis
569 448 769 496 motibus
801 448 1046 513 erigentes;
1083 449 1167 498 hac
1200 462 1352 498 tamen

66 521 329 586 indignitate
349 521 509 584 perciti
527 522 845 579 vehementer,
860 535 910 568 ut
926 521 1206 584 jastitabant,
1225 522 1352 586 quod

65 611 226 642 eorum
245 594 427 657 quidam
448 593 567 657 capti
594 593 827 641 consortes
843 631 857 651 ‚
884 596 1000 657 apud
1019 595 1223 642 leonium
1243 594 1351 641 Pifi-

64 668 148 714 diae
165 667 385 731 oppidum
404 668 453 714 in
469 667 827 730 amphitheatrali
845 667 1096 730 speetaculo
1114 668 1218 715 seris
1237 685 1351 731 prae-

62 741 306 789 datricibus
343 741 507 802 objeffi
540 741 642 789 sunt
672 753 833 804 praeter
869 758 1058 789 morem.
1097 744 1272 806 Atque,
1298 753 1350 789 ut

63 814 242 862 Tullius
261 814 322 862 ait
338 850 351 873 ,
371 827 421 860 ut
440 818 565 860 eciam
585 813 685 872 ferae
706 813 826 871 fiune
843 819 1009 860 monim
1030 820 1267 877 plerumque
1289 817 1350 861 ad

63 906 153 933 eum
182 891 344 941 locum,
377 889 450 933 ubi
479 888 712 946 aliquando
742 887 867 951 pastae
891 887 1028 947 sune,
1063 904 1346 941 revertuntum

61 960 128 1008 ita.
148 976 306 1008 omnes
325 960 460 1007 instar
478 959 671 1007 turbinis
692 959 865 1023 dig—reffi
895 960 1126 1009 montibus
1155 960 1348 1024 impedi-

60 1033 116 1080 tis
137 1035 187 1081 &
207 1032 376 1089 arduis,
402 1033 506 1079 loca
530 1031 734 1095 petivere
759 1031 871 1079 mari
896 1031 1097 1099 confinia
1116 1051 1127 1080 :
1146 1049 1228 1096 per
1243 1050 1345 1097 quae

0 1132 4 1135 ’
60 1103 148 1152 viis
167 1103 395 1152 latebrosis
413 1102 500 1150 sese
520 1103 898 1168 convallibusque
915 1105 1220 1164 occultantes,
1240 1123 1343 1154 cum

60 1187 320 1239 appeterent
348 1175 502 1222 nostes
533 1175 679 1241 (luna
698 1176 932 1224 etiamtum
962 1191 1183 1238 cornuta,
1210 1179 1342 1226 ideo-

60 1266 147 1314 que
178 1249 383 1296 nondum
416 1248 564 1295 solido
597 1248 833 1312 splendore
867 1250 1098 1316 fulgente)
1133 1251 1342 1300 nauticos

59 1322 373 1370 observabant.
403 1337 521 1384 quos
542 1338 645 1369 cum
676 1322 722 1368 in
749 1321 955 1370 somnum
984 1323 1198 1372 sentirent
1224 1325 1341 1372 effu-

58 1395 157 1451 sos,
180 1411 258 1457 per
281 1393 508 1441 ancoralia
538 1393 831 1456 quadrupedo
855 1395 992 1458 gradu
1019 1409 1224 1459 repentes
1240 1433 1254 1455 ,
1274 1397 1342 1443 sea

58 1468 187 1531 seque
215 1465 424 1529 suspensis
450 1465 640 1527 paffibus
672 1464 929 1527 injeEtantes
962 1468 1007 1515 in
1031 1469 1233 1532 scaphas,
1254 1470 1341 1518 eis-

58 1540 159 1586 dem
195 1537 308 1584 nihil
349 1536 640 1599 opinantibus
677 1537 950 1598 affiste'bant,
985 1543 1036 1588 δι
1071 1542 1340 1592 incendente

57 1611 270 1660 aviditate
299 1609 541 1677 saevitiam,
568 1626 625 1656 ne
646 1611 898 1660 cedentium
924 1615 1104 1677 quidem
1131 1617 1211 1663 ulli
1230 1630 1340 1680 para

63 1683 204 1731 cendo
218 1717 232 1739 ‚
252 1682 532 1730 obtruncatis
551 1683 785 1743 omnibus,
813 1703 983 1734 merces
1014 1689 1187 1752 opimas
1209 1694 1338 1742 velut

62 1757 174 1803 viles
199 1755 332 1803 nullis
354 1755 704 1819 repugnantibus
721 1760 1000 1807 avertebant.
1030 1762 1216 1827 haecque
1238 1782 1337 1814 non

61 1828 134 1876 diu
164 1828 264 1876 sunt
281 1841 541 1892 perpetrata.
561 1829 770 1893 Cognitis
792 1832 911 1879 enim
930 1834 1169 1896 pilatorum
1192 1839 1336 1886 caeso-

61 1919 246 1966 rumque
278 1901 535 1961 funeribus,
566 1920 710 1951 nemo*
738 1904 896 1954 deinde
929 1908 984 1954 ad
1016 1910 1092 1957 has
1124 1911 1338 1963 stationes

61 1975 231 2037 appulit
248 1992 411 2026 navem
431 1993 441 2022 :
462 1975 535 2022 sed
554 1989 605 2022 ut
626 1977 826 2025 Scironis
847 1994 1070 2044 praerupta
1089 1983 1237 2032 let-alia
1256 1986 1336 2034 de-

59 2048 302 2102 clinantes,
330 2048 541 2095 litoribus
576 2050 761 2113 Cypriis
799 2053 1005 2117 contigui
1034 2057 1336 2121 navigabant,

59 2138 160 2184 quae
184 2121 352 2169 Isauriae
374 2121 570 2186 scopulis
601 2123 702 2171 sunt
723 2127 1027 2175 controversa.
1055 2130 1337 2180 Procedente

59 2191 193 2255 igitur
217 2211 324 2242 mox
341 2207 545 2258 ternpore
572 2213 673 2243 cum
691 2197 988 2246 adventitium
1014 2202 1126 2248 nihilv
1151 2204 1334 2252 inveni-

59 2277 206 2323 retur,
229 2266 376 2313 reli&a
403 2284 483 2314 ora
504 2269 724 2317 maritima
746 2270 792 2317 in
812 2274 1093 2336 Lycaoniam
1112 2293 1335 2326 annexam

61 2337 233 2385 Isauriae
251 2339 291 2387 se
313 2340 630 2388 contulerunt:
649 2342 799 2406 ibique
818 2345 959 2392 densis
984 2347 1334 2412 intersaepientes

59 2411 218 2460 itinera
261 2414 572 2477 praetenturis,
609 2416 961 2479 provincialium
1007 2422 1057 2467 &
1099 2422 1334 2472 viatorum

975 2496 1013 2537 A
1049 2510 1080 2551 4
