1626 2917
229 175 319 222 154
424 159 1301 206 ·AMM1AN1MARCELL1N1

216 266 272 321 ad
293 282 427 329 quam
452 265 716 317 ‘success'eritf
742 265 943 312 domum.
963 266 1017 311 Et
1039 281 1139 312 cum
1161 266 1218 312 ita
1241 282 1400 329 graves
1423 265 1507 314 fint

214 341 265 395 δι
293 338 492 386 cultores
514 339 761 395 virtutum,
782 354 831 385 ut
849 351 1009 402 putant
1027 373 1041 397 ‚
1065 339 1094 385 fi
1120 353 1344 388 venturos
1363 341 1507 387 unde*-

213 410 323 455 libet
352 426 495 472 equos
523 423 598 458 aut
633 411 809 474 aurigas
840 411 1062 473 quendam
1099 411 1338 459 didicerint
1383 430 1506 459 nun-

211 481 364 528 tiaffe:
392 481 452 529 ita
486 483 710 532 velociter
741 483 1013 539 imminent,
1038 482 1196 532 vident
1228 486 1276 532 δε
1308 501 1508 547 percon-

211 567 386 614 tantur,
406 568 458 602 ¹ut
476 556 766 620 Tyndaridas
800 555 956 602 fratres
981 572 1138 617 eorum
1161 556 1392 619 suspexere
1416 561 1510 604 ma‘-

210 627 334 688 jores
356 665 370 686 ‚
402 646 503 678 cum
538 630 691 691 priscis
729 629 816 677 illis
862 629 1065 677 victoriis
1098 631 1306 678 indicatis
1343 631 1508 694 gaudio

211 702 367 750 cuncta
395 703 706 764 complessent.
739 704 917 749 Horum
954 704 1115 749 domus
1157 704 1292 750 otiofi
1327 704 1508 766 quidam

210 774 377 836 garruli
401 774 691 836 frequentant
712 812 724 831 ,
757 775 895 822 variis
927 775 1170 821 affentandi
1202 774 1422 838 figmentis
1455 775 1510 822 ad

210 844 379 908 fingula
408 845 584 891 altioris
622 845 991 892 fortunae-fverba
1021 845 1281 908 plaudentes
1300 883 1312 902 .,
1344 847 1511 909 parasi-

211 930 364 964 torum
400 917 444 963 in
477 918 721 964 comoediis
751 954 822 966 .....
856 930 960 966 aetas
1002 919 1264 968 affectando,
1293 923 1357 968 Ut
1390 920 1509 966 enim

211 990 278 1036 illi
301 989 476 1037 sufflant
505 990 670 1037 milites
704 990 957 1055 gloriosos,
979 991 1236 1039 obsidiones
1258 993 1436 1040 urbium
1460 996 1510 1040 δι

211 1079 382 1125 pugnas
418 1064 467 1110 δε
495 1062 634 1109 millia
661 1062 856 1109 hostium
885 1063 1040 1110 iisdem
1069 1075 1117 1110 ut
1146 1064 1343 1111 heroicis
1369 1083 1510 1112 aemu-

212 1137 267 1199 lis
313 1136 612 1200 assignantes:
644 1135 706 1182 ita
741 1135 786 1181 hi
820 1152 1007 1199 quoque
1035 1138 1349 1185 columnarum
1394 1156 1510 1186 con-

211 1210 476 1260 structiones
513 1209 599 1256 alta
638 1208 790 1255 fronte
824 1209 1046 1271 suspensas
1088 1209 1295 1258 mirando
1325 1248 1338 1268 ‚
1379 1224 1513 1275 atque

213 1285 404 1347 parietes
442 1283 642 1344 lapidum
681 1281 1014 1344 circumspectis
1047 1284 1282 1330 coloribus
1314 1285 1512 1344 nitidos,

213 1359 332 1405 ultra
354 1356 676 1403 mortalitatem
697 1354 874 1401 nobiles
893 1355 1020 1402 viros
1048 1356 1291 1403 extollunt.
1314 1357 1513 1404 Poscun-

214 1443 288 1476 tur
316 1429 449 1475 etiam
480 1428 527 1474 in
556 1426 790 1474 conviviis
814 1427 1052 1490 aliquoties
1072 1428 1279 1483 trutinae5
1302 1444 1350 1476 ut
1369 1448 1512 1494 appo-

215 1500 285 1548 siti
313 1500 452 1563 pisces
483 1501 532 1546 &
556 1499 784 1573 volucres
799 1499 1106 1560 ponderentur
1129 1500 1179 1546 &
1207 1500 1369 1563 glires:
1390 1518 1511 1565 quo-

214 1591 317 1621 rum
363 1572 628 1636 magnitudo
669 1571 828 1634 saepius
864 1572 1078 1635 replicata
1118 1589 1214 1619 non
1247 1573 1337 1620 fine
1369 1576 1512 1622 taedio

216 1646 504 1710 praesentium
521 1682 534 1704 ,
561 1656 610 1693 ut
626 1645 813 1692 antehac
841 1645 1071 1702 inufitata,
1094 1646 1296 1693 laudatur
1321 1647 1511 1697 affidue:

217 1722 412 1769 maxime
452 1738 554 1768 cum
589 1720 686 1766 haec
719 1721 870 1766 eadem
904 1733 1192 1767 numerantes
1230 1722 1395 1768 notarii
1429 1723 1512 1769 tri-

218 1795 342 1859 ginta
372 1810 515 1857 prope
543 1792 733 1840 affistant
763 1810 865 1840 cum
897 1793 1037 1840 thecis
1063 1795 1112 1840 &
1134 1793 1422 1857 pugillaribus
1442 1811 1512 1842 ta·

219 1867 367 1925 bulis,
389 1878 438 1913 ut
473 1866 613 1912 deesse
647 1865 767 1913 solus
800 1866 1005 1929 magister
1039 1867 1131 1913 ludi
1164 1867 1346 1913 literarii
1379 1869 1513 1915 vide-

219 1954 358 1989 retur.
387 1940 586 2001 Quidam
615 1940 878 1988 detestantes
895 1952 944 1987 ut
963 1957 1139 1988 venena
1166 1941 1414 1997 doctrinas,
1434 1944 1511 1989 Ju—

221 2013 431 2060 venalem
452 2013 501 2060 &
528 2012 721 2058 Marium
752 2013 1003 2060 Maximum
1031 2013 1251 2060 curatiore
1276 2013 1424 2060 studio
1446 2016 1511 2062 le-

221 2098 361 2151 gunt,
386 2086 510 2132 nulla
530 2085 765 2132 volumina
787 2098 950 2147 praeter
969 2086 1067 2133 haec
1087 2086 1132 2131 in
1152 2085 1386 2148 profundo
1409 2088 1510 2133 otio

223 2159 584 2216 contrectantes:
607 2175 739 2220 quam
768 2159 829 2204 ob
855 2158 1027 2205 causam
1045 2193 1059 2214 ‚
1088 2175 1182 2205 non
1215 2158 1420 2219 iudicioli
1449 2160 1511 2206 est

222 2232 378 2280 nostri.
404 2235 521 2279 Cum
545 2233 682 2279 multa
701 2234 751 2280 &
780 2232 901 2280 varia
922 2249 1006 2295 pro
1027 2232 1321 2293 amplitudine
1341 2233 1512 2296 gloria-

224 2323 327 2353 rum
358 2306 408 2352 &
440 2323 651 2368 generum
680 2306 875 2352 lectitare
907 2306 1148 2363 deberent,
1174 2307 1403 2354 audientes
1435 2308 1514 2354 de-

225 2379 435 2427 stinatum
458 2397 608 2441 poenae
633 2381 861 2426 Socratem
879 2414 892 2434 ‚
916 2379 1262 2443 conjectumque
1287 2380 1332 2426 in
1365 2398 1514 2428 carce-

223 2468 351 2509 rem,
379 2451 630 2515 perrogaffe
660 2452 885 2515 quendam
912 2451 1017 2500 scite
1048 2451 1187 2516 lyrici
1220 2470 1398 2501 carmen
1416 2454 1514 2499 Ste-

1522 607 1538 632 k
