1626 2917
305 173 525 220 RERUM
562 173 901 220 GESTARUM
933 173 1035 219 ΠΒ.
1072 173 1219 220 XXlI.
1304 191 1392 238 293

111 278 402 328 munimentis
426 296 630 343 reparans
659 280 861 337 extimis,
893 279 1139 343 curansque
1177 279 1398 338 sollicite,

110 371 168 401 ne
186 371 305 401 arma
323 355 394 402 vel
414 355 697 414 indumenta,
711 367 785 401 aut
806 355 1069 418 stipendium
1083 390 1095 411 ,
1116 356 1187 403 vel
1209 353 1398 410 alimen-

109 438 157 474 ta
185 427 379 475 deessent
407 427 500 485 his,
522 445 637 491 quos
669 445 746 491 per
768 427 998 491 supercilia
1034 426 1127 473 Istri
1152 426 1398 488 dispersos,

109 500 456 564 excursibusque
489 502 780 549 barbarorum
813 501 1080 564 oppositos,
1113 516 1240 564 agere
1277 499 1399 563 vigi-

108 565 256 620 lanter
280 573 482 620 audiebat
504 575 552 621 &
577 573 768 621 fortiter.
791 576 907 634 Quae
937 591 1039 621 cum
1060 573 1120 620 ita
1140 572 1400 630 divideret,

107 642 223 690 nihil
240 643 414 708 segnius
438 645 506 708 agi
525 646 814 708 permittens:
841 644 1125 693 suadentibus
1147 645 1366 708 proximis
1383 680 1398 703 ‚

110 727 161 763 ut
180 718 492 780 aggrederetur
511 717 797 781 propinquos
814 719 1000 765 Gothos
1021 717 1134 780 saepe
1153 716 1330 765 fallaces
1349 719 1400 766 &

110 789 309 851 perfidos
325 827 338 848 ‚
361 791 507 838 hostes
543 808 742 854 quaerere
773 790 815 836 se
837 790 1074 845 meliores,
1098 788 1240 851 ajebat
1267 807 1276 835 :
1313 789 1402 836 illis

107 861 235 909 ,enim
256 862 459 911 sufficere
481 875 752 911 mercatores
772 863 975 917 Galatas,
995 880 1074 926 per
1093 878 1209 926 quos
1234 862 1402 925 ubique

112 932 204 980 stne
228 933 507 981 conditionis
527 935 781 982 discrimine
803 936 1149 982 venumdamur.
1169 936 1276 981 Haec
1298 951 1401 981 eum

112 1018 342 1053 curantem
359 1006 540 1064 &talia,
560 1007 904 1054 commendabat
921 1006 1118 1053 externis
1139 1006 1403 1053 nationibus

111 1077 254 1135 fama,
272 1091 322 1125 ut
348 1077 638 1133 fortitudine,
658 1077 895 1125 sobrietate
909 1114 923 1136 ‚
950 1077 1154 1124 militaris
1173 1077 1236 1122 rei
1258 1076 1402 1124 scien-

112 1150 202 1210 tia,
229 1151 539 1217 virtutumque
572 1152 779 1199 omnium
816 1152 1108 1200 incrementis
1143 1151 1404 1200 excelsum.-

113 1223 422 1289 paulatimque
436 1227 729 1290 progrediens
748 1227 965 1274 ambitum
984 1226 1250 1290 oppleverat
1266 1244 1407 1274 mun-

114 1295 174 1342 di.
205 1296 401 1344 Proinde
421 1298 585 1345 timore
605 1297 698 1360 ejus
720 1300 941 1346 adventus
961 1316 1039 1362 per
1061 1298 1278 1346 finitimos
1297 1299 1402 1347 lon-

114 1386 256 1433 geque
278 1371 486 1419 distantes
506 1373 635 1420 latius
661 1374 889 1434 explicato
905 1409 918 1431 ‚
941 1365 1184 1437 legationes
1204 1375 1406 1437 undique

114 1442 252 1491 solito
272 1445 399 1492 ocius
421 1446 753 1492 concurrebant
772 1463 782 1490 :
808 1446 913 1493 hinc
938 1446 1307 1510 Transtigritanis
1330 1464 1405 1509 pa-

116 1531 215 1563 cem
252 1516 590 1564 obsecrantibus
627 1521 676 1566 &
711 1518 935 1565 Armeniis
951 1553 963 1573 ,
1001 1518 1105 1564 inde
1142 1519 1406 1568 nationibus

106 1588 284 1636 -Indicis
314 1590 515 1636 certatim
549 1607 649 1637 cum
685 1591 818 1637 donis
852 1591 1089 1654 optimates
1122 1591 1406 1640 mittentibus

115 1673 220 1708 ante
236 1673 410 1725 tempus
429 1661 624 1725 abusque
639 1663 777 1710 Divis
796 1665 844 1711 &
859 1663 1114 1710 Serendivis
1129 1682 1140 1710 τ
1157 1665 1209 1710 ab
1231 1665 1407 1713 australi

116 1734 245 1799 plaga
264 1736 318 1782 ad
341 1735 647 1782 famulandum
678 1737 740 1783 rei
766 1738 985 1784 Romanae
1012 1736 1146 1785 semet
1169 1738 1406 1785 offerenti-

116 1806 210 1853 bus·
232 1807 430 1854 Mauris:
461 1808 516 1854 ab
549 1809 766 1872 aquilone
798 1811 846 1857 &
866 1810 1128 1871 regionibus
1154 1811 1259 1859 solis
1282 1848 1294 1867 ‚
1325 1829 1405 1875 per

117 1894 226 1939 quas
252 1878 300 1924 in
331 1895 453 1926 mare
481 1881 626 1926 Phasis
648 1882 897 1944 accipitur,
928 1883 1197 1946 Bosporanis
1224 1884 1408 1949 aliisque

93 1988 95 1991 ,
117 1948 307 1998 antehac
336 1949 505 2014 ignotis
532 1951 775 2016 legationes
796 1954 1063 2001 vehentibus
1090 1955 1337 2018 supplices,
1358 1969 1407 2004 ut

119 2039 266 2069 annua
294 2025 576 2087 complentes
603 2026 818 2072 solemnia
846 2027 960 2074 intra
993 2039 1208 2076 terrarum
1233 2031 1408 2094 genita-

119 2093 230 2141 lium
249 2096 468 2144 terminos
498 2098 645 2146 otiose
668 2100 825 2149 vivere
847 2100 1108 2149 sinerentur⁰

186 2170 302 2216 VIII.
339 2170 605 2233 Appositum
636 2172 697 2219 est
716 2208 728 2231 ,
758 2185 807 2219 ut
840 2173 1078 2233 existimo,
1118 2189 1325 2239 tempus,
1354 2175 1411 2224 ad

66 2309 69 2311 μ
122 2240 200 2286 has
227 2256 372 2304 partes
400 2260 488 2292 nos
520 2246 758 2293 occasione
781 2247 929 2309 magni
958 2248 1179 2313 Principis
1214 2251 1410 2298 devolu-

60 2360 62 2362 ,
123 2326 195 2360 tos
212 2349 226 2372 ,
249 2314 378 2377 super
399 2317 695 2365 Thraciarum
721 2320 898 2366 extimis
913 2356 926 2378 ,
951 2320 1128 2385 situque
1151 2323 1331 2371 Pontici
1351 2324 1409 2369 fi-

122 2388 321 2436 nus‘visa
338 2390 410 2437 vel
431 2391 540 2438 Iecla
558 2394 760 2456 quaedam
784 2394 1012 2457 perspicua
1033 2394 1119 2443 fide
1149 2397 1418 2449 monstrare,

125 2460 269 2509 Athos
298 2461 345 2509 in
374 2465 643 2513 Macedonia
664 2482 796 2514 mons
821 2467 897 2514 ille
923 2469 1186 2531 praecelsus,
1217 2470 1413 2519 navibus

1029 2543 1071 2588 T
1096 2564 1122 2601 ις.
