1626 2917
219 218 313 263 ιη
440 199 771 249 AMMIANI
822 200 1300 250 MARCELLINI

214 312 417 376 peditum
438 308 706 357 incesserunt
723 343 737 364 ‚
771 323 867 354 eam
898 305 1065 367 abjecta
1084 308 1310 357 resistendi
1330 310 1503 359 animo-

214 386 341 433 sitate
360 382 541 447 pulsuri.
561 381 644 428 Sed
669 379 903 443 postquam
942 379 1150 428 cominus
1185 395 1374 432 ventum
1412 385 1503 445 est,

214 458 502 524 pugnabatur
535 454 720 518 paribus
749 453 826 500 diu
867 455 1120 501 momentis.
1152 457 1349 506 Cornuti
1381 460 1502 508 enim

215 534 268 579 &
298 527 499 578 Braccati
520 562 535 585 ,
563 525 644 573 usu
671 526 941 589 proeliorum
965 527 1181 574 diuturno
1212 527 1403 589 firmati,
1422 548 1502 580 eos

213 601 304 665 jam
325 600 444 665 gestu
461 609 675 647 terrentes
692 633 707 657 ,
732 598 948 645 barritum
965 598 1118 646 civere
1138 602 1212 647 vel
1233 602 1503 652 maximum:

212 676 296 739 qui
324 674 496 722 clamor
521 671 620 735 ipso
638 670 824 718 fervore
842 672 1135 720 certaminum
1166 691 1190 720 a
1216 675 1341 722 tenui
1359 676 1503 724 susur-

156 799 159 804 ,
213 765 271 797 ro
298 746 534 803 exoriens,
558 743 864 808 paulatimque
893 744 1151 792 adolescens
1170 782 1184 805 ,
1207 746 1295 794 ritu
1320 749 1501 795 extolli·

213 832 292 868 tur
313 819 528 866 fluCtuum
561 816 764 864 cautibus
791 815 1013 863 illisorum
1034 815 1316 878 :jaculorum
1342 820 1502 868 deinde

214 892 499 942 stridentium
519 890 755 938 crebritate
780 890 885 936 hinc
909 889 1012 936 inde
1032 892 1331 949 convolante,
1349 893 1502 956 pulvis

209 966 379 1031 aequali
403 976 532 1012 motu
549 963 769 1026 assurgens
782 998 796 1021 ,
820 965 869 1011 &
887 962 1171 1026 prospeffitm
1191 965 1409 1028 eripiens,
1428 985 1502 1014 ar-

214 1060 290 1092 ma
308 1040 465 1097 armis,
486 1054 679 1100 corpora
697 1038 965 1100 corporibus
990 1038 1274 1086 obtrudebat.
1294 1040 1379 1086 Sed
1399 1041 1502 1087 vio·

214 1116 356 1166 letitia
379 1113 536 1175 iraque
567 1111 859 1173 incompositi
890 1110 1066 1157 barbari
1086 1110 1132 1156 in
1158 1112 1344 1159 modum
1367 1129 1503 1160 exar-

214 1191 309 1239 sere
339 1189 648 1243 flammarum,
673 1201 921 1248 nexamque
946 1184 1176 1232 scutorum
1210 1203 1501 1251 compagem,

214 1280 319 1327 quae
350 1260 527 1307 nostros
558 1258 604 1304 in
623 1257 809 1303 modum
828 1257 1058 1304 testudinis
1077 1259 1284 1305 tuebatur
1297 1295 1311 1317 ‚
1330 1259 1500 1308 scinde-

214 1338 325 1385 bant
349 1333 509 1380 ic'tibus
543 1330 791 1393 gladiorum
812 1329 1000 1377 affiduis.
1018 1332 1129 1390 Quo
1151 1333 1339 1396 cognito
1358 1368 1372 1390 ‚
1396 1335 1501 1397 opi-

212 1409 408 1456 tulatum
435 1401 792 1450 conturmalibus
814 1399 899 1447 suis
931 1401 1062 1448 celeri
1088 1402 1218 1449 cursu
1241 1405 1397 1451 Batavi
1418 1423 1500 1453 ve-

213 1497 324 1531 nere
356 1495 458 1526 cum
490 1476 669 1539 regibus
706 1474 1035 1536 (formidabilis
1070 1492 1255 1534 manus,
1287 1490 1499 1527 extremae

214 1552 483 1604 neceffitatis
506 1549 700 1596 articulo
732 1548 1091 1606 circumventos,
1111 1549 1142 1594 si
1164 1547 1342 1608 juvisset
1377 1551 1501 1612 forS,

214 1623 455 1691 ereptura)
484 1636 760 1685 torvumque
798 1621 1059 1668 canentibus
1092 1621 1303 1677 clafficis‚
1336 1624 1499 1673 adultis

214 1703 390 1752 viribus
419 1699 684 1748 certabatur.
711 1697 881 1742 Verum
905 1694 1169 1752 Alamanni,
1195 1695 1358 1741 bellum
1385 1698 1498 1744 acri-

215 1788 286 1823 ter
312 1774 515 1820 ineuntes
528 1805 542 1829 ,
565 1768 694 1815 altius
709 1767 991 1823 anhelabant,
1011 1766 1137 1813 velut
1154 1767 1352 1829 quodam
1372 1767 1499 1816 furo-

214 1849 279 1896 ris
305 1845 460 1894 affectu
497 1841 704 1905 opposita
729 1839 881 1886 omnia
917 1839 1117 1886 deleturi.
1145 1839 1324 1902 Spicula
1347 1852 1495 1888 tamen

215 1933 470 1981 verutaque
489 1915 660 1962 miffilia
684 1930 775 1960 non
799 1913 1019 1961 cessabant
1039 1949 1052 1970 ‚
1075 1912 1335 1976 ferrataeque
1359 1932 1496 1961 arun-

215 1994 344 2039 dines
358 1990 977 2052 fundebanturtquamquam
998 1987 1129 2033 etiam
1160 1987 1365 2035 cominus
1393 2007 1495 2036 mu-

215 2084 297 2114 cro
331 2065 515 2112 feriebat
550 2078 710 2111 contra
740 2077 1003 2108 mucronem
1024 2095 1037 2118 ,
1073 2063 1121 2108 &
1153 2060 1304 2108 loricae
1336 2062 1492 2124 gladiis

213 2139 500 2187 findebantur
519 2172 534 2194 ‚
559 2137 608 2184 &
630 2134 884 2193 vulnerati,
913 2134 1112 2180 nondum
1140 2133 1280 2180 effuso
1312 2151 1491 2195 cruore,

212 2214 270 2260 ad
307 2211 560 2258 audendum
597 2209 794 2256 exertius
829 2208 1167 2270 consurgebant.
1207 2208 1334 2255 Pares
1371 2209 1491 2256 enim

213 2283 557 2346 quodammodo
585 2281 768 2328 coivere
793 2297 894 2327 cum
924 2280 1099 2342 paribus
1119 2314 1132 2333 ‚
1161 2279 1392 2327 Alamanni
1413 2297 1491 2328 ro·

213 2356 331 2418 busti
360 2357 409 2402 &
440 2354 672 2408 celsiores;
702 2354 864 2399 milites
899 2353 975 2398 usu
1016 2352 1159 2398 nimio
1193 2353 1396 2401 dociles:
1422 2355 1488 2402 illi

214 2428 300 2475 feri
321 2430 369 2475 &
388 2428 581 2481 turbidi·‚
603 2427 650 2472 bi
671 2427 809 2490 quieti
828 2428 877 2473 &
897 2424 1012 2472 cauti
1035 2443 1045 2470 z
1069 2425 1226 2473 animis
1251 2426 1317 2472 isti
1346 2426 1488 2474 fiden-

215 2514 315 2556 tes3
346 2500 634 2565 grandiffimis
671 2500 734 2546 illi
772 2499 1041 2563 corporibus
1072 2498 1185 2546 freti.
1221 2499 1488 2564 Resurgebat
