1626 2917
206 228 290 273 192
418 210 751 257 AMMtANl
788 210 1259 258 MARCELLINI

199 321 499 378 nuntiaretur,
520 331 592 367 aut
611 319 771 366 socius.
794 318 990 382 Ideoque
1006 319 1074 367 his
1091 319 1307 367 attonitus
1329 317 1471 377 malis,

200 396 507 458 exploratores
525 395 580 440 ad
599 410 681 440 nos
702 393 815 456 saepe
836 393 1056 440 mittendo
1080 392 1221 458 (licet
1241 393 1301 441 ob
1326 394 1473 442 custo·

199 469 292 515 dias
318 470 452 514 athas
472 468 620 514 nullus
648 465 778 513 facile
804 466 1021 529 oppidum
1051 478 1226 529 poterat
1246 465 1472 530 introire)

200 544 252 589 &
284 541 408 588 utilia
443 541 652 603 agitando
688 540 924 602 complura
956 540 1070 587 nihil
1099 539 1369 602 proficiens,
1401 539 1475 586 vi-

202 615 377 660 sebatur
415 627 463 659 ut
498 614 570 659 leo
599 612 905 676 magnitudine
933 613 1140 676 corporis
1179 615 1228 661 &
1260 613 1476 660 torvitate

202 685 411 733 terribilis
427 722 440 744 ‚
472 684 667 732 inclusos
688 684 802 732 intra
823 683 932 731 retia
956 684 1127 732 catulos
1156 684 1360 748 periculo
1378 701 1476 731 ere-

202 774 330 821 ptum
360 758 425 804 ire
450 773 546 805 non
578 759 742 804 audens
760 793 775 817 ‚
799 757 1021 822 unguibus
1052 757 1236 805 ademtis
1277 760 1327 806 &
1365 758 1476 805 den-

204 832 335 879 tibus.

271 909 346 953 IV.
374 904 458 953 Sed
484 904 530 952 in
564 904 744 953 civitate
765 942 779 963 ,
805 904 882 952 ubi
905 902 1150 968 sparsorum
1174 919 1253 966 per
1281 902 1377 952 vias
1406 920 1479 951 ca-

206 981 422 1025 daverum
454 978 696 1025 multitudo
727 978 942 1025 humandi
965 978 1114 1025 officia
1136 977 1380 1040 superaret,
1401 993 1479 1039 pe-

208 1051 398 1098 stilentia
430 1064 500 1098 tot
526 1051 651 1098 malis
690 1048 903 1107 acceffit‚'
930 1050 1278 1098 verminantium
1312 1065 1481 1111 corpo-

208 1144 305 1172 rum
329 1126 400 1172 lue
421 1125 619 1182 tabifica,
649 1125 878 1187 vaporatis
905 1124 1076 1171 aestibus
1097 1159 1111 1181 ,
1139 1123 1358 1186 varioque
1386 1123 1484 1185 ple-

208 1200 278 1246 bis
308 1200 527 1262 languore
560 1197 751 1245 nutrita:
770 1215 872 1261 quae
894 1213 1054 1260 genera
1076 1195 1342 1243 morborum
1362 1196 1481 1242 unde

211 1271 323 1318 oriri
353 1271 498 1317 solent
515 1306 529 1329 ,
552 1270 750 1317 breviter
771 1269 1024 1332 explicabo.
1043 1267 1327 1315 Nimietatem
1347 1267 1484 1331 frigo-

210 1345 272 1391 ris
293 1380 306 1402 ,
338 1358 411 1391 aut
431 1343 591 1392 caloris
610 1379 624 1401 ,
644 1343 719 1388 vel
742 1342 943 1388 humoris
958 1377 972 1397 ‚
1005 1341 1080 1388 vel
1099 1340 1304 1388 siccitatis
1323 1376 1336 1398 ‚
1354 1340 1486 1403 pesti·

213 1417 371 1464 lentias
389 1416 569 1481 gignere
598 1415 854 1478 philosophi
878 1416 926 1462 &
950 1414 1137 1461 illustres
1160 1413 1321 1461 medici
1346 1413 1486 1460 tradi-

213 1490 391 1536 derunt.
417 1489 549 1536 Unde
584 1488 838 1536 accolentes
859 1489 959 1536 loca
993 1486 1196 1551 palustria
1224 1486 1299 1534 vel
1328 1486 1487 1533 hume-

215 1565 283 1610 &a
302 1598 316 1622 ,
336 1562 465 1609 tusses
480 1598 492 1621 ,
515 1563 564 1610 &
587 1561 789 1610 oculares
811 1562 962 1622 casus,
983 1563 1033 1610 δι
1050 1560 1205 1608 fimilia
1225 1559 1485 1624 perferunt:

216 1649 378 1683 contra
407 1634 610 1684 confines
641 1635 866 1683 caloribus
896 1671 911 1694 ‚
958 1647 1115 1699 tepore
1147 1634 1338 1682 febrium
1390 1651 1488 1682 are-

217 1708 358 1757 scunt.
393 1709 478 1755 Sed
499 1719 670 1771 quanto
697 1707 808 1772 ignis
839 1707 1042 1755 materies
1068 1706 1224 1755 ceteris
1246 1706 1307 1753 est
1340 1707 1490 1755 effica-

220 1784 318 1831 cior
337 1818 350 1838 ‚
372 1795 500 1830 tanto
532 1783 586 1829 ad
607 1782 915 1845 perimendum
935 1781 1124 1829 celerior
1149 1781 1330 1831 ficcitas.
1370 1782 1489 1829 Hinc

219 1874 325 1904 cum
350 1855 582 1905 decennali
614 1855 735 1902 bello
764 1856 939 1903 Graecia
975 1854 1202 1903 desudaret
1225 1890 1238 1913 ,
1273 1871 1329 1901 ne
1361 1870 1489 1916 pere-

221 1930 374 1993 grinus
413 1945 571 1991 poenas
601 1928 821 1977 dissociati
851 1928 1007 1993 regalis
1036 1926 1311 1975 matrimonii
1346 1927 1491 1974 lucra-

222 2016 343 2049 retur
359 2037 373 2059 ‚
398 2001 653 2064 hujusmodi
687 2000 897 2065 graffante
930 2000 1125 2065 pernicie
1147 2036 1160 2059 ‚
1184 1999 1282 2046 telis
1314 2000 1489 2061 Apolli-

224 2076 293 2121 nis
323 2073 491 2137 periere
522 2074 800 2138 complureS,
829 2073 906 2138 qui
940 2074 1004 2121 sol
1031 2073 1282 2121 aestimatur.
1316 2076 1492 2136 Atque,

227 2158 277 2194 ut
296 2148 590 2212 Thucydides
618 2148 808 2211 exponit
836 2184 849 2206 ‚
868 2148 1010 2195 clades
1039 2147 1143 2205 illa,
1161 2163 1260 2210 quae
1282 2145 1328 2192 in
1358 2147 1492 2193 Pelo—

225 2221 481 2284 ponnesiaci
512 2221 618 2268 belli
649 2220 876 2284 principiis
911 2219 1197 2267 Athenienses
1221 2219 1383 2266 acerbo
1417 2236 1494 2282 ge-

228 2310 334 2341 nere
363 2294 510 2341 morbi
544 2295 730 2342 vexavit
750 2331 764 2354 ,
802 2295 995 2358 abusque
1030 2293 1225 2340 ferventi
1251 2293 1492 2355 AEthiopiae

227 2367 356 2429 plaga
400 2367 609 2429 paulatim
660 2367 925 2431 proserpens
954 2403 967 2425 ‚
1006 2367 1197 2413 Atticam
1236 2365 1496 2428 occupavit.

231 2438 340 2485 Aliis
372 2439 544 2501 placet,
579 2456 705 2486 auras
730 2475 744 2498 ‚
778 2454 826 2486 ut
862 2438 1037 2497 solent,
1064 2437 1283 2502 aquasque
1320 2439 1495 2484 vitiatas

231 2511 395 2562 foetore
409 2540 414 2544 „
426 2513 722 2576 cadaverum,
748 2513 824 2564 vel
840 2511 1050 2563 similibus
1063 2547 1077 2576 ‚
1097 2511 1358 2562 salubritatis
1389 2510 1494 2565 vi0-,
