1626 2917
234 148 339 193 XLH
475 149 805 196 STATUS
851 150 1065 196 REIP.
1113 149 1306 196 ROM.

232 252 392 293 tendum
415 260 545 296 tamen
566 255 643 303 est,
668 254 789 295 multa
813 268 900 296 eum
927 258 1026 296 redte
1053 255 1091 295 in
1122 256 1295 296 civilibus
1317 253 1514 295 emendas.

231 315 270 356 se
288 347 300 364 ‚
331 330 375 357 ac
401 318 503 358 bono
531 319 688 358 consilio
717 332 764 359 ex
795 318 948 359 horrida
976 321 1200 370 antiquitate
1227 320 1404 371 pleraque
1428 332 1514 358 mu-

232 378 356 419 tasse:
392 380 555 431 denique
580 379 921 430 Jurisprudentiam
949 381 1145 421 clariorem
1174 381 1515 432 simplicioremque

232 441 448 483 reddidisse.
474 443 573 483 Nam
599 443 701 493 quod
724 452 854 492 praeter
882 454 1027 484 ceteros
1052 444 1267 484 Christiana:
1296 444 1346 483 rei
1372 453 1509 482 contu-

232 501 344 552 lerit,
373 512 632 555 quantumque
659 505 890 555 pomoerium
921 508 1001 555 ejus
1028 507 1192 554 auxerit,
1224 509 1257 546 ἃ
1286 519 1361 556 quo
1386 495 1508 544 studio

232 566 426 606 nascentes
457 581 599 606 errores
638 566 824 607 suffocare
859 569 1068 618 curaverit,
1107 577 1357 608 monumenta
1388 566 1515 606 eccle-

233 630 372 670 fiastica
403 631 626 681 loquuntur.
663 633 739 672 Sed
766 645 843 671 non
873 632 1096 683 persequar,
1123 634 1162 672 in
1189 646 1279 684 quas
1307 632 1439 672 laudes
1469 645 1514 671 ac

234 691 541 741 reprehensiones
562 694 738 733 inciderit
760 708 769 734 ε
800 695 952 746 signabo
978 704 1147 743 tantum,
1167 696 1258 746 quid
1279 695 1517 734 animadver-

233 753 342 791 terim
373 754 455 804 post
484 756 566 804 ejus
596 763 799 806 tempora,
831 756 871 794 in
903 755 969 795 illa
999 756 1150 807 bicipiti
1183 755 1378 807 republica
1411 757 1514 795 circa

234 816 438 866 potestates
460 816 714 858 observatum.

289 876 342 917 Ex
371 879 599 926 Ammiarm,
629 879 781 919 Zofimo
799 910 810 928 ,
841 878 945 918 libris
970 880 1114 930 Legum
1133 910 1144 927 ‚
1180 882 1214 920 ἃ
1242 879 1322 919 aliis
1347 879 1516 918 auetori-

234 938 303 978 bus
328 939 599 992 deprehendo,
626 942 677 980 ita
701 955 767 992 per
790 940 871 981 haec
901 952 1076 991 tempora
1110 941 1314 992 potestates
1341 943 1381 980 in
1412 949 1518 980 utro-

233 1014 308 1051 que
334 1003 499 1053 imperio
524 1003 707 1052 tributas,
743 1011 785 1042 ut
812 1003 893 1042 aliae
918 1003 1048 1042 civiles
1078 1003 1196 1042 effent
1222 1006 1257 1043 δε
1288 1003 1515 1050 ordinariae,

234 1062 316 1102 aliae
341 1063 545 1114 militares,
569 1065 650 1105 aliae
676 1065 877 1117 palatinae,
904 1064 984 1104 aliie
1016 1066 1276 1117 municipales.
1316 1065 1455 1106 civiles
1478 1068 1515 1105 δε

236 1126 418 1167 ordinarii
442 1129 699 1179 magistratus,
726 1128 799 1168 sive
827 1129 1004 1178 Judiccs,
1030 1137 1136 1168 erant
1161 1129 1357 1170 Praefectus
1382 1130 1538 1169 praeto-.

236 1186 316 1234 rio,
346 1187 546 1229 Praefectus
572 1190 684 1238 urbi,
714 1199 793 1229 tam
822 1191 977 1238 Romae,
1018 1203 1132 1241 quam
1163 1189 1520 1241 Constantinopoli,

234 1246 330 1300 (hic
353 1249 456 1288 enim
483 1250 582 1290 circa
600 1251 836 1291 Constantini
868 1259 1040 1302 tempora
1062 1252 1207 1302 primus
1232 1252 1422 1290 institutus
1446 1249 1518 1298 est,

236 1318 281 1348 ut
316 1309 557 1351 Cassiodorus
589 1314 629 1352 in
659 1313 852 1353 Chronico
889 1314 969 1366 ait)
1007 1326 1217 1364 eorumque
1248 1315 1402 1354 vicarii.
1448 1313 1518 1353 His

237 1371 338 1411 adde
367 1371 460 1412 alios
489 1374 620 1414 Romae
644 1374 900 1425 magistratus·
925 1374 1043 1414 Erant
1069 1376 1175 1425 enim
1199 1376 1378 1415 ordinarii
1396 1405 1407 1424 ,
1438 1375 1519 1414 Co-

236 1444 320 1471 mes
343 1434 534 1486 Orientis,
564 1437 758 1488 ceterique
787 1436 1070 1487 provinciarum
1103 1439 1291 1486 rectores,
1319 1437 1392 1477 five
1419 1437 1520 1476 Con-

237 1494 397 1547 sulares,
430 1498 504 1538 five
537 1499 778 1539 Correetores
814 1498 946 1538 essent.
983 1499 1142 1539 Comitis
1168 1501 1338 1540 Orientis
1367 1499 1521 1554 (inquit

243 1558 415 1599 Zosimus
437 1560 504 1601 lib.
527 1561 602 1614 V.)
629 1575 672 1601 ea
700 1561 864 1612 potestas
889 1561 963 1609 est,
988 1568 1031 1601 ut
1048 1561 1111 1611 qui
1133 1573 1218 1601 eam
1247 1563 1363 1612 gerit,
1393 1561 1522 1601 omni-

241 1620 313 1660 bus
343 1623 559 1672 provincias
593 1623 762 1664 Orientis
793 1621 1138 1661 administrantibus
1171 1623 1316 1673 praefit,
1353 1625 1386 1661 Sc
1414 1635 1518 1672 quae-

241 1696 396 1735 cunque
424 1699 503 1725 non
531 1697 721 1738 aguntur,
751 1698 793 1725 ut
817 1699 884 1737 par
913 1685 990 1734 est,
1021 1686 1211 1726 emendet.
1248 1687 1295 1726 At
1318 1685 1518 1725 PraefeStus

243 1749 448 1798 Praetorio,
477 1760 519 1789 ut
543 1752 596 1790 ait
622 1750 725 1789 idem
751 1749 817 1788 lib.
842 1749 903 1796 ΙΙ,
939 1748 1173 1799 magistratus
1200 1747 1280 1798 post
1303 1747 1518 1797 Imperato-

242 1822 323 1848 rem
349 1809 534 1849 secundus
554 1810 849 1850 existimabatur.
876 1810 1141 1850 Constantinus
1156 1809 1320 1860 Magnus
1335 1822 1423 1848 eum
1441 1821 1518 1848 ma-

244 1871 463 1922 gistratum,
494 1885 580 1912 cum
605 1882 716 1912 antea
740 1873 816 1912 duo
840 1871 977 1920 essent,
1005 1872 1043 1911 in
1069 1881 1231 1923 quatuor
1261 1871 1419 1922 imperia
1445 1869 1517 1909 dis-

244 1933 404 1985 cerpiit,
440 1942 482 1974 ut
507 1947 603 1974 unus
631 1933 722 1973 esset
756 1933 956 1974 Praefeftus
986 1933 1163 1973 Praetorio
1192 1933 1386 1980 Orientis,
1423 1932 1517 1971 alter

240 1996 407 2049 Illyrici,
432 2000 565 2037 tertius
589 1997 727 2044 Italiae,
755 2006 907 2048 quartus
937 1996 1153 2037 Galliarum.
1180 1997 1308 2046 Quam
1332 2009 1420 2035 vero
1442 1994 1517 2034 late

242 2058 476 2109 singulorum
509 2058 788 2109 jurisdictiones
820 2058 1030 2108 patuerint,
1066 2058 1168 2097 idem
1197 2058 1366 2098 Zosimus
1392 2059 1426 2096 Sc
1455 2055 1517 2094 alii

244 2122 423 2162 tradunt:
461 2134 508 2162 ex
538 2121 674 2173 quibus
701 2134 795 2160 unus
822 2121 970 2172 semper
995 2121 1035 2160 in
1057 2121 1241 2160 comitatu
1270 2120 1423 2170 Augusti
1452 2125 1519 2157 aut

247 2184 400 2225 Caesaris
426 2185 575 2225 videtur
600 2184 729 2232 fuiss'e,
755 2197 822 2235 pro
852 2186 998 2224 ratione
1028 2183 1126 2231 loci,
1163 2183 1201 2221 in
1236 2197 1311 2233 quo
1341 2184 1518 2232 Princeps

246 2247 476 2290 versabatur.
524 2248 646 2298 quue
676 2260 721 2286 ex
747 2247 950 2286 Ammiano
984 2260 1065 2286 non
1096 2259 1171 2285 uno
1200 2245 1286 2285 loco
1312 2245 1522 2295 deprehen.

251 2311 303 2350 di.
337 2312 434 2351 Sane
460 2313 495 2351 Sc
521 2323 566 2350 ex
592 2310 730 2350 eodem
758 2311 912 2349 auetore
943 2310 1112 2356 constat,
1143 2309 1235 2348 duas
1258 2308 1371 2357 hujus
1403 2307 1521 2347 distri-

247 2371 416 2412 butionis
448 2372 686 2412 Praefeeturas
713 2371 954 2411 Praetorianas
979 2372 1041 2410 uni
1064 2371 1266 2421 aliquando
1293 2369 1521 2409 commiffa&

245 2435 347 2475 Nam
371 2433 437 2474 lib.
466 2434 599 2476 XXVI
622 2432 872 2476 Mamertinus
898 2434 1036 2473 dieitur
1065 2433 1174 2474 initio
1210 2433 1359 2484 imperii
1379 2431 1520 2473 vaden-
