1626 2917
348 205 569 251 RERUM
603 203 945 251 GESTARUM
982 202 1083 248 LIB.
1113 200 1239 248 XIX.
1346 216 1431 263 197

160 311 375 375 patefacta
394 311 492 358 sunt
509 310 660 375 egreffi
685 309 852 373 postica
868 344 882 367 ,
901 306 1135 372 observata
1152 305 1283 352 nocie
1306 303 1436 368 squa-

159 386 247 433 lida
285 388 335 434 δέ
371 385 610 442 interluni,
643 398 822 432 orantes
859 382 1036 431 coeleste
1069 380 1346 444 praesidium,
1387 390 1437 427 ut

157 459 406 522 propitium
437 457 597 508 adesset
630 460 677 505 ὅ(
712 457 868 504 libens.
889 458 1038 519 Atque
1058 454 1198 517 ipsum
1230 453 1435 516 spiritum

154 532 446 594 reprimentes
468 567 481 590 ‚
511 548 610 578 curn
634 546 776 593 prope
795 530 1044 586 venissent,
1066 526 1257 574 conferti
1279 527 1435 574 valido

156 605 283 653 cursu
297 641 311 663 ,
330 604 592 669 quibusdam
610 602 875 650 stationariis
894 601 1134 649 interfectis
1146 637 1163 659 ‚
1185 600 1435 647 exteriores

154 676 401 724 castrorum
421 676 603 740 vigiles,
620 688 668 722 ut
683 675 728 721 in
749 676 878 722 nullo
899 675 976 721 tali
998 686 1117 721 metu
1134 673 1327 736 sopitos,
1348 672 1434 719 ob-

154 761 446 805 truncantes,
485 748 768 811 supervenire
798 747 878 809 ipsi
914 747 1046 810 regiae
1066 782 1081 804 ,
1113 746 1143 792 fi
1176 745 1435 809 prosperior

153 822 335 884 juvisset
361 835 571 880 eventus,
597 822 776 870 occulte
796 821 1138 867 meditabantur.
1160 824 1330 867 Verum
1353 836 1434 866 au-

156 895 255 942 dito
280 896 383 942 licet
402 895 492 942 levi
511 893 787 941 tendentium
807 892 952 942 sonitu
972 928 987 951 ‚
1016 892 1272 956 gemituque
1295 891 1437 939 caeso-

154 985 253 1016 rum
269 1004 283 1027 ,
310 967 501 1014 discuss‘o
527 966 688 1012 somno
703 1000 717 1022 ‚
737 964 942 1011 excitatis
961 964 1112 1011 multis
1132 999 1146 1021 ,
1176 966 1225 1011 δέ
1245 966 1298 1010 ad
1316 981 1435 1012 arma

156 1058 240 1105 pro
257 1043 296 1088 se
317 1056 501 1104 quoque
522 1037 774 1088 clamitante
788 1075 801 1097 ‚
822 1039 1033 1086 steterunt
1055 1039 1218 1086 milites
1236 1038 1436 1101 vestigiis

157 1114 258 1163 fixis
277 1150 291 1173 ‚
315 1113 526 1177 progredi
549 1113 663 1160 ultra
686 1129 780 1161 non
799 1112 888 1159 aufi
911 1130 922 1159 ε
942 1128 1085 1175 neque
1106 1111 1225 1158 enim
1252 1124 1436 1159 cautum

157 1189 318 1235 deinde
337 1223 351 1246 ,
378 1186 726 1251 expergefactis,
762 1203 878 1250 quos
913 1186 1124 1251 petebant
1159 1185 1356 1243 insidiae,
1388 1185 1438 1232 in

155 1274 358 1324 apertum
396 1276 639 1323 properare
674 1258 908 1306 discrimen
929 1293 943 1316 ‚
977 1274 1080 1304 cum
1111 1255 1199 1318 jam
1236 1256 1435 1320 undique

152 1334 456 1382 frendentium
479 1347 675 1381 catervae
702 1333 926 1380 Persarum
948 1332 993 1378 in
1026 1332 1190 1395 proelia
1223 1332 1435 1379 venirent

154 1409 368 1457 accensae.
388 1409 564 1455 Contra
598 1407 720 1454 Galli
755 1423 1000 1468 corporum
1032 1405 1202 1452 robore
1226 1404 1433 1451 audacia-

155 1497 260 1544 que,
279 1480 431 1544 quoad
448 1492 676 1541 poterant,
694 1478 961 1535 inconcuffi,
977 1477 1133 1541 gladiis
1150 1477 1344 1525 secantes
1363 1477 1435 1524 ad·

155 1553 312 1600 versos
332 1588 346 1611 ,
372 1565 495 1615 parte
525 1551 706 1599 suorum
728 1551 887 1609 strata,
920 1551 996 1598 vel
1020 1550 1271 1614 sagittarum
1301 1549 1434 1597 undi-

156 1643 244 1690 que
269 1625 525 1674 volantium
555 1624 791 1672 crebritate
817 1623 996 1672 confixa
1015 1659 1030 1682 ‚
1070 1640 1172 1670 cum
1209 1640 1349 1670 unum
1384 1622 1433 1671 in

156 1699 313 1746 locum
340 1710 482 1744 totam
507 1696 698 1760 periculi
728 1696 898 1743 molem
932 1695 1198 1744 conversam
1217 1731 1232 1755 ‚
1264 1698 1314 1743 ὅ(
1332 1712 1435 1744 cur·

155 1765 351 1834 rentium
387 1767 583 1814 hostium
618 1766 793 1829 agmina
826 1766 1140 1825 advertissent,
1162 1767 1291 1813 nullo
1314 1779 1434 1831 terga

157 1851 362 1887 vertente
394 1841 586 1887 evadere
616 1839 909 1886 festinabant:
940 1840 990 1887 &
1016 1839 1142 1889 velut
1172 1839 1435 1902 repedantes

156 1912 236 1960 sub
259 1913 454 1961 modulis
473 1948 487 1972 ,
508 1913 663 1960 sensim
697 1926 823 1960 extra
852 1912 1022 1962 vallum
1054 1913 1248 1975 protrusi
1271 1947 1286 1971 ,
1325 1930 1430 1961 curn

154 1984 407 2049 manipulos
428 1985 675 2034 confertius
696 1986 961 2033 invadentes
985 1985 1193 2033 sustinere
1212 2002 1307 2033 non
1324 1985 1435 2049 pos-

156 2060 252 2108 sent
271 2095 285 2119 ,
326 2060 534 2106 tubarum
571 2059 729 2122 perciti
762 2060 977 2124 clangore
1004 2059 1285 2107 castrensium
1307 2095 1322 2118 ‚
1344 2060 1433 2107 dis-

157 2133 388 2180 cedebant.
409 2134 464 2179 Et
492 2133 805 2180 resultantibus
838 2151 863 2180 e
902 2133 1084 2181 civitate
1111 2133 1231 2180 lituis
1253 2132 1433 2189 multis,

157 2216 301 2268 portae
333 2207 587 2268 panduntur
614 2219 861 2269 recepturae
896 2207 1100 2265 nostros,
1128 2205 1160 2252 fi
1194 2205 1435 2269 pervenire

158 2278 265 2326 illuc
297 2279 433 2342 usque
464 2280 702 2327 valuissent
725 2297 735 2327 :
762 2292 1185 2343 tormentorumque
1211 2280 1433 2328 machinae

161 2350 402 2398 stridebant
432 2351 523 2400 fine
560 2351 832 2414 jaculatione
852 2353 942 2402 ulla
972 2353 1164 2400 telorum
1183 2387 1198 2411 ,
1229 2368 1280 2399 ut
1310 2351 1435 2399 stati-

162 2423 327 2471 onibus
362 2424 643 2486 praefidentes
666 2461 681 2485 ,
717 2425 816 2489 post
844 2425 1106 2473 interemtos
1136 2424 1283 2472 socios
1309 2441 1436 2486 pone

158 2509 393 2561 agerentur
419 2497 595 2563 ignari,
612 2498 735 2548 urbis
772 2498 969 2562 oppositi
998 2496 1226 2545 moenibus
1255 2496 1437 2545 nudatis

1073 2571 1117 2617 N
1155 2589 1178 2635 3
