1626 2917
302 79 522 125 RERUM
561 77 901 124 GESTARUM
940 79 1041 124 ΜΒ.
1079 78 1232 124 XXV.
1369 93 1431 139 37*

147 184 391 248 quoniam,
420 183 620 247 frugibus
650 183 812 230 exustis
834 186 882 231 ὃς
911 183 1084 246 pabulis
1102 219 1113 239 ‚
1140 183 1346 229 homines
1381 182 1427 228 in

142 257 373 304 discrimen
395 256 598 302 ultimum
618 268 836 302 venerant
853 258 899 303 δέ
917 255 1132 316 jumenta,
1152 272 1207 301 ex
1227 271 1283 301 eo
1303 255 1427 313 cibo,

143 345 275 392 quem
300 328 506 374 animalia
529 328 816 375 tribunorum
839 328 1063 375 vehebant
1085 330 1133 376 &
1161 328 1395 375 Comitum
1413 363 1436 385 ,X

144 402 245 448 imae
269 418 453 465 quoque
487 402 681 448 militum
715 402 834 465 plebi
865 403 1042 464 penitus
1076 402 1294 465 indigenti
1329 418 1439 464 pars„

144 473 372 520 distributa
400 474 459 521 est
489 492 662 538 magna.
693 477 748 520 Et
780 477 1052 537 Imperator,
1078 475 1150 521 cui
1176 492 1268 520 non
1291 491 1430 536 cupe-

143 547 228 593 diae
260 547 465 595 ciborum
502 566 557 595 ex
597 549 722 612 regio
758 563 911 606 more,
947 548 1020 594 sed
1059 549 1135 594 sub
1172 548 1428 594 columellis

144 621 419 667 ‘tabernaculi
440 621 591 683 parvis
610 634 849 667 coenaturo
865 655 877 677 ,
903 620 1037 683 pultis
1066 621 1221 682 portio
1242 621 1428 682 paraba-

145 705 217 740 tur
255 694 443 757 exigua,
483 694 612 740 etiam
653 691 855 740 munifici
896 692 1162 740 fastidienda
1190 694 1428 757 gregario,

144 764 364 828 quidquid
390 766 444 811 ad
471 765 707 811 ministeria
730 765 1060 826 postulabatur,
1082 782 1161 827 per
1183 767 1430 812 contuber-

144 836 218 883 nia
257 838 520 900 paupertina
558 838 620 882 sui
657 837 835 884 securus
873 837 1035 900 egeffit.
1075 837 1165 899 lpse
1196 851 1342 884 autem
1374 839 1430 884 ad

146 909 384 957 sollicitam
412 909 750 974 suspensamque
781 909 976 972 quietem
1004 910 1222 972 paulisper
1252 925 1437 973 protra-

147 986 241 1033 eius
257 1020 271 1042 ,
303 1001 404 1031 cum
427 983 588 1030 somno
606 1018 619 1039 ,
648 995 697 1029 ut
719 982 911 1040 solebat,
934 982 1141 1044 depulso,
1164 984 1217 1028 ad
1251 984 1430 1029 aemula-

146 1059 317 1105 tionem
338 1058 523 1104 Caesaris
543 1056 648 1105 Iulii
671 1056 873 1121 quaedam
899 1055 976 1103 sub
998 1056 1188 1118 pellibus
1210 1055 1433 1114 scribens,

144 1134 340 1181 obscuro
373 1133 515 1180 noffls
535 1131 770 1178 altitudine
798 1130 940 1177 sensus
973 1129 1196 1191 cujusdam
1225 1130 1430 1191 philoso-

146 1207 223 1270 phi
244 1218 490 1262 teneretur‚
514 1205 630 1253 vidit
652 1204 910 1268 squalidius,
932 1217 981 1250 ut
1001 1203 1222 1250 confeffus
1243 1203 1303 1248 est
1326 1219 1432 1264 pro-

145 1279 308 1337 ximis,
328 1278 518 1341 speciem
543 1278 665 1323 illam
687 1277 821 1323 Genii
842 1277 1035 1339 publici,
1058 1293 1191 1338 quam
1209 1313 1223 1332 ,
1247 1293 1347 1322 cum
1379 1275 1434 1321 acl

151 1351 379 1413 augustum
416 1350 611 1412 surgeret
649 1349 853 1405 culmen,
886 1347 1122 1409 conspexit
1157 1348 1200 1393 in
1245 1347 1433 1404 Galliis,

150 1425 295 1470 velata
331 1441 433 1470 cum
471 1423 614 1485 capite
651 1422 948 1484 Cornucopia
983 1439 1063 1484 per
1093 1421 1232 1466 aulaea
1268 1420 1445 1466 tristius

151 1495 466 1542 discedentem.
510 1499 565 1545 Et
599 1512 868 1558 quamquam
905 1493 958 1540 ad
994 1506 1274 1540 momentum
1311 1491 1434 1539 haesxt

149 1568 330 1630 stupore
357 1567 554 1627 defixus,
587 1568 713 1614 omni
736 1580 883 1614 tamen
912 1564 1117 1629 superior
1146 1578 1297 1622 metu,
1322 1582 1435 1611 ven-

151 1658 251 1690 tura
279 1643 467 1690 decretis
501 1642 754 1690 coelestibus
785 1640 1155 1688 commendabat:
1186 1639 1434 1701 reli&oqtie

151 1715 279 1772 humi
309 1714 444 1761 strato
476 1710 640 1772 cubili,
676 1714 825 1761 adulta
861 1713 947 1776 jam
986 1713 1156 1760 excitus
1192 1713 1351 1770 noste,
1384 1714 1447 1762 &⁴

153 1786 413 1837 numinibus
433 1803 510 1848 per
531 1785 647 1832 sacra
670 1785 924 1848 depulsoria
946 1785 1196 1848 supplicans
1211 1823 1222 1844 ,
1241 1786 1436 1850 flagran-

153 1858 356 1905 t-iffimam
385 1857 522 1904 facem
561 1858 737 1905 cadenti
762 1858 943 1904 similem
979 1858 1147 1916 visam,
1168 1859 1277 1905 aeris
1310 1870 1435 1920 parte

153 1931 317 1979 sulcata
340 1931 566 1978 evanuisse
599 1930 897 1976 existimavit:
921 1931 1202 1994 horroreque
1235 1930 1437 1993 perfusus

156 2001 247 2058 est,
276 2019 330 2048 ne
367 2002 430 2048 ita>
460 2016 611 2065 aperte
647 2002 798 2048 minax
834 2003 989 2048 Martis
1024 2003 1275 2065 apparuerit
1304 2002 1440 2048 sidusa

156 2077 262 2122 Erat
291 2075 411 2120 enim
442 2076 564 2121 nitor
598 2075 753 2138 igneus
782 2074 887 2130 iste,
923 2090 1053 2138 quem
1090 2082 1321 2123 διαΐσσοντκ
1352 2090 1445 2119 1105,

159 2146 450 2209 appellamus,
468 2163 550 2194 nec
571 2148 732 2193 cadens
751 2163 968 2208 unquam,
989 2163 1070 2192 nec
1089 2159 1248 2191 terram
1267 2144 1443 2191 contin2

161 2236 282 2283 gens.
314 2221 522 2283 Corpora
545 2222 662 2267 enim
693 2220 770 2283 qui
801 2220 940 2267 credit
967 2221 1149 2268 coelitus
1177 2220 1298 2283 pofl'e
1319 2219 1440 2276 labi,

161 2291 377 2356 profanus
396 2295 556 2340 merito
581 2293 803 2355 judicatur
824 2295 873 2341 &
893 2294 1084 2341 demens.
1113 2295 1181 2341 Fit
1200 2303 1345 2341 autem
1367 2293 1447 2338 hic>

161 2366 338 2415 habitus
356 2367 504 2417 modis
526 2366 861 2430 compluribus,
875 2382 898 2413 e
917 2366 1076 2430 quibus
1097 2365 1280 2413 sufficiet
1301 2379 1460 2428 pauc-212

1087 2440 1185 2502 C}
