1626 2917
335 153 553 200 RERUM
582 151 921 200 GESTARUM
953 153 1055 199 LlB.
1086 153 1275 200 XXVH.
1349 165 1431 212 125

158 256 263 305 fixis
290 274 346 304 ex
377 275 532 314 more,
566 275 665 305 curn
694 257 892 321 undique
918 257 970 303 ad
991 259 1111 303 arma
1133 255 1442 303 conclamare·

158 342 260 386 tur,
293 330 485 392 imperio
513 330 730 393 Principis
759 332 807 378 &
840 331 1074 383 <iustorum
1107 329 1221 375 stetit
1245 328 1442 392 regibilis

157 403 314 458 miles,
339 404 557 451 vexillum
580 404 820 468 opperiens
844 403 1175 450 extollendum:
1204 402 1327 465 quod
1347 413 1442 447 erat

119 491 125 499 ¹
157 489 419 538 opportune
458 477 695 524 subeundae
722 477 936 524 indicium
965 493 1141 539 pugnae.
1176 476 1302 538 Ergo
1338 474 1441 538 quia

157 549 345 610 spatium
364 549 634 596 deliberandi
656 563 730 597 aut
754 550 963 612 exiguum
984 549 1168 595 dabatur
1189 584 1201 606 ‚
1233 562 1307 594 aut
1335 547 1439 593 nul-

158 621 279 675 lum,
297 622 403 669 hinc
431 622 707 685 impatientia
724 622 874 668 militis
892 633 1164 683 perterrente
1178 657 1192 677 ‚
1215 620 1316 667 inde
1337 621 1443 666 hor·

157 693 298 739 tenda
331 693 761 741 circumsonantibus
794 692 1051 739 Alamannis
1073 728 1086 750 ‚
1120 692 1165 737 id
1205 691 1441 738 consilium

158 767 278 813 ratio
301 767 535 814 celeritatis
567 768 739 814 admisit
762 803 775 825 ‚
799 780 847 813 ut
869 767 1060 812 arCt03m
1090 766 1313 812 montium
1340 782 1443 828 par-

160 851 280 897 tem,
299 858 432 904 quam
460 842 702 888 clementer
728 839 921 886 diximus
951 840 1033 886 esse
1052 840 1303 902 proclivem
1322 876 1333 897 ‚
1361 841 1441 886 Se·-

158 912 384 959 bastianus
401 931 502 960 cum
527 914 610 959 suis
629 925 893 975 occuparet,
916 911 1137 976 fugientes
1157 915 1412 960 Germanos
1428 947 1442 968 ,

159 985 193 1031 fi
215 985 309 1032 fors
332 987 391 1032 ita
412 986 572 1033 tulisset
595 1022 609 1043 ,
629 986 720 1032 levi
748 986 930 1048 negotio
956 985 1240 1032 cont'bss'urus
1268 1004 1277 1033 :
1312 1001 1407 1048 quo
1427 1020 1441 1041 ,

160 1071 213 1106 ut
239 1059 427 1120 placuit,
447 1071 670 1105 maturato
693 1094 706 1115 ,
733 1058 1041 1119 Gratianoque
1065 1060 1181 1119 apud
1215 1059 1331 1121 signa
1360 1060 1440 1105 Jo-

159 1132 402 1178 vianorum
427 1144 548 1179 retro
574 1133 758 1178 detento
776 1166 789 1187 ‚
817 1129 941 1191 cujus
966 1145 1066 1176 aetas
1093 1142 1182 1176 erat
1214 1131 1443 1176 etiamtum

157 1205 429 1268 proeliorum
450 1205 684 1273 impatiens
703 1207 750 1252 &
772 1204 974 1250 laborum
996 1239 1008 1260 ,
1033 1203 1372 1249 Valentinianus
1397 1214 1445 1248 ut

159 1278 254 1323 dux
281 1278 511 1323 cunstator
541 1279 589 1324 &
613 1289 759 1334 tutus,
786 1275 1007 1322 centurias
1030 1277 1077 1321 ὅ(
1099 1275 1349 1337 manipulos
1376 1291 1444 1320 ca-

160 1348 253 1411 pite
282 1348 448 1395 intefio
483 1347 742 1395 collustrans
762 1382 773 1403 ‚
806 1347 933 1392 nullo
959 1346 1211 1407 potentium
1247 1347 1290 1392 in
1327 1361 1445 1392 con-

158 1421 386 1468 scientiam
411 1421 559 1468 arcani
588 1420 789 1466 adhibito
806 1456 819 1478 ‚
852 1433 1025 1466 remota
1060 1420 1345 1466 multitudine
1370 1420 1443 1466 sti-

160 1506 371 1557 patorum
401 1531 412 1550 ‚
450 1494 724 1557 speculatum
769 1494 936 1540 radices
984 1510 1194 1557 aggerum
1238 1495 1444 1541 avolavit

159 1583 264 1613 cum
295 1567 447 1628 paucis
468 1603 481 1624 ‚
519 1583 712 1629 quorum
744 1566 997 1612 industriam
1034 1581 1164 1612 norat
1196 1569 1244 1614 &
1274 1566 1403 1613 fidem
1429 1585 1440 1612 ε

158 1641 409 1703 praedicans
427 1676 440 1698 ‚
461 1652 512 1685 ut
543 1653 637 1685 erat
665 1639 730 1684 sui
760 1655 973 1702 arrogans
1002 1639 1241 1685 aestimator
1260 1675 1274 1695 ‚
1308 1640 1444 1685 inve-

159 1713 248 1771 niri
278 1713 400 1776 posse
440 1713 572 1758 aliam
603 1711 720 1758 viam
742 1747 754 1767 ,
793 1712 1029 1758 ducentem
1065 1712 1119 1758 ad
1156 1712 1322 1758 arduos
1360 1711 1443 1758 cli-

159 1803 251 1835 vos
272 1823 287 1844 ,
322 1799 485 1849 praeter
504 1803 596 1831 eam
619 1822 633 1844 ‚
661 1802 792 1847 quam
825 1785 1053 1847 inspexere
1087 1783 1440 1846 proculcatores.

159 1863 242 1909 Per
269 1861 425 1925 ignota
453 1861 603 1923 itaque
637 1861 687 1907 &
711 1859 921 1922 palustres
951 1857 1142 1920 uligines
1170 1857 1323 1905 devius
1343 1871 1442 1903 ten-

160 1937 271 1984 dens
287 1973 301 1995 ,
325 1935 607 1982 insidiatricis
632 1950 788 1981 manus
809 1934 965 1980 locatae
987 1949 1064 1994 per
1090 1932 1275 1996 obliqua
1298 1932 1443 1979 subito

161 2010 416 2074 oppetiisset
446 2009 624 2056 accursu
644 2043 658 2065 ,
689 2008 734 2053 ni
771 2004 1324 2070 neceffitatisadjumento
1355 2021 1443 2067 po-

161 2084 328 2132 stremo
349 2121 364 2143 ,
400 2102 478 2146 per
512 2084 688 2130 labilem
723 2083 875 2128 limum
912 2080 1102 2125 incitato
1136 2077 1338 2139 jumento
1377 2078 1445 2123 di-

162 2157 326 2220 gressus
344 2193 356 2214 ‚
385 2157 613 2220 legionum
643 2156 683 2202 se
710 2154 886 2217 gremiis
906 2151 1176 2198 immersisset
1199 2152 1295 2214 post
1315 2153 1443 2197 abru-

161 2242 289 2292 ptum
320 2231 597 2292 periculum:
628 2230 700 2276 cui
735 2230 846 2275 adeo
877 2228 1113 2290 proximus
1142 2227 1225 2272 fuit
1244 2262 1257 2283 ,
1287 2239 1334 2272 ut
1367 2243 1442 2289 gaf

162 2301 277 2348 leam
303 2300 396 2360 ejus
429 2301 727 2348 cubicularius
754 2299 899 2347 ferens
917 2334 928 2355 ,
952 2316 1060 2345 auro
1095 2299 1343 2360 lapillisque
1377 2297 1446 2342 di-

164 2376 361 2422 stinuam
379 2412 391 2432 ,
423 2393 525 2423 cum
557 2376 655 2437 ipso
685 2375 879 2437 tegmine
906 2373 1080 2435 penitus
1104 2373 1302 2418 interiret
1323 2406 1336 2428 ‚
1361 2386 1442 2416 nec

140 2449 320 2514 'postea
356 2449 493 2499 vivus
515 2450 811 2513 reperiretur,
841 2460 915 2495 aut
950 2446 1222 2494 interfettus.
1254 2443 1444 2491 Proinde
