<?xml version="1.0" encoding="UTF-8"?>
<!DOCTYPE html PUBLIC "-//W3C//DTD XHTML 1.0 Transitional//EN"
    "http://www.w3.org/TR/xhtml1/DTD/xhtml1-transitional.dtd">
<html xmlns="http://www.w3.org/1999/xhtml" xml:lang="en" lang="en">
 <head>
  <title>
</title>
<meta http-equiv="Content-Type" content="text/html;charset=utf-8" />
  <meta name='ocr-system' content='tesseract 3.04.00' />
  <meta name='ocr-capabilities' content='ocr_page ocr_carea ocr_par ocr_line ocrx_word'/>
</head>
<body>
  <div class='ocr_page' id='page_1' title='image "./rerumgestarumqui00ammiuoft_0308.png"; bbox 0 0 1626 2917; ppageno 0'>
   <div class='ocr_carea' id='block_1_1' title="bbox 203 280 1253 343">
    <p class='ocr_par' dir='ltr' id='par_1_1' title="bbox 203 280 1253 343">
     <span class='ocr_line' id='line_1_1' title="bbox 203 280 1253 343; baseline 0 -15"><span class='ocrx_word' id='word_1_1' title='bbox 203 298 294 343; x_wconf 69' lang='lat'>244</span> <span class='ocrx_word' id='word_1_2' title='bbox 418 280 1253 328; x_wconf 74' lang='lat' dir='ltr'>AMM1AN1MARCELL1N1</span> 
     </span>
    </p>
   </div>
   <div class='ocr_carea' id='block_1_2' title="bbox 196 384 1477 666">
    <p class='ocr_par' dir='ltr' id='par_1_2' title="bbox 196 384 1477 666">
     <span class='ocr_line' id='line_1_2' title="bbox 198 384 1477 449; baseline 0 -17"><span class='ocrx_word' id='word_1_3' title='bbox 198 387 340 449; x_wconf 87' lang='lat' dir='ltr'>lisque</span> <span class='ocrx_word' id='word_1_4' title='bbox 362 384 587 448; x_wconf 83' lang='lat' dir='ltr'>igniferis:</span> <span class='ocrx_word' id='word_1_5' title='bbox 614 402 713 447; x_wconf 78' lang='lat' dir='ltr'>quae</span> <span class='ocrx_word' id='word_1_6' title='bbox 743 401 822 447; x_wconf 87' lang='lat' dir='ltr'>per</span> <span class='ocrx_word' id='word_1_7' title='bbox 844 397 1098 449; x_wconf 85' lang='lat' dir='ltr'>tegumenta</span> <span class='ocrx_word' id='word_1_8' title='bbox 1123 385 1310 432; x_wconf 90' lang='lat' dir='ltr'>turrium</span> <span class='ocrx_word' id='word_1_9' title='bbox 1349 384 1477 432; x_wconf 64' lang='lat' dir='ltr'>voli-⁶</span> 
     </span>
     <span class='ocr_line' id='line_1_3' title="bbox 198 458 1475 523; baseline -0.002 -16"><span class='ocrx_word' id='word_1_10' title='bbox 198 459 337 507; x_wconf 76' lang='lat' dir='ltr'>tantia</span> <span class='ocrx_word' id='word_1_11' title='bbox 357 494 370 515; x_wconf 87' lang='lat'>‚</span> <span class='ocrx_word' id='word_1_12' title='bbox 392 458 555 520; x_wconf 85' lang='lat' dir='ltr'>paratis</span> <span class='ocrx_word' id='word_1_13' title='bbox 573 495 585 516; x_wconf 88' lang='lat'>‚</span> <span class='ocrx_word' id='word_1_14' title='bbox 606 459 681 522; x_wconf 88' lang='lat' dir='ltr'>qui</span> <span class='ocrx_word' id='word_1_15' title='bbox 702 459 1022 522; x_wconf 85' lang='lat' dir='ltr'>restinguerent</span> <span class='ocrx_word' id='word_1_16' title='bbox 1038 495 1052 517; x_wconf 87' lang='lat'>,</span> <span class='ocrx_word' id='word_1_17' title='bbox 1071 460 1332 523; x_wconf 88' lang='lat' dir='ltr'>plerumque</span> <span class='ocrx_word' id='word_1_18' title='bbox 1353 459 1475 506; x_wconf 84' lang='lat' dir='ltr'>irrita</span> 
     </span>
     <span class='ocr_line' id='line_1_4' title="bbox 196 530 1474 594; baseline -0.001 -15"><span class='ocrx_word' id='word_1_19' title='bbox 196 531 473 579; x_wconf 77' lang='lat' dir='ltr'>labebantur.</span> <span class='ocrx_word' id='word_1_20' title='bbox 523 532 735 594; x_wconf 79' lang='lat' dir='ltr'><strong>Cumque</strong></span> <span class='ocrx_word' id='word_1_21' title='bbox 770 531 1003 594; x_wconf 80' lang='lat' dir='ltr'>pauciores</span> <span class='ocrx_word' id='word_1_22' title='bbox 1040 531 1282 594; x_wconf 75' lang='lat' dir='ltr'>utrobique</span> <span class='ocrx_word' id='word_1_23' title='bbox 1316 530 1474 578; x_wconf 84' lang='lat' dir='ltr'>fierent</span> 
     </span>
     <span class='ocr_line' id='line_1_5' title="bbox 196 602 1473 666; baseline 0 -16"><span class='ocrx_word' id='word_1_24' title='bbox 196 604 438 651; x_wconf 80' lang='lat' dir='ltr'>bellatores</span> <span class='ocrx_word' id='word_1_25' title='bbox 453 639 464 661; x_wconf 90' lang='lat'>‚</span> <span class='ocrx_word' id='word_1_26' title='bbox 487 605 535 650; x_wconf 88' lang='lat'>&amp;</span> <span class='ocrx_word' id='word_1_27' title='bbox 558 603 694 649; x_wconf 84' lang='lat' dir='ltr'>Persae</span> <span class='ocrx_word' id='word_1_28' title='bbox 713 604 1000 650; x_wconf 87' lang='lat' dir='ltr'>truderentur</span> <span class='ocrx_word' id='word_1_29' title='bbox 1025 603 1079 650; x_wconf 88' lang='lat' dir='ltr'>ad</span> <span class='ocrx_word' id='word_1_30' title='bbox 1106 602 1258 649; x_wconf 86' lang='lat' dir='ltr'>ultima</span> <span class='ocrx_word' id='word_1_31' title='bbox 1278 637 1292 660; x_wconf 92' lang='lat'><em>‚</em></span> <span class='ocrx_word' id='word_1_32' title='bbox 1320 604 1365 650; x_wconf 85' lang='lat' dir='ltr'>ni</span> <span class='ocrx_word' id='word_1_33' title='bbox 1388 620 1473 666; x_wconf 88' lang='lat' dir='ltr'>po-</span> 
     </span>
    </p>
   </div>
   <div class='ocr_carea' id='block_1_3' title="bbox 198 676 1543 739">
    <p class='ocr_par' dir='ltr' id='par_1_3' title="bbox 198 676 1543 739">
     <span class='ocr_line' id='line_1_6' title="bbox 198 676 1543 739; baseline -0.001 -16"><span class='ocrx_word' id='word_1_34' title='bbox 198 678 293 723; x_wconf 80' lang='lat' dir='ltr'>tior</span> <span class='ocrx_word' id='word_1_35' title='bbox 323 676 439 722; x_wconf 87' lang='lat' dir='ltr'>ratio</span> <span class='ocrx_word' id='word_1_36' title='bbox 473 676 752 723; x_wconf 69' lang='lat' dir='ltr'>succurrisset</span> <span class='ocrx_word' id='word_1_37' title='bbox 771 712 784 733; x_wconf 88' lang='lat'><strong>‚</strong></span> <span class='ocrx_word' id='word_1_38' title='bbox 815 676 1084 738; x_wconf 81' lang='lat' dir='ltr'>impensiore</span> <span class='ocrx_word' id='word_1_39' title='bbox 1114 692 1250 739; x_wconf 87' lang='lat' dir='ltr'>opera</span> <span class='ocrx_word' id='word_1_40' title='bbox 1283 693 1475 738; x_wconf 83' lang='lat' dir='ltr'>procur·</span> <span class='ocrx_word' id='word_1_41' title='bbox 1538 697 1543 705; x_wconf 93' lang='lat'>·</span> 
     </span>
    </p>
   </div>
   <div class='ocr_carea' id='block_1_4' title="bbox 181 747 1476 2624">
    <p class='ocr_par' dir='ltr' id='par_1_4' title="bbox 181 747 1476 2624">
     <span class='ocr_line' id='line_1_7' title="bbox 196 747 1475 809; baseline 0 -15"><span class='ocrx_word' id='word_1_42' title='bbox 196 747 267 794; x_wconf 82' lang='lat' dir='ltr'>sus</span> <span class='ocrx_word' id='word_1_43' title='bbox 291 748 546 794; x_wconf 73' lang='lat' dir='ltr'>tentabatur</span> <span class='ocrx_word' id='word_1_44' title='bbox 574 765 630 793; x_wconf 82' lang='lat' dir='ltr'>ex</span> <span class='ocrx_word' id='word_1_45' title='bbox 659 747 831 794; x_wconf 83' lang='lat' dir='ltr'>castris:</span> <span class='ocrx_word' id='word_1_46' title='bbox 866 749 917 795; x_wconf 71' lang='grc' dir='ltr'>δε</span> <span class='ocrx_word' id='word_1_47' title='bbox 943 747 1180 809; x_wconf 81' lang='lat' dir='ltr'>eruptione</span> <span class='ocrx_word' id='word_1_48' title='bbox 1198 747 1337 794; x_wconf 84' lang='lat' dir='ltr'>subita</span> <span class='ocrx_word' id='word_1_49' title='bbox 1356 748 1475 794; x_wconf 88' lang='lat' dir='ltr'>mul-</span> 
     </span>
     <span class='ocr_line' id='line_1_8' title="bbox 196 819 1476 885; baseline 0.002 -17"><span class='ocrx_word' id='word_1_50' title='bbox 196 820 400 868; x_wconf 82' lang='lat' dir='ltr'>titudinis</span> <span class='ocrx_word' id='word_1_51' title='bbox 429 819 538 867; x_wconf 65' lang='lat' dir='ltr'>faEta</span> <span class='ocrx_word' id='word_1_52' title='bbox 558 857 573 877; x_wconf 85' lang='lat'><em>,</em></span> <span class='ocrx_word' id='word_1_53' title='bbox 603 820 720 867; x_wconf 89' lang='lat' dir='ltr'>inter</span> <span class='ocrx_word' id='word_1_54' title='bbox 752 833 946 868; x_wconf 87' lang='lat' dir='ltr'>armatos</span> <span class='ocrx_word' id='word_1_55' title='bbox 975 820 1053 884; x_wconf 87' lang='lat' dir='ltr'>qui</span> <span class='ocrx_word' id='word_1_56' title='bbox 1082 820 1317 883; x_wconf 81' lang='lat' dir='ltr'>portabant</span> <span class='ocrx_word' id='word_1_57' title='bbox 1350 822 1476 885; x_wconf 84' lang='lat' dir='ltr'>ignes</span> 
     </span>
     <span class='ocr_line' id='line_1_9' title="bbox 196 891 1475 954; baseline 0.001 -16"><span class='ocrx_word' id='word_1_58' title='bbox 196 891 491 953; x_wconf 81' lang='lat' dir='ltr'>amplioribus</span> <span class='ocrx_word' id='word_1_59' title='bbox 526 893 745 940; x_wconf 84' lang='lat' dir='ltr'>ordinatis</span> <span class='ocrx_word' id='word_1_60' title='bbox 765 929 779 952; x_wconf 89' lang='lat'>,</span> <span class='ocrx_word' id='word_1_61' title='bbox 808 892 1084 954; x_wconf 86' lang='lat' dir='ltr'>jaciebantur</span> <span class='ocrx_word' id='word_1_62' title='bbox 1108 893 1267 940; x_wconf 88' lang='lat' dir='ltr'>corbes</span> <span class='ocrx_word' id='word_1_63' title='bbox 1299 892 1345 938; x_wconf 88' lang='lat' dir='ltr'>in</span> <span class='ocrx_word' id='word_1_64' title='bbox 1378 910 1475 939; x_wconf 87' lang='lat' dir='ltr'>ma-</span> 
     </span>
     <span class='ocr_line' id='line_1_10' title="bbox 194 963 1475 1027; baseline 0 -15"><span class='ocrx_word' id='word_1_65' title='bbox 194 964 328 1012; x_wconf 74' lang='lat' dir='ltr'>terias</span> <span class='ocrx_word' id='word_1_66' title='bbox 357 963 512 1010; x_wconf 83' lang='lat' dir='ltr'>ferreae</span> <span class='ocrx_word' id='word_1_67' title='bbox 544 965 689 1027; x_wconf 84' lang='lat' dir='ltr'>plenae</span> <span class='ocrx_word' id='word_1_68' title='bbox 710 965 987 1013; x_wconf 82' lang='lat' dir='ltr'>flammarum</span> <span class='ocrx_word' id='word_1_69' title='bbox 1002 1001 1012 1018; x_wconf 76' lang='lat'><em>‚</em></span> <span class='ocrx_word' id='word_1_70' title='bbox 1033 967 1083 1014; x_wconf 84' lang='lat'>&amp;</span> <span class='ocrx_word' id='word_1_71' title='bbox 1102 965 1315 1012; x_wconf 87' lang='lat' dir='ltr'>sarmenta</span> <span class='ocrx_word' id='word_1_72' title='bbox 1335 1001 1350 1023; x_wconf 89' lang='lat'>‚</span> <span class='ocrx_word' id='word_1_73' title='bbox 1370 965 1475 1012; x_wconf 76' lang='lat' dir='ltr'>alia·</span> 
     </span>
     <span class='ocr_line' id='line_1_11' title="bbox 193 1038 1475 1103; baseline 0.001 -20"><span class='ocrx_word' id='word_1_74' title='bbox 193 1054 282 1101; x_wconf 91' lang='lat' dir='ltr'>que</span> <span class='ocrx_word' id='word_1_75' title='bbox 299 1038 355 1083; x_wconf 86' lang='lat' dir='ltr'>ad</span> <span class='ocrx_word' id='word_1_76' title='bbox 377 1038 500 1100; x_wconf 85' lang='lat' dir='ltr'>ignes</span> <span class='ocrx_word' id='word_1_77' title='bbox 523 1038 852 1101; x_wconf 83' lang='lat' dir='ltr'>concipiendos</span> <span class='ocrx_word' id='word_1_78' title='bbox 876 1038 1104 1101; x_wconf 65' lang='lat' dir='ltr'>aptissima.</span> <span class='ocrx_word' id='word_1_79' title='bbox 1135 1040 1191 1084; x_wconf 86' lang='lat' dir='ltr'>Et</span> <span class='ocrx_word' id='word_1_80' title='bbox 1222 1038 1325 1103; x_wconf 87' lang='lat' dir='ltr'>quia</span> <span class='ocrx_word' id='word_1_81' title='bbox 1358 1055 1475 1085; x_wconf 91' lang='lat' dir='ltr'>con-</span> 
     </span>
     <span class='ocr_line' id='line_1_12' title="bbox 194 1111 1475 1174; baseline 0 -16"><span class='ocrx_word' id='word_1_82' title='bbox 194 1112 388 1174; x_wconf 71' lang='lat' dir='ltr'>spe&amp;um</span> <span class='ocrx_word' id='word_1_83' title='bbox 410 1111 679 1157; x_wconf 86' lang='lat' dir='ltr'>abstulerant</span> <span class='ocrx_word' id='word_1_84' title='bbox 699 1111 809 1157; x_wconf 84' lang='lat' dir='ltr'>fumi</span> <span class='ocrx_word' id='word_1_85' title='bbox 834 1111 1085 1174; x_wconf 80' lang='lat' dir='ltr'>nigerrima:</span> <span class='ocrx_word' id='word_1_86' title='bbox 1105 1111 1244 1158; x_wconf 84' lang='lat' dir='ltr'>nubes</span> <span class='ocrx_word' id='word_1_87' title='bbox 1262 1147 1275 1169; x_wconf 90' lang='lat'><strong>,</strong></span> <span class='ocrx_word' id='word_1_88' title='bbox 1296 1111 1475 1158; x_wconf 79' lang='lat' dir='ltr'>claffico</span> 
     </span>
     <span class='ocr_line' id='line_1_13' title="bbox 194 1184 1474 1248; baseline 0 -16"><span class='ocrx_word' id='word_1_89' title='bbox 194 1186 420 1232; x_wconf 86' lang='lat' dir='ltr'>excitante</span> <span class='ocrx_word' id='word_1_90' title='bbox 465 1184 512 1230; x_wconf 88' lang='lat' dir='ltr'>in</span> <span class='ocrx_word' id='word_1_91' title='bbox 555 1202 748 1248; x_wconf 83' lang='lat' dir='ltr'>pugnam</span> <span class='ocrx_word' id='word_1_92' title='bbox 775 1218 792 1242; x_wconf 90' lang='lat'>-‚</span> <span class='ocrx_word' id='word_1_93' title='bbox 825 1184 1023 1247; x_wconf 85' lang='lat' dir='ltr'>legiones</span> <span class='ocrx_word' id='word_1_94' title='bbox 1049 1185 1306 1247; x_wconf 58' lang='lat' dir='ltr'>&#39;procindtae</span> <span class='ocrx_word' id='word_1_95' title='bbox 1341 1186 1474 1233; x_wconf 89' lang='lat' dir='ltr'>celeri</span> 
     </span>
     <span class='ocr_line' id='line_1_14' title="bbox 191 1257 1472 1322; baseline 0.001 -18"><span class='ocrx_word' id='word_1_96' title='bbox 191 1259 332 1322; x_wconf 86' lang='lat' dir='ltr'>gradu</span> <span class='ocrx_word' id='word_1_97' title='bbox 361 1270 585 1304; x_wconf 87' lang='lat' dir='ltr'>venerunt</span> <span class='ocrx_word' id='word_1_98' title='bbox 613 1276 624 1304; x_wconf 94' lang='lat'><strong>:</strong></span> <span class='ocrx_word' id='word_1_99' title='bbox 660 1260 710 1305; x_wconf 87' lang='lat'>&amp;</span> <span class='ocrx_word' id='word_1_100' title='bbox 746 1257 1043 1304; x_wconf 85' lang='lat' dir='ltr'>succrescente</span> <span class='ocrx_word' id='word_1_101' title='bbox 1074 1258 1285 1320; x_wconf 83' lang='lat' dir='ltr'>paulatim</span> <span class='ocrx_word' id='word_1_102' title='bbox 1311 1259 1472 1306; x_wconf 79' lang='lat' dir='ltr'>ardore</span> 
     </span>
     <span class='ocr_line' id='line_1_15' title="bbox 192 1329 1472 1393; baseline -0.003 -13"><span class='ocrx_word' id='word_1_103' title='bbox 192 1331 386 1380; x_wconf 83' lang='lat' dir='ltr'>bellandi</span> <span class='ocrx_word' id='word_1_104' title='bbox 410 1366 423 1388; x_wconf 90' lang='lat'>,</span> <span class='ocrx_word' id='word_1_105' title='bbox 464 1347 570 1376; x_wconf 59' lang='lat' dir='ltr'>&gt;cum</span> <span class='ocrx_word' id='word_1_106' title='bbox 601 1343 790 1379; x_wconf 87' lang='lat' dir='ltr'>ventum</span> <span class='ocrx_word' id='word_1_107' title='bbox 823 1329 967 1376; x_wconf 74' lang='lat' dir='ltr'>fuiss&#39;et</span> <span class='ocrx_word' id='word_1_108' title='bbox 995 1330 1049 1377; x_wconf 88' lang='lat' dir='ltr'>ad</span> <span class='ocrx_word' id='word_1_109' title='bbox 1077 1347 1259 1383; x_wconf 77' lang='lat' dir='ltr'>manus,</span> <span class='ocrx_word' id='word_1_110' title='bbox 1289 1343 1472 1393; x_wconf 88' lang='lat' dir='ltr'>repente</span> 
     </span>
     <span class='ocr_line' id='line_1_16' title="bbox 191 1402 1473 1466; baseline -0.002 -14"><span class='ocrx_word' id='word_1_111' title='bbox 191 1404 412 1452; x_wconf 78' lang='lat' dir='ltr'>machinae</span> <span class='ocrx_word' id='word_1_112' title='bbox 442 1419 600 1450; x_wconf 75' lang='lat' dir='ltr'>ornnes</span> <span class='ocrx_word' id='word_1_113' title='bbox 636 1402 778 1448; x_wconf 79' lang='lat' dir='ltr'>effusis</span> <span class='ocrx_word' id='word_1_114' title='bbox 803 1402 980 1465; x_wconf 83' lang='lat' dir='ltr'>ignibus</span> <span class='ocrx_word' id='word_1_115' title='bbox 1003 1402 1248 1449; x_wconf 86' lang='lat' dir='ltr'>urebantur</span> <span class='ocrx_word' id='word_1_116' title='bbox 1268 1438 1281 1461; x_wconf 89' lang='lat'><strong>,</strong></span> <span class='ocrx_word' id='word_1_117' title='bbox 1311 1416 1473 1466; x_wconf 79' lang='lat' dir='ltr'>praeter</span> 
     </span>
     <span class='ocr_line' id='line_1_17' title="bbox 190 1475 1470 1539; baseline -0.001 -15"><span class='ocrx_word' id='word_1_118' title='bbox 190 1476 435 1538; x_wconf 83' lang='lat' dir='ltr'>majorem:</span> <span class='ocrx_word' id='word_1_119' title='bbox 462 1493 621 1538; x_wconf 77' lang='lat' dir='ltr'>quam,</span> <span class='ocrx_word' id='word_1_120' title='bbox 641 1475 825 1537; x_wconf 85' lang='lat' dir='ltr'>direptis</span> <span class='ocrx_word' id='word_1_121' title='bbox 854 1475 1066 1533; x_wconf 84' lang='lat' dir='ltr'>restibus,</span> <span class='ocrx_word' id='word_1_122' title='bbox 1093 1475 1255 1539; x_wconf 87' lang='lat' dir='ltr'>quibus</span> <span class='ocrx_word' id='word_1_123' title='bbox 1281 1492 1306 1522; x_wconf 91' lang='lat' dir='ltr'>e</span> <span class='ocrx_word' id='word_1_124' title='bbox 1337 1492 1470 1523; x_wconf 89' lang='lat' dir='ltr'>muro</span> 
     </span>
     <span class='ocr_line' id='line_1_18' title="bbox 189 1546 1470 1615; baseline -0.003 -16"><span class='ocrx_word' id='word_1_125' title='bbox 189 1552 313 1615; x_wconf 70' lang='lat' dir='ltr'>jaffis</span> <span class='ocrx_word' id='word_1_126' title='bbox 347 1550 688 1614; x_wconf 75' lang='lat' dir='ltr'>implicabatur,</span> <span class='ocrx_word' id='word_1_127' title='bbox 720 1547 929 1595; x_wconf 85' lang='lat' dir='ltr'>virorum</span> <span class='ocrx_word' id='word_1_128' title='bbox 955 1548 1143 1595; x_wconf 90' lang='lat' dir='ltr'>fortium</span> <span class='ocrx_word' id='word_1_129' title='bbox 1172 1546 1321 1595; x_wconf 88' lang='lat' dir='ltr'>acrior</span> <span class='ocrx_word' id='word_1_130' title='bbox 1351 1548 1470 1596; x_wconf 88' lang='lat' dir='ltr'>nisus</span> 
     </span>
     <span class='ocr_line' id='line_1_19' title="bbox 188 1620 1470 1689; baseline -0.003 -17"><span class='ocrx_word' id='word_1_131' title='bbox 188 1643 306 1689; x_wconf 75' lang='lat' dir='ltr'>oegre</span> <span class='ocrx_word' id='word_1_132' title='bbox 333 1624 580 1671; x_wconf 87' lang='lat' dir='ltr'>semiustam</span> <span class='ocrx_word' id='word_1_133' title='bbox 607 1620 809 1668; x_wconf 78' lang='lat' dir='ltr'>extraxit.</span> <span class='ocrx_word' id='word_1_134' title='bbox 834 1623 894 1668; x_wconf 92' lang='lat' dir='ltr'>At</span> <span class='ocrx_word' id='word_1_135' title='bbox 919 1621 995 1668; x_wconf 90' lang='lat' dir='ltr'>ubi</span> <span class='ocrx_word' id='word_1_136' title='bbox 1014 1621 1245 1667; x_wconf 74' lang='lat' dir='ltr'>no&amp;1irnae</span> <span class='ocrx_word' id='word_1_137' title='bbox 1275 1621 1470 1668; x_wconf 84' lang='lat' dir='ltr'>tenebrae</span> 
     </span>
     <span class='ocr_line' id='line_1_20' title="bbox 188 1694 1470 1762; baseline -0.003 -17"><span class='ocrx_word' id='word_1_138' title='bbox 188 1699 325 1746; x_wconf 88' lang='lat' dir='ltr'>finem</span> <span class='ocrx_word' id='word_1_139' title='bbox 359 1698 537 1762; x_wconf 86' lang='lat' dir='ltr'>proeliis</span> <span class='ocrx_word' id='word_1_140' title='bbox 567 1695 812 1743; x_wconf 82' lang='lat' dir='ltr'>attulerunt</span> <span class='ocrx_word' id='word_1_141' title='bbox 841 1731 856 1754; x_wconf 88' lang='lat'>,</span> <span class='ocrx_word' id='word_1_142' title='bbox 889 1711 985 1741; x_wconf 90' lang='lat' dir='ltr'>non</span> <span class='ocrx_word' id='word_1_143' title='bbox 1029 1695 1076 1740; x_wconf 85' lang='lat' dir='ltr'>in</span> <span class='ocrx_word' id='word_1_144' title='bbox 1121 1696 1303 1758; x_wconf 85' lang='lat' dir='ltr'>longum</span> <span class='ocrx_word' id='word_1_145' title='bbox 1336 1694 1470 1742; x_wconf 83' lang='lat' dir='ltr'>militi</span> 
     </span>
     <span class='ocr_line' id='line_1_21' title="bbox 187 1766 1468 1836; baseline -0.004 -17"><span class='ocrx_word' id='word_1_146' title='bbox 187 1772 316 1836; x_wconf 87' lang='lat' dir='ltr'>quies</span> <span class='ocrx_word' id='word_1_147' title='bbox 349 1772 471 1818; x_wconf 88' lang='lat' dir='ltr'>data:</span> <span class='ocrx_word' id='word_1_148' title='bbox 499 1770 603 1819; x_wconf 92' lang='lat' dir='ltr'>cibo</span> <span class='ocrx_word' id='word_1_149' title='bbox 632 1768 751 1816; x_wconf 84' lang='lat' dir='ltr'>euim</span> <span class='ocrx_word' id='word_1_150' title='bbox 787 1768 952 1831; x_wconf 88' lang='lat' dir='ltr'>exiguo</span> <span class='ocrx_word' id='word_1_151' title='bbox 980 1766 1167 1814; x_wconf 55' lang='lat' dir='ltr'>restitus</span> <span class='ocrx_word' id='word_1_152' title='bbox 1199 1770 1246 1815; x_wconf 88' lang='lat'>&amp;</span> <span class='ocrx_word' id='word_1_153' title='bbox 1277 1768 1468 1826; x_wconf 86' lang='lat' dir='ltr'>somno,</span> 
     </span>
     <span class='ocr_line' id='line_1_22' title="bbox 187 1839 1469 1898; baseline -0.003 -8"><span class='ocrx_word' id='word_1_154' title='bbox 187 1845 412 1891; x_wconf 57' lang='lat' dir='ltr'>reitorum</span> <span class='ocrx_word' id='word_1_155' title='bbox 441 1841 617 1889; x_wconf 89' lang='lat' dir='ltr'>monitu</span> <span class='ocrx_word' id='word_1_156' title='bbox 643 1840 815 1887; x_wconf 78' lang='lat' dir='ltr'>excitus</span> <span class='ocrx_word' id='word_1_157' title='bbox 830 1875 844 1898; x_wconf 89' lang='lat'>‚</span> <span class='ocrx_word' id='word_1_158' title='bbox 865 1839 1140 1886; x_wconf 85' lang='lat' dir='ltr'>munitiones</span> <span class='ocrx_word' id='word_1_159' title='bbox 1160 1856 1184 1885; x_wconf 88' lang='lat' dir='ltr'>a</span> <span class='ocrx_word' id='word_1_160' title='bbox 1203 1856 1335 1887; x_wconf 88' lang='lat' dir='ltr'>muro</span> <span class='ocrx_word' id='word_1_161' title='bbox 1366 1841 1469 1887; x_wconf 91' lang='lat' dir='ltr'>lon-</span> 
     </span>
     <span class='ocr_line' id='line_1_23' title="bbox 185 1911 1469 1980; baseline -0.003 -17"><span class='ocrx_word' id='word_1_162' title='bbox 185 1933 242 1980; x_wconf 88' lang='lat' dir='ltr'>ge</span> <span class='ocrx_word' id='word_1_163' title='bbox 271 1915 501 1973; x_wconf 87' lang='lat' dir='ltr'>demovit,</span> <span class='ocrx_word' id='word_1_164' title='bbox 530 1913 742 1961; x_wconf 82' lang='lat' dir='ltr'>dimicare</span> <span class='ocrx_word' id='word_1_165' title='bbox 762 1911 1024 1960; x_wconf 69' lang='lat' dir='ltr'>succinffius</span> <span class='ocrx_word' id='word_1_166' title='bbox 1046 1929 1201 1974; x_wconf 83' lang='lat' dir='ltr'>parans</span> <span class='ocrx_word' id='word_1_167' title='bbox 1225 1928 1304 1974; x_wconf 91' lang='lat' dir='ltr'>per</span> <span class='ocrx_word' id='word_1_168' title='bbox 1333 1911 1469 1959; x_wconf 88' lang='lat' dir='ltr'>subli-</span> 
     </span>
     <span class='ocr_line' id='line_1_24' title="bbox 185 1981 1465 2051; baseline -0.004 -16"><span class='ocrx_word' id='word_1_169' title='bbox 185 2005 280 2036; x_wconf 85' lang='lat' dir='ltr'>mes</span> <span class='ocrx_word' id='word_1_170' title='bbox 311 1987 534 2051; x_wconf 85' lang='lat' dir='ltr'>aggestus,</span> <span class='ocrx_word' id='word_1_171' title='bbox 556 1985 632 2049; x_wconf 92' lang='lat' dir='ltr'>qui</span> <span class='ocrx_word' id='word_1_172' title='bbox 649 1984 738 2047; x_wconf 77' lang='lat' dir='ltr'>jam</span> <span class='ocrx_word' id='word_1_173' title='bbox 761 1983 1057 2041; x_wconf 87' lang='lat' dir='ltr'>consummati</span> <span class='ocrx_word' id='word_1_174' title='bbox 1075 1981 1362 2032; x_wconf 64' lang='lat' dir='ltr'>muris‘altius</span> <span class='ocrx_word' id='word_1_175' title='bbox 1380 1984 1465 2031; x_wconf 90' lang='lat' dir='ltr'>im-</span> 
     </span>
     <span class='ocr_line' id='line_1_25' title="bbox 185 2054 1466 2121; baseline -0.005 -13"><span class='ocrx_word' id='word_1_176' title='bbox 185 2059 430 2108; x_wconf 84' lang='lat' dir='ltr'>minebant.</span> <span class='ocrx_word' id='word_1_177' title='bbox 452 2061 607 2121; x_wconf 84' lang='lat' dir='ltr'>thue</span> <span class='ocrx_word' id='word_1_178' title='bbox 628 2056 758 2104; x_wconf 83' lang='lat' dir='ltr'>facile</span> <span class='ocrx_word' id='word_1_179' title='bbox 795 2054 1049 2102; x_wconf 85' lang='lat' dir='ltr'>defensores</span> <span class='ocrx_word' id='word_1_180' title='bbox 1078 2054 1307 2101; x_wconf 85' lang='lat' dir='ltr'>moenibus</span> <span class='ocrx_word' id='word_1_181' title='bbox 1326 2056 1466 2118; x_wconf 86' lang='lat' dir='ltr'>pelle-</span> 
     </span>
     <span class='ocr_line' id='line_1_26' title="bbox 185 2125 1466 2192; baseline -0.003 -14"><span class='ocrx_word' id='word_1_182' title='bbox 185 2143 341 2179; x_wconf 85' lang='lat' dir='ltr'>rentur</span> <span class='ocrx_word' id='word_1_183' title='bbox 363 2165 376 2188; x_wconf 92' lang='lat'>,</span> <span class='ocrx_word' id='word_1_184' title='bbox 408 2130 454 2175; x_wconf 89' lang='lat' dir='ltr'>in</span> <span class='ocrx_word' id='word_1_185' title='bbox 484 2129 586 2191; x_wconf 84' lang='lat' dir='ltr'>ipsis</span> <span class='ocrx_word' id='word_1_186' title='bbox 608 2144 819 2192; x_wconf 83' lang='lat' dir='ltr'>aggerum</span> <span class='ocrx_word' id='word_1_187' title='bbox 846 2125 1168 2174; x_wconf 84' lang='lat' dir='ltr'>summitatibus</span> <span class='ocrx_word' id='word_1_188' title='bbox 1206 2125 1323 2173; x_wconf 85' lang='lat' dir='ltr'>binae</span> <span class='ocrx_word' id='word_1_189' title='bbox 1363 2126 1466 2175; x_wconf 90' lang='lat' dir='ltr'>sunt</span> 
     </span>
     <span class='ocr_line' id='line_1_27' title="bbox 182 2199 1466 2265; baseline -0.004 -13"><span class='ocrx_word' id='word_1_190' title='bbox 182 2205 347 2253; x_wconf 84' lang='lat' dir='ltr'>locatae</span> <span class='ocrx_word' id='word_1_191' title='bbox 378 2203 552 2250; x_wconf 82' lang='lat' dir='ltr'>ballissae</span> <span class='ocrx_word' id='word_1_192' title='bbox 575 2238 588 2258; x_wconf 90' lang='lat'>‚</span> <span class='ocrx_word' id='word_1_193' title='bbox 619 2218 811 2265; x_wconf 88' lang='lat' dir='ltr'>quarum</span> <span class='ocrx_word' id='word_1_194' title='bbox 843 2212 967 2248; x_wconf 88' lang='lat' dir='ltr'>metu</span> <span class='ocrx_word' id='word_1_195' title='bbox 994 2215 1052 2246; x_wconf 87' lang='lat' dir='ltr'>ne</span> <span class='ocrx_word' id='word_1_196' title='bbox 1083 2199 1335 2262; x_wconf 87' lang='lat' dir='ltr'>prospicere</span> <span class='ocrx_word' id='word_1_197' title='bbox 1363 2200 1466 2262; x_wconf 88' lang='lat' dir='ltr'>qui-</span> 
     </span>
     <span class='ocr_line' id='line_1_28' title="bbox 183 2264 1464 2339; baseline -0.005 -14"><span class='ocrx_word' id='word_1_198' title='bbox 183 2264 285 2326; x_wconf 82' lang='lat' dir='ltr'>dem</span> <span class='ocrx_word' id='word_1_199' title='bbox 312 2277 433 2339; x_wconf 75' lang='lat' dir='ltr'>posse</span> <span class='ocrx_word' id='word_1_200' title='bbox 455 2275 652 2324; x_wconf 85' lang='lat' dir='ltr'>hostium</span> <span class='ocrx_word' id='word_1_201' title='bbox 675 2273 906 2337; x_wconf 86' lang='lat' dir='ltr'>quisquam</span> <span class='ocrx_word' id='word_1_202' title='bbox 935 2271 1204 2320; x_wconf 87' lang='lat' dir='ltr'>crederetur.</span> <span class='ocrx_word' id='word_1_203' title='bbox 1256 2271 1336 2317; x_wconf 88' lang='lat' dir='ltr'>His</span> <span class='ocrx_word' id='word_1_204' title='bbox 1364 2271 1464 2319; x_wconf 74' lang='lat' dir='ltr'>latis</span> 
     </span>
     <span class='ocr_line' id='line_1_29' title="bbox 182 2343 1462 2415; baseline -0.006 -17"><span class='ocrx_word' id='word_1_205' title='bbox 182 2349 377 2415; x_wconf 81' lang='lat' dir='ltr'>provisis</span> <span class='ocrx_word' id='word_1_206' title='bbox 408 2384 421 2406; x_wconf 89' lang='lat'>,</span> <span class='ocrx_word' id='word_1_207' title='bbox 448 2364 592 2411; x_wconf 88' lang='lat' dir='ltr'>prope</span> <span class='ocrx_word' id='word_1_208' title='bbox 624 2347 764 2409; x_wconf 89' lang='lat' dir='ltr'>ipsum</span> <span class='ocrx_word' id='word_1_209' title='bbox 801 2344 1107 2409; x_wconf 84' lang='lat' dir='ltr'>crepusculum</span> <span class='ocrx_word' id='word_1_210' title='bbox 1145 2344 1311 2407; x_wconf 83' lang='lat' dir='ltr'>triplex</span> <span class='ocrx_word' id='word_1_211' title='bbox 1345 2343 1462 2391; x_wconf 81' lang='lat' dir='ltr'>acies</span> 
     </span>
     <span class='ocr_line' id='line_1_30' title="bbox 182 2418 1461 2483; baseline -0.004 -13"><span class='ocrx_word' id='word_1_212' title='bbox 182 2421 441 2470; x_wconf 83' lang='lat' dir='ltr'>nostrorum</span> <span class='ocrx_word' id='word_1_213' title='bbox 469 2420 676 2466; x_wconf 58' lang='lat' dir='ltr'>instructa</span> <span class='ocrx_word' id='word_1_214' title='bbox 697 2455 711 2477; x_wconf 88' lang='lat'>‚</span> <span class='ocrx_word' id='word_1_215' title='bbox 745 2419 960 2483; x_wconf 90' lang='lat' dir='ltr'>conisque</span> <span class='ocrx_word' id='word_1_216' title='bbox 988 2418 1210 2483; x_wconf 86' lang='lat' dir='ltr'>galearum</span> <span class='ocrx_word' id='word_1_217' title='bbox 1243 2418 1461 2465; x_wconf 83' lang='lat' dir='ltr'>minacius</span> 
     </span>
     <span class='ocr_line' id='line_1_31' title="bbox 182 2489 1461 2553; baseline -0.005 -10"><span class='ocrx_word' id='word_1_218' title='bbox 182 2509 372 2552; x_wconf 84' lang='lat' dir='ltr'>nutans,</span> <span class='ocrx_word' id='word_1_219' title='bbox 387 2494 518 2541; x_wconf 85' lang='lat' dir='ltr'>scalas</span> <span class='ocrx_word' id='word_1_220' title='bbox 539 2489 809 2541; x_wconf 80' lang='lat' dir='ltr'>vehentibus</span> <span class='ocrx_word' id='word_1_221' title='bbox 826 2492 977 2540; x_wconf 87' lang='lat' dir='ltr'>multis</span> <span class='ocrx_word' id='word_1_222' title='bbox 995 2492 1208 2553; x_wconf 84' lang='lat' dir='ltr'>impetum</span> <span class='ocrx_word' id='word_1_223' title='bbox 1229 2490 1461 2537; x_wconf 78' lang='lat' dir='ltr'>conaban-</span> 
     </span>
     <span class='ocr_line' id='line_1_32' title="bbox 181 2563 1459 2624; baseline -0.006 -7"><span class='ocrx_word' id='word_1_224' title='bbox 181 2581 254 2617; x_wconf 88' lang='lat' dir='ltr'>tur</span> <span class='ocrx_word' id='word_1_225' title='bbox 273 2569 318 2616; x_wconf 88' lang='lat' dir='ltr'>in</span> <span class='ocrx_word' id='word_1_226' title='bbox 337 2583 506 2617; x_wconf 86' lang='lat' dir='ltr'>muros.</span> <span class='ocrx_word' id='word_1_227' title='bbox 526 2568 617 2616; x_wconf 85' lang='lat' dir='ltr'>Jam</span> <span class='ocrx_word' id='word_1_228' title='bbox 635 2564 947 2616; x_wconf 84' lang='lat' dir='ltr'>resultantibus</span> <span class='ocrx_word' id='word_1_229' title='bbox 973 2565 1104 2617; x_wconf 65' lang='lat' dir='ltr'>rsmis</span> <span class='ocrx_word' id='word_1_230' title='bbox 1124 2563 1308 2614; x_wconf 81' lang='lat' dir='ltr'>&amp;tubis</span> <span class='ocrx_word' id='word_1_231' title='bbox 1323 2598 1339 2624; x_wconf 88' lang='lat'>‚</span> <span class='ocrx_word' id='word_1_232' title='bbox 1364 2577 1459 2611; x_wconf 86' lang='lat' dir='ltr'>uno</span> 
     </span>
    </p>
   </div>
  </div>
 </body>
</html>
