1626 2917
165 110 227 153 60
378 107 717 153 ΑΜΜΙΑΝΙ
764 107 1241 154 MARCELLINI

163 212 344 259 Iuliano
362 225 566 274 peremto
586 247 600 268 ,
627 210 717 273 ipse
739 227 925 274 quoque
945 213 1200 260 nominatus
1222 230 1244 258 a
1267 212 1418 275 paucis
1433 248 1448 269 ,

165 298 214 331 ut
232 284 423 346 imperio
445 283 631 347 dignus,
660 301 741 330 nec
761 283 859 347 post
874 298 1073 330 ‘creatum
1098 285 1337 332 Jovianum
1361 285 1451 347 egit

165 356 392 403 modeste:
430 355 503 402 sed
523 354 749 402 susurrans
783 356 912 418 super
941 356 1127 419 negotio
1148 357 1349 419 quoedam
1372 374 1450 402 au-

165 430 368 476 diebatur
386 465 401 489 ,
427 429 741 494 invitabatque
769 430 823 477 ad
853 429 1074 478 convivia
1105 429 1289 477 subinde
1331 430 1451 477 mili-

161 518 292 551 tates.

226 579 303 624 IX.
331 576 544 635 Postridie
563 575 739 623 Bineses
765 591 880 623 unus
898 592 953 622 ex
978 575 1114 623 Perfis
1133 611 1146 634 ‚
1172 592 1304 639 quem
1332 566 1449 624 inter

159 651 275 698 alios
296 652 514 699 excellere
537 651 731 698 diximus
749 687 761 709 ‚
784 652 988 698 mandata
1009 651 1123 714 regis
1139 652 1364 712 complere
1386 651 1452 698 fe·

162 724 358 781 stimans,
399 724 610 787 promissa
646 723 868 788 flagitabat
896 722 1134 769 instanter:
1164 725 1212 769 ὅ(
1243 722 1451 784 Principe

162 797 450 860 permittente
484 799 698 845 Romano
744 796 975 844 civitatem
1021 795 1270 860 ingreffus,
1307 797 1452 860 gentis

162 869 249 916 suae
282 870 452 934 signum
474 871 530 917 ab
551 886 652 917 arce
674 870 835 916 extulit
853 906 868 927 ,
889 869 1288 932 submigrationem
1319 885 1342 914 e
1369 885 1450 931 pa-

162 941 246 988 tria
281 942 455 989 civibus
486 943 700 990 nuntians
733 942 993 990 luftuosam.
1018 944 1073 989 Et
1103 954 1279 988 vertere
1304 941 1448 989 solum

163 1013 394 1076 extemplo
429 1030 587 1060 omnes
615 1013 854 1075 praecepti,
883 1031 1039 1060 manus
1074 1014 1306 1060 tendentes
1344 1030 1451 1059 ora-

160 1087 269 1134 bant
289 1123 303 1145 ‚
338 1105 392 1134 ne
425 1087 736 1150 imponeretur
767 1087 845 1133 fibi
880 1087 1108 1134 neceffitas
1149 1086 1449 1145 abscedendi,

163 1162 220 1207 ad
244 1160 551 1208 defendendos
587 1173 765 1224 penates
791 1160 831 1207 se
864 1160 985 1207 solos
1011 1159 1209 1208 sufficere
1242 1160 1331 1207 fine
1366 1161 1452 1207 ali-

159 1233 322 1280 mentis
341 1234 531 1295 publicis
565 1234 832 1279 affirmantes
857 1234 907 1280 &
929 1233 1070 1279 milite
1093 1269 1106 1290 ‚
1138 1231 1239 1279 satis
1264 1231 1446 1290 confisi,

162 1304 398 1352 affuturam
435 1304 646 1367 justitiam
679 1321 763 1367 pro
806 1304 984 1368 genitali
1017 1304 1113 1351 sede
1148 1305 1448 1364 dimicaturis,

163 1392 212 1426 ut
246 1382 420 1441 experti
458 1378 557 1426 sunt
596 1379 725 1442 saepe.
750 1383 803 1427 Et
840 1379 936 1426 haec
972 1379 1151 1443 quidem
1187 1378 1450 1442 suppliciter

163 1452 282 1500 ordo
305 1454 354 1501 &
384 1453 582 1517 populus
603 1454 893 1516 precabatur:
921 1452 993 1500 sed
1026 1453 1175 1501 ventis
1200 1453 1451 1517 loqueban-

162 1538 237 1573 tur
262 1525 474 1574 incaffum
498 1563 512 1586 ,
554 1530 861 1591 Imperatore,
901 1539 949 1573 ut
998 1526 1194 1591 fingebat
1232 1528 1316 1575 alia
1353 1545 1450 1575 me-

161 1610 320 1656 tuens,
357 1597 546 1661 perjurii
571 1600 744 1662 piacula
778 1599 1044 1645 declinante.
1079 1598 1198 1644 Tum
1226 1599 1410 1646 Sabinus
1432 1634 1448 1658 ,

163 1669 347 1717 fortuna
369 1673 417 1719 ὃς
447 1688 606 1735 genere
626 1672 744 1719 inter
765 1670 1017 1733 municipes
1043 1670 1188 1718 clarus
1208 1706 1222 1729 ‚
1255 1687 1335 1717 ore
1356 1688 1448 1718 vo-

161 1743 293 1790 lubili
306 1744 549 1806 replicabat
561 1780 575 1803 ,
594 1743 911 1792 Constantium
931 1778 944 1802 ,
960 1743 1145 1789 immani
1161 1743 1447 1791 crudescente

163 1817 386 1865 bellorum
419 1819 637 1877 materia,
674 1819 927 1882 superatum
963 1835 987 1864 a
1021 1817 1158 1864 Perfis
1188 1818 1409 1865 interdum
1431 1854 1447 1876 ‚

164 1893 493 1958 dedu&umque
530 1895 761 1957 postremo
793 1911 872 1958 per
899 1893 1048 1957 fugam
1079 1910 1182 1940 cum
1216 1892 1367 1955 paucis
1392 1893 1448 1939 ad

165 1965 362 2012 Hibitam
395 1966 633 2014 stationem
669 1967 858 2014 intutam
890 2001 905 2025 ,
943 1964 1069 2029 panis
1112 1963 1255 2011 frusto
1291 1964 1447 2012 vixiffe

167 2038 375 2100 precario
393 2075 406 2097 ‚
436 2040 490 2086 ab
518 2057 605 2086 anu
650 2040 842 2104 quadam
867 2038 1022 2104 agresti
1055 2037 1267 2101 porreRO
1287 2071 1300 2095 ,
1333 2037 1445 2083 nihil

162 2122 313 2158 tamen
346 2112 401 2158 ad
427 2112 543 2159 diem
567 2112 800 2175 perdidisse
823 2111 1104 2174 supremum:
1128 2110 1177 2157 δι
1202 2109 1446 2157 Iovianum

162 2182 279 2229 inter
314 2185 501 2231 exordia
525 2185 800 2247 principatus
823 2182 1161 2247 provinciarum
1194 2198 1324 2228 muro
1346 2181 1443 2229 ces-

163 2255 292 2312 fiffe,
329 2255 453 2317 cujus
492 2258 624 2305 obice
661 2256 748 2318 jam
786 2257 890 2303 inde
925 2272 950 2302 a
987 2253 1204 2302 vetustate
1244 2254 1445 2302 innoxiae

166 2328 514 2390 permanserunt.
545 2332 753 2394 Cumque
776 2329 885 2375 nihil
913 2339 1262 2391 promoveretur
1280 2363 1294 2384 ,
1314 2325 1444 2390 juris·

162 2400 337 2461 jurandi
360 2402 628 2466 religionem
658 2402 867 2467 Principe
892 2401 1144 2450 destinatius
1165 2400 1444 2465 praetenden·
