1626 2917
211 243 301 275 210
415 225 753 274 AMMIANI
801 225 1286 273 MARCELLINI

211 334 377 391 nimos,
402 349 516 396 quos
545 331 736 395 impetus
766 333 1116 380 conculcaverat
1137 334 1402 390 vehemens,
1423 345 1496 381 aut

211 407 355 454 furori
375 407 614 453 resistentes
642 405 817 463 hostili,
839 406 1060 469 lateraque
1082 407 1294 453 nudantes
1316 406 1496 463 intecta,

210 477 327 524 ordo
364 475 507 522 fatalis
544 475 763 523 absumfit.
799 477 928 522 Mors
964 489 1112 524 tamen
1147 477 1332 524 eminuit
1377 477 1495 523 inter

209 549 322 596 alios
355 546 496 593 Cellae
525 546 818 594 scutariorum
850 548 1053 605 tribuni,
1073 549 1151 612 qui
1180 550 1295 596 inter
1327 548 1493 596 confli-

209 621 340 685 gendi
369 620 552 666 exordia
582 620 751 682 primus
778 621 982 668 omnium
1003 620 1050 667 in
1077 622 1248 669 medios
1275 623 1493 668 Sarmata·

204 712 304 743 rum
328 694 493 758 globos
526 693 566 740 se
600 693 796 741 immisit.
832 694 936 740 Post
963 710 1062 756 quae
1081 706 1168 741 tam
1198 695 1311 741 saeva
1334 731 1346 749 ,
1370 694 1494 757 dige-

207 768 280 815 stis
314 785 399 831 pro
433 768 665 815 securitate
702 767 895 814 limitum
916 804 929 825 ‚
951 785 1050 828 quae
1090 769 1287 815 rationes
1330 785 1492 815 mone·

206 843 316 888 bant
342 854 554 906 urgentes
573 878 589 899 ,
623 841 911 888 Constantius
939 840 1145 886 Sirmium
1171 840 1283 887 redit
1308 878 1320 900 ,
1345 841 1491 889 ferens

206 916 260 961 ‹le
278 915 402 961 hoste
422 914 568 962 fallaci
586 915 853 964 vindifilam:
874 917 923 962 ὃ(
941 914 1192 973 maturatis,
1214 932 1316 979 quae
1340 915 1493 963 neces-

207 988 353 1035 sitates
381 989 599 1052 temporis
630 989 875 1052 poscebant
896 988 1132 1046 instantes,
1154 988 1342 1051 egressus
1361 988 1493 1035 exin-

205 1062 260 1108 de
291 1063 741 1125 Constantinopolim
769 1063 908 1125 petit:
938 1075 985 1108 ut
1013 1062 1193 1109 Orienti
1222 1062 1309 1123 jam
1332 1062 1492 1124 proxi-

205 1152 304 1182 mus
328 1171 341 1193 ‚
373 1136 571 1184 cladibus
602 1136 722 1198 apud
755 1136 961 1182 Amidam
988 1136 1239 1182 mederetur
1268 1137 1490 1198 acceptis,

204 1209 255 1254 &
283 1208 584 1272 redintegrato
606 1208 924 1271 supplementis
951 1208 1182 1265 exercitu,
1206 1208 1396 1269 impetus
1418 1225 1489 1256 re-

202 1277 270 1342 gis
300 1280 526 1328 Persarum
555 1280 651 1344 pari
684 1280 850 1329 virium
875 1281 1042 1328 robore
1062 1279 1324 1327 cohiberet:
1355 1298 1488 1343 quem

203 1349 436 1397 constabat
464 1350 546 1413 (ni
578 1350 766 1398 coelestis
799 1351 947 1408 ratio,
979 1351 1311 1415 impensiorque
1345 1354 1487 1416 repel-

203 1421 315 1468 leret
334 1439 438 1469 cura
456 1421 740 1486 multorum)
768 1422 1093 1486 Mesopotamia
1112 1422 1260 1470 relicta
1277 1425 1376 1487 post
1397 1438 1488 1472 ter·

206 1512 261 1559 ga
281 1531 294 1553 ‚
317 1513 396 1557 per
425 1507 605 1543 extenta
637 1495 769 1559 spatia
791 1496 910 1559 signa
940 1509 1185 1544 moturum.

268 1570 368 1616 XII.
399 1571 518 1617 Inter
541 1570 618 1616 has
638 1582 786 1616 tamen
807 1568 1132 1617 sollicitudines
1150 1606 1164 1629 ‚
1188 1570 1314 1617 velut
1332 1588 1388 1618 ex
1415 1589 1486 1619 re-

202 1654 338 1704 cepto
375 1644 571 1707 quodam
607 1643 852 1707 antiquitus
878 1661 1034 1702 more,
1058 1645 1117 1690 ad
1147 1644 1297 1691 vicem
1337 1646 1486 1692 bello-

201 1732 299 1762 rum
331 1716 530 1766 civilium
559 1718 774 1765 inflabant
802 1719 900 1765 litui
920 1718 1123 1781 quaedam
1153 1719 1354 1766 colorata
1374 1720 1486 1767 laesae

202 1788 391 1836 crimina
418 1789 651 1849 majestatis
680 1809 690 1837 :
726 1807 922 1853 quorum
945 1790 1181 1838 exsecutor
1207 1794 1255 1839 δε
1288 1792 1484 1838 admini-

201 1860 285 1906 ster
312 1861 424 1924 saepe
455 1863 667 1910 dicendus
696 1863 770 1909 ille
797 1864 999 1910 notarius
1028 1863 1174 1911 miffus
1198 1864 1260 1911 est
1278 1865 1482 1911 Paullus:

199 1934 279 1997 qui
309 1937 476 1998 peritus
505 1937 663 1984 artium
688 1949 971 1984 cruentarum
992 1972 1007 1994 ,
1026 1948 1073 1982 ut
1104 1936 1258 1982 lanista
1279 1952 1333 1983 ex
1354 1953 1481 1985 com-

199 2009 375 2056 merciis
398 2010 587 2056 libitinae
617 2010 691 2056 vel
721 2009 843 2068 ludi,
865 2009 957 2072 ipse
986 2025 1171 2072 quoque
1204 2025 1258 2055 ex
1285 2008 1443 2056 eculeo
1465 2044 1480 2067 ‚

199 2082 277 2128 vel
322 2082 530 2131 carnifice
574 2083 790 2148 quaestum
838 2082 1122 2146 frt16lunique
1162 2082 1377 2145 captabat.
1416 2085 1481 2128 Ut

196 2152 316 2198 enim
347 2164 439 2199 erat
462 2153 731 2200 obstinatum
760 2151 991 2216 fixumque
1008 2152 1101 2214 ejus
1123 2153 1403 2215 propositum
1425 2153 1480 2199 ad

195 2224 473 2284 laedendum,
508 2226 569 2272 ita
607 2241 690 2272 nec
728 2223 854 2271 furtis
889 2225 1130 2282 abstinuit,
1157 2224 1478 2271 innocentibus

193 2296 393 2343 exitiales
424 2298 568 2344 causas
587 2295 881 2359 adstringens,
905 2299 1010 2344 dum
1039 2298 1085 2343 in
1113 2298 1375 2346 calamitosis
1404 2297 1479 2345 sti-

193 2368 367 2431 pendus
413 2369 674 2416 versaretur.
716 2370 946 2416 Materiam
977 2382 1121 2416 autem
1160 2370 1206 2416 in
1247 2370 1475 2417 infinitum

192 2441 512 2505 quaestionibus
533 2441 820 2489 extendendis
841 2444 963 2490 dedit
984 2443 1162 2490 occasio
1187 2443 1292 2490 vilis
1308 2446 1356 2492 &
1375 2460 1476 2507 par-

191 2531 264 2562 va.
291 2514 529 2578 Oppidum
563 2514 623 2562 est
662 2514 878 2579 Abydum
915 2515 958 2563 in
989 2514 1231 2563 Thebaidis
1262 2528 1385 2580 parte
1417 2514 1476 2561 fi-
