1626 2917
303 141 520 188 RERUM
550 139 888 188 GESTARUM
923 138 1025 185 ΠΒ.
1056 138 1214 184 XXX·
1307 153 1392 199 213

122 243 254 292 fidem
284 257 519 308 rupturum
546 244 847 302 existimabat,
875 261 975 292 cum
1010 241 1241 306 sagittariis
1274 240 1397 287 mille

120 319 356 366 succinffls
371 321 418 367 δέ
438 319 614 366 levibus
630 318 870 366 Danielum
890 317 1086 363 mittit&
1103 315 1399 362 Barzimerem

119 405 422 441 revocaturos
433 411 551 450 eum,
571 393 783 440 comitem
803 408 960 448 unum,
975 390 1160 435 alterum
1182 387 1399 435 scutario-

119 481 221 512 rum
240 467 487 514 tribunum.
516 466 577 513 Hi
602 466 809 512 locorum
830 464 1046 528 gnaritate
1076 460 1227 509 confisi
1244 498 1256 518 ‚
1275 460 1400 524 quod

119 537 195 586 ille
217 554 490 602 properans,
513 550 562 586 ut
588 537 846 602 peregrinus
865 539 913 584 δε
936 536 1126 582 insuetus
1146 534 1398 580 maeandros

121 610 310 658 faciebat
340 613 388 660 ὅ(
419 628 590 676 gyros,
620 609 950 672 compendiosis
979 609 1170 656 vallibus
1200 607 1292 668 ejus
1322 606 1399 652 iti-

120 699 227 730 nera
254 695 570 747 praevenerunt
593 700 603 729 ε
624 685 673 730 &
699 682 851 728 divisis
872 682 988 728 inter
1015 682 1057 727 se
1086 679 1229 742 copiis
1246 715 1258 735 ‚
1280 679 1398 725 clau-

120 755 214 803 sere
243 757 340 804 vias
366 755 593 819 proximas
619 755 752 813 duas,
773 755 907 801 trium
937 754 1126 800 millium
1154 752 1398 799 intervallo

123 829 370 888 distinftas,
391 841 439 877 ut
455 829 715 876 transiturus
734 845 812 891 per
831 827 1050 876 utramvis
1068 837 1296 888 caperetur
1315 826 1400 871 im-

121 905 371 967 providus:
398 904 471 967 sed
497 904 681 951 evanuit
711 903 956 968 cogitatum
976 904 1068 949 hoc
1090 901 1202 948 casu.
1236 901 1399 949 Viator

120 976 301 1040 quidam
328 977 382 1023 ad
401 976 609 1024 citeriora
631 976 839 1023 festinans
855 1011 868 1034 ,
888 993 988 1023 cum
1023 974 1194 1021 bivium
1226 987 1397 1020 armato

121 1051 263 1098 milite
285 1051 460 1099 vidisset
489 1051 719 1114 oppletum
737 1086 755 1107 ‚,
782 1067 859 1112 per
885 1049 1150 1112 posterulam
1173 1049 1396 1096 tramitem

120 1122 316 1169 medium
349 1121 620 1186 squalentem
660 1122 832 1168 frutetis
866 1123 915 1168 &
957 1120 1148 1167 sentibus
1178 1120 1396 1167 vitabun-

121 1195 201 1241 dus
220 1195 462 1254 excedens,
484 1195 530 1241 in
554 1195 792 1242 Armenios
812 1193 969 1241 incidit
992 1193 1123 1240 feffos
1141 1209 1151 1238 ε
1172 1196 1219 1241 &
1240 1194 1397 1242 duetus

121 1268 176 1315 ad
196 1284 361 1332 regem,
382 1285 548 1315 arcano
566 1268 770 1314 sermone
788 1267 949 1324 solum,
972 1284 1071 1329 quae
1096 1266 1294 1323 viderat,
1315 1268 1396 1315 do-

121 1353 191 1389 cet
207 1378 220 1399 ‚
240 1358 291 1389 ac
312 1342 524 1388 retinetur
544 1341 745 1388 intaCmS.
772 1342 974 1402 Moxque
992 1352 1113 1386 metu
1130 1340 1396 1389 diffimulato

121 1431 257 1477 eques
279 1415 470 1461 mittitur
499 1413 791 1462 clandestinus
819 1414 872 1459 ad
903 1413 1106 1460 dextrum
1130 1414 1300 1462 itineris
1329 1416 1397 1463 la-

121 1499 219 1546 tus,
251 1487 499 1535 diversoria
532 1498 762 1550 paraturus
792 1487 840 1534 &
877 1485 1054 1533 cibum:
1085 1503 1178 1550 quo
1215 1489 1397 1551 paulum

120 1561 378 1624 progresso,
404 1560 450 1608 in
470 1561 634 1607 laevum
654 1561 838 1607 trabium
870 1560 974 1607 item
997 1560 1105 1607 alius
1133 1561 1237 1609 talia
1257 1563 1398 1611 faetu-

121 1649 195 1679 rus
223 1632 288 1699 ire
304 1631 482 1695 jubetur
510 1631 735 1689 ociffime,
763 1631 946 1678 alterum
968 1631 1176 1679 aliorsum
1198 1634 1398 1684 nesciens

122 1706 311 1754 miffum.
340 1706 517 1767 Quibus
547 1706 608 1753 ita
628 1705 797 1752 utiliter
823 1705 1058 1765 ordinatis,
1079 1723 1158 1753 rex
1177 1707 1269 1770 ipse
1294 1727 1398 1759 cum

123 1771 217 1827 suis'
237 1781 413 1827 dumeta
427 1815 440 1837 ‚
467 1796 547 1843 per
566 1796 667 1843 quae
687 1778 837 1826 viator
855 1794 1042 1825 venerat
1061 1814 1074 1837 ,
1092 1779 1288 1844 relegens
1306 1819 1320 1841 ‚
1338 1800 1398 1831 eo

122 1853 267 1900 rursus
291 1852 592 1910 monstrante,
613 1870 691 1916 per
715 1852 926 1914 hispidam
946 1853 995 1899 &
1012 1851 1212 1914 jumento
1232 1856 1397 1904 onusto

124 1925 324 1990 exiguam
339 1925 494 1973 callem
511 1960 526 1984 ,
545 1925 645 1988 post
663 1938 781 1987 terga
801 1924 962 1976 reliffis
977 1925 1192 1973 militibus
1204 1961 1217 1984 ,
1233 1929 1397 1974 evola-

123 1997 221 2055 vit,
239 1998 318 2061 qui
342 1998 483 2061 captis
509 1997 603 2058 ejus
630 1997 837 2044 ministris
852 2034 866 2056 ,
887 1998 1021 2046 miffis
1042 2000 1096 2045 ad
1120 2013 1289 2048 mentes
1308 2003 1397 2049 ob-

122 2069 398 2117 servantium
427 2070 819 2133 praestringendas,
840 2070 959 2133 quasi
981 2070 1247 2119 venaticiam
1279 2091 1398 2135 prae-

125 2144 223 2190 dam
243 2180 257 2202 ‚
283 2146 424 2192 modo
467 2162 562 2191 non
603 2144 816 2207 porreEtis
851 2144 1049 2192 brachiis.
1072 2146 1397 2209 exspeelabant.

123 2218 339 2280 Dumque
358 2217 404 2264 hi
431 2229 674 2265 venturum
707 2217 1031 2280 opperiuntur,
1062 2217 1135 2265 il-le
1154 2237 1295 2283 regno
1324 2221 1397 2267 in-

126 2289 318 2336 columis
330 2290 577 2348 restitutus,
597 2292 646 2338 &
670 2307 769 2337 cum
791 2291 955 2353 gaudio
977 2293 1260 2354 popularium
1282 2295 1398 2341 sum-

125 2377 204 2408 mo
239 2360 485 2424 susceptus,
519 2362 566 2409 in
601 2361 688 2408 fide
722 2361 877 2408 mansit
898 2362 1360 2426 immobilis‚injuriis
1382 2401 1397 2422 ,

126 2451 234 2499 quas
252 2435 519 2499 pertulerat,
545 2437 758 2485 omnibus
778 2436 1044 2485 demuffatis,
1058 2438 1280 2487 Danielus
1299 2439 1400 2502 post

1043 2511 1087 2556 O
1121 2529 1140 2575 3
