1626 2917
239 114 330 174 248
453 115 793 163 AMMIANI
831 117 1316 165 MARCELLlNI

238 221 501 268 indumenta
528 222 633 279 fibi,
663 221 877 287 equisque
901 221 1098 287 tegmina
1129 222 1402 282 conficiunt,
1424 221 1523 270 bel·-⁴

236 294 372 340 latrix
410 311 530 357 gens.
569 294 760 342 Gelonis
795 295 1031 360 Agathyrfi
1063 296 1353 354 collimitant,
1385 298 1527 344 inter-'

238 366 384 412 stinffi
410 366 568 413 colore
594 368 790 414 caeruleo
823 384 1019 430 corpora
1044 368 1172 415 fimul
1198 371 1247 417 &
1270 370 1444 417 crines:
1476 371 1528 417 &

239 438 430 484 humiles
457 439 639 502 quidem
670 439 856 487 minutis
885 453 1018 503 atque
1048 440 1154 487 raris
1172 478 1186 499 ‚
1210 441 1383 489 nobiles
1411 456 1528 488 vero

240 510 341 557 latis
357 545 370 567 ,
391 510 550 558 fucatis
572 512 622 559 &
649 511 930 558 densioribus
960 513 1096 560 notis.
1124 512 1229 559 Post
1248 513 1332 560 hos
1352 513 1530 559 Melan-

242 583 440 630 chlaenas
470 585 519 631 &
550 585 971 649 Anthropophagos
999 585 1140 647 palari
1169 587 1421 648 accepimus
1450 601 1531 647 per

242 654 442 711 diversa,
463 656 671 702 humanis
690 657 964 718 corporibus
985 657 1238 705 victitantes
1258 676 1269 705 ε
1288 657 1450 721 quibus
1468 657 1533 703 ob

243 726 339 773 haec
367 726 574 772 alimenta
596 726 787 773 nefanda
813 727 992 773 desertis
1008 763 1021 785 ‚
1041 727 1222 774 finitimi
1250 743 1407 775 omnes
1427 727 1534 772 lon-

243 813 298 860 ga
327 797 493 859 petiere
522 810 755 845 terrarum.
787 799 985 862 Ideoque
1015 799 1144 863 plaga
1174 799 1323 846 omnis
1352 795 1535 844 Orienti

241 868 405 914 aestivo
432 867 632 930 objecta,
655 869 795 932 usque
823 871 930 916 dum
954 869 1137 916 venitur
1159 870 1214 916 ad
1240 871 1387 926 Seras,
1408 869 1535 914 inha-

244 939 443 986 bitabilis
464 940 635 987 manfit.
659 942 787 987 Parte
815 940 900 986 alia
929 957 1074 1003 prope
1102 943 1384 988 Amazonum
1416 940 1536 986 sedes

244 1012 381 1060 Alani
413 1012 514 1059 sunt
543 1013 723 1059 Orienti
755 1012 978 1071 acclines,
1006 1014 1150 1060 diffusi
1184 1032 1261 1076 per
1293 1011 1535 1077 populosas

246 1098 402 1150 gentes
434 1089 484 1133 &
519 1086 714 1149 amplas,
749 1087 968 1133 Afiaticos
995 1103 1231 1151 vergentes
1261 1089 1307 1135 in
1339 1089 1535 1146 mistus,

243 1176 358 1221 quas
390 1159 563 1206 dilatari
595 1158 788 1222 adusque
816 1162 1005 1222 Gangen
1034 1161 1187 1222 accepi
1213 1160 1433 1218 fluvium,
1462 1160 1534 1206 in-

248 1231 538 1278 tersecantem
572 1244 709 1278 terras
739 1232 982 1288 Indorum,
1003 1248 1213 1295 mareque
1242 1232 1536 1279 inundantem

249 1303 450 1350 australe.
488 1303 553 1349 lbi
590 1303 743 1366 partiti
778 1320 856 1365 per
894 1316 1130 1367 utramque
1172 1305 1328 1350 mundi
1363 1306 1536 1368 plagam

247 1375 384 1422 ,Alani
421 1376 645 1439 (quorum
678 1388 829 1439 gentes
856 1359 1004 1423 varias
1033 1394 1156 1424 nunc
1184 1376 1413 1425 recensere
1443 1393 1539 1423 non

250 1446 419 1512 refert)
454 1447 559 1495 licet
597 1446 774 1493 diremti
802 1445 950 1508 spatiis
974 1446 1150 1511 longis,
1179 1464 1259 1510 per
1291 1463 1459 1510 pagos,
1490 1458 1541 1492 ut

253 1520 516 1578 Nomades,
556 1532 777 1584 vagantur
813 1519 1087 1566 immensos:
1125 1519 1213 1566 aevi
1249 1530 1399 1566 tamen
1430 1533 1541 1580 pro-

251 1593 395 1655 greffu
427 1594 482 1640 ad
501 1611 642 1640 unum
670 1593 923 1640 conceffere
949 1593 1256 1650 vocabulum,
1280 1593 1330 1638 &
1354 1591 1540 1637 summa-

252 1667 338 1712 tim
358 1682 517 1714 omnes
543 1666 675 1713 Alani
709 1665 1130 1730 cognominantur*
1149 1679 1298 1711 mores
1325 1663 1374 1710 &
1397 1662 1541 1708 media

253 1742 304 1787 &
332 1740 556 1786 efferatam
590 1740 803 1797 vivendi,
838 1738 910 1785 sed
940 1738 1026 1800 jam
1061 1739 1360 1784 immaturam.
1388 1739 1413 1761 '⁶
1441 1735 1540 1781 Nec

253 1813 375 1859 enim
399 1814 488 1860 ulla
518 1814 618 1860 sunt
637 1813 775 1860 illisce
795 1811 966 1874 tuguria
987 1848 1000 1868 ‚
1021 1823 1096 1857 aut
1115 1810 1321 1858 versandi
1343 1808 1540 1855 vomeris

252 1902 386 1944 cura,
417 1885 489 1932 sed
519 1904 652 1933 carne
679 1888 729 1933 &
761 1885 894 1948 copia
925 1884 1132 1930 viffitant
1165 1883 1311 1940 lactis,
1341 1879 1542 1943 plaustris

255 1958 602 2021 supersidentes,
632 1976 731 2023 quae
768 1958 1059 2021 operimentis
1089 1954 1282 2003 curvatis
1315 1954 1540 2000 corticum

252 2047 335 2092 per
359 2029 622 2079 solitudines
650 2031 893 2078 conferunt
918 2030 1010 2076 fine
1038 2028 1127 2075 fine
1147 2028 1369 2074 distentas.
1396 2028 1540 2073 Cum-

252 2117 342 2164 que
369 2103 421 2148 ad
447 2104 676 2166 graminea
703 2103 936 2160 venerint,
961 2103 1008 2148 in
1037 2101 1331 2148 orbiculatam
1356 2098 1541 2163 figuram

252 2176 415 2222 locatis
448 2176 630 2224 sarracis
663 2177 809 2223 ferino
834 2176 922 2222 ritu
946 2174 1216 2222 vescuntur:
1244 2173 1541 2235 absumtisque

255 2248 430 2310 pabulis
445 2285 458 2305 ‚
478 2251 604 2297 velut
625 2249 849 2312 carpentis
870 2249 1073 2295 civitates
1100 2247 1327 2309 impositas
1346 2245 1540 2302 vehunt,

256 2320 480 2383 maresque
509 2322 638 2384 supra
668 2340 771 2370 cum
798 2321 974 2368 feminis
1003 2331 1193 2377 coeunt,
1221 2321 1269 2366 &
1302 2316 1542 2363 nascuntur

255 2392 303 2439 in
323 2393 389 2441 his
408 2396 456 2442 &
479 2395 727 2443 educantur
744 2394 937 2442 infantes
955 2411 967 2440 ε
987 2395 1036 2441 &
1054 2390 1306 2439 habitacula
1325 2390 1423 2436 sunt
1443 2390 1538 2460 haec
