1626 2917
286 117 509 165 RERUM
540 114 882 164 GESTARUM
916 115 1022 161 LIB.
1049 113 1234 160 XXXI.
1316 129 1405 175 271

122 224 399 289 repugnandi
421 261 436 284 ,
463 241 612 289 neque
630 223 790 288 agendi
818 221 989 287 aliquid
1010 234 1086 269 aut
1106 220 1326 268 moliendi
1350 221 1416 269 la-

121 311 381 346 xamentum
414 299 592 361 possent
624 296 832 346 invenire
859 295 935 343 vel
956 295 1095 344 breve
1112 328 1126 351 ,
1147 293 1320 357 impetu
1338 309 1418 341 ce-

121 372 206 419 leri
252 372 449 420 obseffos
494 372 759 435 petiverunt
802 369 942 417 inviis
987 368 1191 416 cautibus
1234 367 1374 416 colles
1404 384 1418 414 ε

123 446 413 510 abruptisque
441 463 522 510 per
542 445 762 493 ambitum
781 444 966 506 rupibus
991 441 1236 489 insistentes
1251 476 1266 498 ,
1285 440 1419 487 rebus

123 519 465 583 caritatibusque
486 518 596 578 suis,
621 535 730 581 quas
752 517 902 564 secum
926 516 1173 573 duxerant,
1194 513 1322 561 omni
1344 514 1421 560 vi-

123 590 241 638 rium
271 593 440 640 robore
472 590 834 655 propugnabant.
871 591 975 650 Qua
1012 588 1276 635 difficultate
1313 603 1422 650 per-

125 661 260 726 pensa
280 698 295 722 ‚
320 664 449 710 velut
477 678 711 709 murorum
739 661 948 710 obicibus
969 658 1238 722 opponendi
1258 675 1337 721 per
1357 658 1423 705 le-

125 734 286 798 giones
317 735 504 798 singulas
542 733 839 797 quingenteni
866 733 1076 796 leguntur
1113 730 1306 790 armati,
1342 732 1423 778 usu

126 806 370 868 prudenter
390 805 584 853 bellandi
613 805 849 868 comperti.
881 804 980 866 Qui
1008 820 1059 851 ea
1086 819 1132 851 re
1165 802 1425 850 animorum

128 878 253 924 auEta
285 876 478 936 fiducia,
512 878 640 942 quod
668 877 836 924 versari
861 877 977 924 inter
1005 875 1316 939 antesignanos
1346 875 1424 922 vi—

128 947 304 996 sebatur
337 950 497 998 acriter
523 950 734 1012 Princeps
750 986 764 1009 ‚
785 962 964 997 montes
988 948 1198 995 scandere
1218 947 1426 994 niteban-

128 1038 203 1070 tur
220 1057 235 1081 ,
263 1035 477 1087 tanquam
505 1023 749 1072 venaticias
783 1024 951 1086 praedas
971 1058 984 1080 ‚
1008 1022 1040 1067 fi
1071 1021 1306 1069 calcassent
1326 1022 1424 1079 edj-

127 1094 248 1140 tiora
264 1129 278 1153 ,
300 1093 537 1142 confestim
567 1093 659 1140 fine
680 1094 924 1141 certamine
943 1093 1041 1140 ullo
1061 1093 1233 1158 rapturi
1254 1111 1265 1140 :
1287 1109 1426 1140 exor-

129 1165 314 1230 sumque
341 1167 558 1230 proelium
591 1181 810 1231 vergente
843 1167 890 1214 in
923 1167 1155 1214 meridiem
1185 1167 1278 1226 die,
1299 1179 1427 1213 tene-

130 1239 224 1287 brae
256 1257 444 1304 quoque
476 1257 766 1303 occupavere
786 1241 1030 1287 notiturnae.
1055 1240 1238 1302 Quippe
1259 1255 1427 1304 magno

132 1314 367 1377 utriusque
398 1313 535 1377 partis
567 1313 849 1377 pugnabatur
882 1312 1055 1360 exitio:
1086 1312 1318 1360 caedebant
1350 1329 1429 1360 ca-

133 1387 392 1450 debantque
421 1386 683 1433 nostrorum
714 1403 810 1433 non
838 1386 1001 1449 pauci:
1029 1385 1157 1433 simul
1191 1402 1313 1433 arma
1342 1386 1429 1433 im-

136 1459 354 1522 peratorii
375 1459 616 1506 comitatus
640 1475 752 1507 auro
775 1459 1076 1521 colorumque
1099 1458 1310 1507 micantia
1334 1460 1429 1506 cla-

136 1532 366 1587 ritudine,
398 1531 670 1595 jaculatione
709 1532 961 1595 ponderum
998 1529 1128 1578 densa
1163 1530 1430 1595 confringe-

138 1606 316 1653 bantur.
345 1604 523 1652 Etenim
558 1604 635 1650 diu
655 1615 888 1668 reputante
909 1604 1132 1651 Gratiano
1162 1620 1268 1650 cum
1305 1603 1430 1666 opti-

140 1679 365 1736 matibus,
393 1677 695 1742 perniciosum
736 1678 975 1740 apparebat
1012 1680 1062 1726 &
1096 1677 1271 1724 irritum
1312 1694 1430 1725 con·-

138 1763 204 1798 tra
224 1750 477 1814 asperitates
505 1767 712 1815 aggerum
730 1749 1086 1813 prominentium
1110 1749 1429 1813 intempestiva

139 1825 414 1873 contendere
444 1823 685 1888 pertinacia
707 1842 718 1872 :
742 1823 924 1883 multis,
954 1838 1002 1870 ut
1023 1823 1070 1870 in
1095 1823 1172 1871 tali
1204 1824 1393 1887 negotio
1414 1860 1434 1882 ,

141 1899 325 1947 variatis
351 1898 604 1957 sententiis,
634 1897 787 1944 otioso
809 1897 950 1944 milite
969 1897 1305 1945 circumvallari
1337 1898 1430 1960 pla-

141 1971 236 2019 cuit
261 1972 473 2018 barbaros
501 1971 649 2018 inedia
679 1970 920 2033 fatigatos,
951 1971 1057 2034 quia
1091 1970 1303 2018 locorum
1340 1971 1430 2018 ini-

142 2045 315 2108 quitate
349 2044 712 2091 defendebantur.
739 2046 907 2090 Verum
925 2061 1028 2091 cum
1047 2044 1350 2092 obstinatione
1370 2044 1431 2091 fi-

144 2118 241 2165 mili
265 2120 504 2167 renitentes
533 2119 751 2167 Germani
769 2119 991 2184 peritique
1018 2120 1259 2184 regionum
1294 2119 1431 2183 petis-

145 2191 241 2240 sent
275 2193 385 2240 alios
416 2207 626 2252 montes,
646 2193 745 2251 his,
773 2209 890 2256 quos
925 2205 1025 2239 ante
1054 2193 1303 2241 insederant
1325 2229 1339 2252 ‚
1369 2192 1432 2240 ai-

145 2268 317 2315 tiores:
347 2267 591 2315 conversus
632 2266 740 2313 illuc
779 2283 882 2313 cum
925 2266 1124 2314 exercitu
1156 2269 1433 2330 Imperator,

147 2342 300 2389 eadem
316 2378 331 2399 ‚
351 2359 437 2405 qua
456 2356 586 2388 antea
599 2378 614 2399 ,
635 2339 903 2388 fortitudine
916 2375 930 2398 ‚
949 2339 1121 2388 semitas
1148 2340 1358 2386 ducentes
1376 2338 1433 2384 ad

147 2415 284 2462 ardua
318 2413 593 2479 quaeritabat.
632 2415 783 2477 Quem
816 2412 1070 2463 Lentienses
1110 2413 1332 2463 intentum
1367 2410 1435 2471 ju<
