1626 2917
198 186 1295 256 336'AM1211AN1MARCELL1N1

192 299 326 345 etiam
369 298 574 343 Cumana
626 293 826 342 carmina
869 293 1172 341 consumserat
1223 292 1488 357 magnitudo

190 372 488 417 flammarum.
521 367 624 414 Post
645 384 749 431 quae
778 367 838 412 ita
867 359 1056 430 digesta,
1076 367 1253 430 agmina
1283 369 1334 415 &
1357 385 1490 416 com·

192 456 364 488 meatus
402 439 553 486 omnis
588 439 767 503 generis
799 438 1085 501 disponenti,
1119 440 1491 501 procursatorum

191 517 395 562 adventu
429 513 738 560 anhelantium
774 513 909 558 etiam
945 525 1041 558 tum
1071 511 1322 571 indicatur,
1353 530 1492 577 eque-

189 589 299 635 ssres
326 586 521 633 hostium
549 599 718 632 turmas
751 585 912 631 vicino
942 585 1085 631 limite
1114 585 1312 648 quodam
1333 603 1492 648 perru-

190 676 274 725 pto
310 660 517 708 avertisse
545 660 695 707 subito
721 659 907 722 praedas.
937 658 1079 720 Cujus
1111 661 1350 708 atrocitate
1382 661 1497 708 mali‘

190 733 425 797 perculsus
439 768 453 787 ,
474 732 600 779 illico
618 767 631 788 ,
656 741 704 776 ut
729 743 830 777 ante
852 730 1163 794 cogitaverat,
1184 732 1366 794 triginta
1389 733 1493 778 mil-

189 807 252 853 lia
293 806 514 852 lectorum
551 803 748 850 militum
787 803 932 850 eidem
967 803 1194 850 commisit
1230 805 1493 869 Procopio,

190 880 350 941 jun&o
382 879 436 925 ad
459 878 643 941 parilem
670 877 935 939 potestatem
955 877 1215 924 Sebastiano
1243 880 1412 926 comite
1435 895 1493 925 ex

193 956 309 1000 duce
330 952 518 1016 AEgypti
540 967 551 995 ε
571 951 815 1013 iisdemque
849 951 1094 1013 praecepst,
1122 964 1170 997 ut
1199 951 1315 998 intra
1337 953 1492 1017 Tigri-

193 1029 294 1074 dem
334 1026 516 1073 interim
540 1036 753 1088 agerent,
789 1023 1030 1088 vigilanter
1061 1025 1217 1071 omnia
1249 1024 1492 1084 servaturi,

194 1117 252 1146 ne
272 1099 378 1162 quid
407 1098 649 1158 inopinum
677 1113 734 1142 ex
763 1096 951 1144 incauto
977 1097 1115 1144 latere
1144 1097 1360 1156 oriretur,
1379 1116 1492 1162 qua·

193 1174 251 1219 lia
277 1171 417 1218 multa
443 1170 555 1232 saepe
573 1168 790 1216 didicerat
811 1169 1008 1216 evenisse
1029 1171 1381 1234 :mandabatque
1403 1172 1492 1231 eis,

193 1260 244 1292 ut
275 1245 307 1291 fi
339 1243 437 1290 fieri
472 1241 624 1305 potius
656 1241 827 1303 posset,
861 1243 954 1306 regi
988 1241 1262 1289 sociarentur
1301 1243 1488 1291 Arsaci:

193 1332 388 1380 cumque
411 1332 466 1361 eo
492 1331 572 1377 per
594 1315 888 1361 Corduenam
912 1316 962 1361 &
985 1315 1288 1374 Moxoenam,
1313 1317 1494 1364 Chilio—

192 1408 333 1440 como
367 1390 494 1436 uberi
527 1389 690 1435 Mediae
726 1388 903 1445 trafitu,
924 1387 1213 1451 partibusque
1245 1389 1341 1436 aliis
1372 1408 1494 1453 prae-

193 1467 346 1514 strffio
378 1462 508 1512 cursu
533 1462 740 1520 vastatis,
771 1462 890 1525 apud
923 1461 1134 1526 Assyrios
1166 1462 1311 1510 adhuc
1341 1463 1493 1527 agenti

193 1540 275 1586 fibi
311 1546 666 1594 concurrerent,
704 1535 1013 1582 necessitatum
1053 1533 1255 1581 articulis
1292 1532 1492 1581 affuturi.

194 1615 278 1661 His
299 1613 361 1660 ita
380 1610 599 1658 ordinatis
618 1645 632 1667 ‚
661 1608 753 1672 ipse
773 1644 788 1667 ,
812 1607 937 1654 exitu
956 1606 1166 1654 fimulato
1184 1624 1264 1670 per
1287 1608 1461 1671 Tigrim
1476 1642 1491 1664 ,

194 1688 321 1751 quod
352 1687 436 1733 iter
463 1685 597 1733 etiam
627 1700 675 1730 re
700 1684 867 1730 cibaria
893 1684 947 1729 de
977 1682 1190 1729 industria
1215 1681 1393 1742 jusserat
1424 1683 1494 1728 in-

195 1759 326 1817 ssrui,
365 1758 493 1804 flexit
531 1756 819 1803 dextrorsus:
848 1757 898 1803 &
926 1754 1079 1818 quieta
1117 1755 1250 1801 no&e
1286 1755 1493 1810 emensa,

193 1849 327 1881 mane
352 1831 602 1893 jumentum
621 1867 635 1887 ,
657 1846 749 1893 quo
775 1830 1014 1878 veheretur
1038 1845 1093 1875 ex
1126 1827 1235 1887 usu,
1252 1828 1495 1891 poposcit:

197 1906 463 1968 oblatusque
489 1905 530 1952 ei
560 1921 702 1968 equus
730 1903 1013 1967 Babylonius
1043 1901 1256 1958 nomine,
1277 1901 1366 1947 istu
1393 1915 1493 1947 tor-

196 1981 331 2030 minis
352 1980 688 2035 consternatus‚
710 1977 816 2023 dum
836 1976 1050 2023 dolorum
1073 1974 1308 2037 impatiens
1327 1974 1490 2021 volvi-

197 2066 300 2111 tur,
329 2069 442 2099 auro
464 2050 716 2114 lapillisque
747 2060 1013 2097 ornamenta
1047 2047 1246 2094 distincta
1278 2045 1494 2109 consper-

196 2127 262 2174 sit.
297 2127 410 2187 Quo
446 2125 626 2172 ostento
662 2123 810 2170 laetior
843 2121 1143 2178 exclamavit,
1176 2119 1492 2182 plaudentibus

197 2199 446 2266 proximis,
466 2202 697 2261 Babylona
722 2201 837 2245 humi
856 2195 1100 2260 procidzffi‚
1124 2197 1380 2241 ornamentis
1403 2211 1493 2239 om·

198 2278 323 2322 nibus
342 2276 593 2336 spoliatam.
618 2276 673 2319 Et
695 2270 919 2335 paulisper
938 2271 1142 2317 detentus
1157 2304 1170 2327 ‚
1188 2281 1238 2314 ut
1256 2284 1392 2314 omen
1412 2283 1494 2330 per

196 2348 365 2395 hostias
385 2347 555 2394 litando
575 2346 795 2403 firmaret,
809 2347 1051 2391 Davanam
1070 2342 1199 2389 venit
1218 2341 1358 2388 castra
1377 2358 1494 2403 prae·

200 2421 374 2469 fidiaria
390 2457 403 2478 ,
424 2420 543 2466 unde
569 2433 696 2466 ortus
720 2418 861 2465 Belias
889 2416 1057 2462 fluvius
1087 2415 1298 2462 funditur.
1322 2415 1368 2459 in
1399 2416 1492 2459 Eu-

199 2497 400 2561 phraten.
442 2495 529 2544 Hic
562 2495 841 2578 corporibusf
874 2493 978 2543 cibo
1016 2492 1179 2540 curatis
1217 2491 1268 2537 &
1303 2490 1491 2553 quiete,
1529 2520 1531 2522 ψ
