1626 2917
281 157 880 226 RERUM‘GESTARUM
909 158 1015 204 LIB.
1052 156 1228 203 XXXI.
1318 158 1406 216 245

127 265 220 315 Ubi
250 267 467 332 quoniam
499 267 555 314 ab
587 264 689 330 ipsis
716 265 922 313 nascendi
954 262 1160 329 primitiis
1188 262 1411 310 infantum

118 341 248 390 ferro
269 342 497 390 suicantur
514 341 644 389 altius
675 356 824 404 genae‚
843 351 895 387 ut
918 336 1114 402 pilorum
1140 336 1278 401 vigor
1297 348 1413 383 tem-

118 414 330 478 pestivus
359 431 588 478 emergens
622 412 876 476 corrugatis
913 409 1195 459 cicatricibus
1226 408 1413 456 hebete-

119 496 222 546 tur,
246 487 478 535 senescunt
504 487 725 534 imberbes
747 485 911 549 absque
934 484 1024 531 ulla
1046 482 1298 541 venustate,
1315 481 1414 545 spa-

127 560 323 623 donibus
347 561 537 609 fimiles:
560 559 804 622 compaffis
832 575 990 606 omnes
1024 556 1247 619 firmisque
1269 572 1415 602 mem-

125 631 245 693 bris,
273 635 323 681 &
355 633 521 697 opimis
556 631 842 681 cervicibus:
872 628 1143 694 prodigiosae
1172 627 1331 675 formae
1363 629 1414 675 δε

125 707 290 770 pandi,
320 719 370 754 ut
403 707 587 771 bipedes
620 706 842 754 existimes
863 705 1045 762 bestias,
1076 703 1152 752 vel
1186 703 1337 766 quales
1366 702 1416 749 in

119 779 535 845 commarginandis
559 779 775 844 pont—ibus
801 777 979 842 effigiati
1007 775 1176 839 stipites
1201 774 1416 820 dolantur

124 852 345 902 incomte.
389 856 440 901 In
475 854 714 901 hominum
745 864 892 911 autem
933 850 1074 914 figura
1105 847 1208 896 licet
1240 846 1416 893 insuavi

118 925 189 973 *ita
214 926 297 974 visi
319 926 419 973 sunt
447 926 614 989 asperi,
637 938 686 973 ut
709 941 854 989 neque
874 924 996 987 igni,
1023 938 1166 986 neque
1196 919 1414 984 saporatis

123 999 357 1065 indigeant
383 1000 523 1059 cibis,
553 1000 627 1046 sed
651 999 875 1047 radicibus
907 999 1144 1045 herbarum
1175 994 1414 1058 agrestium

125 1076 176 1122 &
214 1073 458 1121 semicruda
508 1074 705 1136 cujusvis
745 1072 924 1136 pecoris
964 1088 1094 1120 carne
1136 1070 1414 1128 vescantur,

126 1165 262 1212 quam
293 1147 410 1196 inter
440 1147 614 1196 femora
644 1147 718 1195 sua
748 1149 799 1196 δε
830 1163 1053 1210 equorum
1086 1157 1210 1209 terga
1240 1144 1414 1191 subser-

124 1240 245 1281 tam,
277 1222 382 1270 fotu
417 1221 686 1270 calefaciunt
722 1219 868 1268 brevi.
905 1217 1124 1267 AEdificiis
1159 1217 1294 1265 nullis
1324 1236 1414 1265 un-

118 1314 258 1360 quam
276 1296 379 1344 teffi
399 1315 409 1343 :
429 1295 504 1342 sed
523 1295 618 1342 haec
638 1294 765 1342 velut
789 1293 844 1340 ab
868 1293 950 1340 usu
971 1291 1203 1339 communi
1228 1290 1414 1339 discreta

122 1367 325 1431 sepulcra
353 1366 595 1414 declinant.
639 1367 738 1413 Nec
771 1364 890 1411 enim
918 1365 1036 1427 apud
1060 1380 1139 1410 eos
1171 1364 1246 1410 vel
1275 1380 1415 1409 arun-

122 1444 229 1491 dine
253 1443 503 1507 fastigatum
535 1442 720 1506 reperiri
750 1440 976 1505 tugurium
1005 1440 1163 1502 potest.
1194 1440 1280 1486 Sed
1309 1438 1414 1502 vagi

123 1529 304 1566 montes
331 1524 615 1581 peragrantes
645 1518 694 1563 &
719 1516 850 1562 filvas
866 1553 879 1572 ‚
903 1515 1084 1579 pruinas
1102 1551 1116 1573 ‚
1137 1514 1326 1571 famem,
1351 1515 1413 1560 fi-

122 1592 296 1657 timque
322 1590 519 1655 perferre
544 1591 601 1638 ab
625 1590 905 1638 incunabulis
930 1588 1191 1636 affuescunt.
1222 1589 1412 1651 Peregre

123 1666 252 1724 tecia,
269 1664 349 1711 nisi
366 1664 572 1730 adigente
589 1663 784 1712 maxima
802 1663 1070 1722 necestitate,
1085 1679 1179 1708 non
1196 1661 1411 1708 subeunt:

122 1753 208 1786 nec
236 1737 355 1786 enim
380 1738 502 1801 apud
530 1755 610 1786 eos
637 1738 816 1786 securos
843 1736 1094 1784 existimant
1119 1735 1203 1782 effe
1230 1734 1309 1781 sub
1336 1746 1408 1781 te-

119 1811 215 1859 ffis.
240 1811 518 1858 Indumentis
547 1812 788 1874 operiuntu
779 1827 814 1856 r
838 1809 1012 1868 linteis,
1039 1808 1115 1855 vel
1136 1824 1190 1854 ex
1214 1806 1318 1888 pelli
1309 1806 1408 1852 bus

119 1879 388 1931 filvestrium
411 1885 607 1932 murium
629 1884 922 1932 consarcinati
915 1900 976 1930 3.
997 1899 1078 1930 nec
1099 1881 1221 1928 alia
1212 1899 1222 1925 1
1230 1881 1274 1926 ῘΞῙ
1267 1897 1334 1926 ·3
1319 1877 1408 1926 do-

118 1956 299 2004 mestica
329 1957 462 2005 vestis
494 1958 581 2015 est,
601 1958 683 2004 alia
710 1957 912 2004 fmenfis
936 1956 1021 2003 Sed
1049 1954 1179 2001 semel
1211 1952 1406 1999 obsoleti

118 2028 291 2076 coloris
311 2029 460 2077 tunica
486 2030 610 2078 collo
637 2030 795 2078 inserta
818 2046 913 2078 non
934 2039 1036 2075 ante
1062 2026 1306 2090 deponitur
1329 2035 1406 2071 aut

118 2113 344 2162 mutatur,
366 2118 499 2166 quam
521 2103 732 2152 diuturna
755 2104 871 2152 carie
891 2103 936 2149 in
955 2102 1177 2165 pannulos
1200 2100 1404 2147 defluxe-

117 2175 177 2222 rit
207 2175 457 2224 defrustata.
485 2177 658 2225 Galeris
692 2177 888 2226 incurvis
923 2175 1066 2239 capita
1092 2185 1276 2239 tegunt3
1307 2173 1403 2218 hir-

118 2246 213 2294 suta
231 2265 361 2296 crura
379 2246 514 2296 coriis
531 2250 782 2298 munientes
801 2249 1022 2297 hoedinis:
1042 2263 1291 2310 eorumque
1312 2244 1400 2290 cal·

118 2319 187 2369 cei
207 2320 415 2369 formulis
441 2323 573 2370 nullis
600 2322 764 2386 aptati,
789 2334 946 2369 vetant
964 2320 1170 2368 incedere
1187 2318 1402 2383 gressibus

117 2393 280 2442 liberis.
299 2397 403 2456 Qua
422 2396 546 2444 causa
576 2398 628 2444 ad
648 2397 865 2460 pedestres
886 2413 1040 2460 parum
1064 2390 1399 2443 accommodati

116 2465 213 2515 sunt
240 2485 442 2533 pugnas:
467 2486 625 2519 verum
656 2469 780 2535 equis
813 2485 955 2534 prope
991 2468 1110 2516 affixi
1139 2464 1262 2513 duris
1295 2461 1399 2526 qui-

1031 2543 1077 2602 Q
1110 2560 1140 2604 ·3
