1626 2917
255 231 476 278 RERUM
509 229 847 277 GESTARUM
884 229 986 275 LlB.
1024 228 1152 274 XXI.
1268 244 1359 290 277

82 338 366 388 monstrabat.
396 339 599 403 Namque
624 341 672 387 δε
693 338 921 386 nocturnis
942 337 1204 402 imaginibus
1224 348 1360 384 terre-

82 413 237 471 batur,
257 414 308 461 &
326 413 529 460 nondum
551 413 726 476 penitus
746 412 912 459 mersus
932 412 979 458 in
1000 411 1202 458 somnum
1219 446 1233 469 ‚
1262 427 1363 457 um-

81 486 206 532 bram
241 485 416 534 viderat
435 486 570 550 patris
597 485 804 532 obtulisse
838 485 1074 547 pulchrum
1113 482 1361 530 infantem:

81 574 275 622 eumque
297 558 547 621 susceptum
571 561 619 607 ὅ(
650 559 845 605 locatum
877 557 922 603 in
955 556 1126 621 gremio
1147 554 1251 610 suo,
1280 571 1362 601 ex-

81 630 246 679 cuffam
279 632 357 678 fibi
384 630 614 695 projeciss'e
644 630 820 694 longius
839 629 1054 694 sphaeram
1072 665 1087 686 ‚
1109 645 1242 692 quam
1270 625 1362 690 ipse

81 704 264 751 dextera
305 722 439 751 manu
472 704 678 768 gestabat.
723 703 771 750 ld
803 715 947 749 autern
983 701 1362 765 permutationem

81 789 341 841 temporum
367 777 621 835 indicabat,
640 777 745 824 licet
772 776 1115 838 interpretantes
1142 772 1364 836 placentia

80 850 416 914 responderent.
449 850 552 897 Post
584 851 681 897 haec
718 849 940 897 confeffus
978 848 1039 895 est
1066 846 1363 908 junffioribus

79 924 302 987 proximis
316 960 328 981 ,
344 923 469 988 quod
486 935 698 987 tanquam
719 922 939 969 desolatus
957 922 1173 969 secretum
1192 917 1363 982 aliquid

79 996 230 1044 videri
244 996 416 1044 deflerit
430 1031 445 1055 ‚
458 996 582 1059 quod
602 994 824 1042 interdum
844 994 1006 1042 affuiffe
1024 993 1103 1041 fibi
1123 992 1362 1056 squalidius

81 1068 390 1117 existimabat:
426 1070 475 1116 &
510 1068 748 1131 putabatur
785 1067 957 1114 Genius
992 1063 1170 1129 quidam
1210 1064 1361 1111 tutelae

81 1141 232 1188 salutis
263 1140 490 1204 appositus
521 1157 622 1187 eum
652 1140 900 1203 reliquisse,
928 1140 1102 1186 mundo
1133 1137 1264 1185 citius
1295 1136 1361 1182 di·

80 1209 336 1272 greffurum.
368 1214 530 1258 Ferunt
562 1211 682 1258 enim
711 1210 941 1275 theologi,
971 1210 1018 1256 in
1052 1210 1197 1257 lucem
1232 1207 1362 1255 editis

79 1281 339 1329 hominibus
359 1283 527 1330 cunffls
543 1319 557 1342 ,
575 1283 695 1331 salva
715 1282 918 1330 firmitate
935 1282 1084 1341 fatali,
1104 1280 1361 1343 hujusmodi

79 1356 284 1417 quaedam
306 1357 436 1405 velut
454 1357 573 1405 astus
597 1359 768 1405 reElura
790 1357 973 1403 numina
996 1355 1154 1403 sociari
1172 1391 1186 1413 ‚
1204 1356 1360 1402 admo·

80 1429 190 1475 dum
203 1442 350 1476 tamen
365 1429 627 1492 paucissimis
644 1430 752 1488 visa,
770 1446 888 1493 quos
908 1429 1177 1492 multiplices
1195 1443 1360 1475 auxere

82 1502 292 1549 virtutes.
313 1502 450 1565 quue
476 1504 526 1551 &
547 1502 728 1549 oracula
754 1503 803 1550 δε
819 1502 1020 1549 auctores
1037 1503 1233 1549 docuere
1250 1518 1362 1564 prae-

85 1576 222 1623 clari:
240 1575 354 1623 inter
372 1592 488 1640 quos
509 1575 571 1623 est
590 1576 721 1624 etiam
742 1577 989 1624 Menander
1006 1575 1209 1625 comicus
1217 1574 1362 1640 ,apud

82 1665 218 1712 quem
238 1649 286 1696 hi
303 1649 459 1697 senarii
482 1650 573 1698 duo
592 1650 799 1715 leguntur
817 1668 830 1698 ε

130 1764 302 1807 Ἀπαντι
330 1764 478 1816 Σικίμων
509 1765 618 1820 ἀνδρὶ
651 1764 986 1818 συμπαρίσταταε

136 1829 260 1875 Εὗῦὺς
280 1834 466 1888 γενομένῳ
480 1865 492 1884 ,
508 1837 789 1890 μυσταγωγὸς
810 1833 879 1874 τοῦ
898 1833 992 1880 βίου.

85 1940 243 1989 Itidem
261 1956 318 1987 ex
344 1940 620 2004 sempiternis
648 1942 838 1989 Homeri
867 1940 1138 1990 carminibus
1169 1939 1361 2006 intelligi

85 2014 242 2073 datur,
259 2030 354 2061 non
373 2014 503 2062 Deos
523 2015 725 2063 coelestes
748 2032 850 2063 cum
875 2014 985 2063 viris
1005 2013 1196 2061 fortibus
1213 2014 1362 2061 collo-

88 2097 220 2133 cutos
237 2121 251 2144 ,
269 2102 353 2133 nec
380 2086 544 2134 affuiffe
561 2088 888 2152 pugnan-tibuS‚
907 2087 980 2134 vel
996 2085 1157 2149 juvisse
1172 2121 1186 2144 ‚
1206 2086 1278 2132 sed
1296 2086 1362 2132 fa-

88 2157 280 2206 miliares
296 2158 453 2223 genios
470 2176 572 2208 cum
590 2160 742 2207 iisdem
761 2160 959 2208 versatos
975 2195 988 2218 ‚
1008 2175 1201 2223 quorum
1221 2158 1362 2205 admi-

89 2229 251 2277 niculis
271 2230 373 2279 freti
401 2232 641 2296 praecipuis
669 2233 946 2297 Pythagoras
971 2231 1172 2278 enituiffe
1199 2230 1363 2277 dicitur

91 2305 142 2366 δι
159 2304 363 2352 Socrates
376 2341 389 2363 ‚
409 2306 651 2370 Numaque
669 2306 917 2369 Pompilius
930 2341 943 2364 ,
964 2307 1014 2354 &
1033 2304 1234 2367 superior
1262 2305 1362 2351 Sci-

91 2375 174 2439 pio
192 2393 204 2424 :
222 2378 272 2425 &
289 2393 338 2425 ut
360 2379 540 2441 quidam
559 2379 838 2438 existimant,
855 2379 1022 2426 Marius
1037 2414 1051 2435 ‚
1071 2381 1121 2427 δε
1141 2378 1364 2426 Οξὶᾱνὶε-

92 2465 176 2495 nus
191 2484 204 2508 ‚
239 2450 311 2497 cui
339 2452 527 2516 Augusti
559 2453 829 2501 vocabulum
862 2451 1054 2499 delatum
1088 2451 1149 2498 est
1181 2451 1329 2513 primo
1349 2465 1367 2497 ε

95 2521 368 2589 Hermesque
386 2524 722 2586 Termaximus,
748 2525 799 2573 &
817 2521 1329 2642 TyaneusSApollonius
1344 2554 1365 2582 2

1084 2611 1108 2657 3
