1626 2917
202 245 262 290 34
411 223 739 272 AMMIANt
774 223 1250 272 MARCELmNt

199 332 481 397 cogitabatur
510 331 647 378 astute
664 367 678 390 ,
697 343 746 379 ut
767 331 858 380 hoc
880 332 1134 380 insidiarum
1161 347 1319 396 genere
1351 330 1470 379 Galli

197 407 366 469 periret
395 404 648 452 avunculus
671 440 684 462 ,
724 421 779 452 ne
807 422 907 452 eum
929 419 976 452 ut
1009 419 1262 470 praepotens
1293 415 1470 453 acueret

195 480 245 526 in
280 478 486 526 fiduciam
516 514 529 535 ‚
568 478 754 526 exitiosa
785 491 1073 542 coeptantem.
1102 481 1272 526 Verum
1307 493 1470 525 navata

194 550 260 598 est
294 568 429 614 opera
459 550 676 612 diligen53
702 551 881 614 hocque
912 550 1052 597 dilato
1071 586 1086 608 ,
1121 549 1330 597 Eusebius
1352 567 1469 612 prae-

195 626 366 690 positus
401 623 596 672 cubiculi
632 624 780 672 miffus
812 623 873 670 est
909 624 1178 684 Cabillona,
1210 642 1369 672 aurum
1401 623 1471 672 se-

194 718 296 748 cum
337 698 602 762 perferens:
639 715 731 762 quo
770 715 850 759 per
880 698 1164 746 turbulentos
1200 699 1469 746 seditionum

191 772 453 820 concitores
482 771 707 819 occultius
747 769 984 817 distributo
1003 805 1018 828 ,
1053 772 1102 818 &
1132 783 1284 818 tumor
1312 770 1469 819 conse-

192 846 292 892 nuit
322 845 515 891 militum
536 880 550 903 ‚
584 845 633 891 δε
658 843 769 890 salus
790 843 851 890 est
885 843 932 890 in
967 855 1069 891 tuto
1088 844 1233 891 locata
1259 844 1470 907 praefeffi.

191 919 374 968 Deinde
398 919 503 967 cibo
532 918 708 964 abunde
729 918 901 980 perlato
929 954 944 976 ,
982 917 1118 965 castra
1149 917 1221 964 die
1254 917 1469 980 praedi&o

191 991 295 1038 sunt
337 1004 476 1039 mota.
503 992 700 1038 Emensis
730 991 879 1054 itaque
915 991 1252 1039 difficultatibus
1280 990 1430 1038 multis
1453 1027 1468 1049 ,

191 1066 243 1112 &
273 1063 382 1111 niue
418 1063 592 1111 obrutis
620 1062 804 1110 callibus
832 1062 1034 1126 pluribus
1052 1099 1066 1122 ,
1087 1063 1164 1109 ubi
1183 1079 1325 1127 prope
1344 1064 1468 1110 Rau-

188 1153 344 1183 racum
372 1149 561 1184 ventum
598 1136 659 1182 est
689 1136 744 1182 ad
783 1135 1019 1197 supercilia
1054 1134 1252 1182 fluminis
1286 1133 1472 1194 Rheni,

188 1208 410 1256 resistente
435 1208 718 1256 multitudine
751 1208 1030 1266 Alamanna,
1064 1220 1252 1271 pontem
1286 1207 1468 1270 suspen·

190 1284 296 1330 dere
332 1284 516 1330 navium
548 1298 764 1346 compage
793 1282 992 1329 Romani
1019 1282 1068 1329 vi
1088 1282 1226 1329 nimia
1258 1283 1468 1331 vetaban-

188 1369 264 1402 tur
283 1390 296 1411 ‚
314 1355 400 1401 ritu
419 1354 643 1418 grandinis
665 1354 865 1417 undique
893 1356 1245 1403 convolantibus
1265 1356 1364 1402 telis
1385 1375 1395 1403 :
1415 1359 1468 1404 &

187 1445 290 1475 cum
305 1426 348 1472 id
363 1425 628 1489 impossibile
646 1425 872 1474 videretur
884 1461 897 1484 ,
913 1428 1159 1489 imperator
1179 1426 1470 1490 cogitationi·

189 1501 273 1547 bus
299 1501 471 1564 maguis
501 1499 750 1558 attonitus,
770 1499 877 1561 quid
906 1500 1169 1562 capesseret,
1200 1500 1469 1565 ambigebat.

188 1576 308 1621 Ecce
336 1586 480 1619 autem
503 1590 560 1619 ex
582 1570 836 1635 improviso
869 1572 1004 1620 index
1024 1572 1203 1636 quidam
1227 1573 1468 1636 regionum

191 1664 352 1712 gnarus
370 1647 555 1694 advenit
569 1683 584 1704 ,
605 1648 683 1704 &,
704 1647 908 1694 mercede
927 1662 1107 1710 accepta
1121 1683 1136 1705 ,
1157 1646 1374 1696 vadosum
1393 1647 1466 1695 lo-

189 1737 291 1767 cum
323 1720 454 1765 nesle
488 1717 788 1776 monstravit,
816 1718 935 1765 unde
965 1717 1162 1781 superari
1194 1719 1346 1781 potuit
1376 1718 1466 1765 ssu-

189 1810 292 1839 men
315 1812 325 1840 :
352 1795 400 1841 &
417 1792 625 1856 potuiffet
648 1792 861 1839 aliorsum
892 1792 1074 1840 intentis
1105 1792 1306 1840 hostibus
1340 1809 1464 1840 exer-

191 1866 307 1912 citus
333 1867 437 1913 inde
469 1865 754 1929 transgressus
771 1901 789 1925 ,
805 1865 934 1913 nullo
967 1865 1014 1912 id
1033 1865 1249 1930 opinante
1268 1901 1283 1925 ‚
1304 1867 1464 1914 cunstat

189 1940 362 1986 vastare
378 1974 390 1992 ‚
425 1939 473 1985 ni
501 1939 635 2002 pauci
653 1957 707 1986 ex
732 1940 882 1987 eadem
911 1952 1064 2004 gente,
1084 1939 1249 2004 quibus
1270 1934 1363 1987 erat
1383 1940 1465 1987 ho·

190 2012 435 2060 noratioris
466 2011 636 2058 militiae
659 2028 768 2060 cura
791 2012 1021 2061 commissa
1047 2048 1061 2071 ,
1088 2014 1328 2076 populares
1357 2013 1464 2062 suos

187 2085 283 2132 haec
318 2103 395 2147 per
422 2086 606 2132 nuntios
638 2085 891 2132 docuissent
923 2083 1129 2133 occultos
1150 2120 1164 2142 ‚
1200 2100 1250 2132 ut
1281 2085 1463 2149 quidam

189 2158 511 2206 existimabant.
523 2157 766 2206 Infamabat
778 2171 924 2206 autem
938 2158 1032 2205 haec
1048 2157 1238 2220 suspicio
1252 2159 1461 2206 Latinum

187 2232 536 2279 domesticorum
575 2231 789 2279 comitem
816 2268 833 2289 ,
871 2234 921 2279 &
953 2231 1194 2294 Agilonem
1230 2233 1462 2280 tribunum

186 2303 345 2351 stabuli
365 2341 379 2362 ‚
408 2317 541 2367 atque
567 2303 857 2350 Scudilonem
887 2303 1179 2350 scutariorum
1206 2305 1423 2352 reflorem
1444 2339 1460 2362 ‚

187 2377 266 2440 qui
286 2391 392 2423 tunc
415 2390 462 2423 ut
483 2376 648 2424 dextris
670 2377 757 2424 suis
787 2377 1003 2441 gestantes
1030 2378 1352 2440 rempublicam
1381 2395 1462 2426 co·

183 2452 401 2513 lebantur.
422 2453 479 2496 At
493 2449 666 2497 barbari
680 2486 694 2508 ‚
711 2449 912 2513 suscepto
930 2467 1014 2514 pro
1038 2449 1293 2499 instantium
1312 2468 1461 2500 rerum

185 2523 362 2571 ratione
382 2521 572 2572 consilio
589 2559 605 2583 ,
629 2522 937 2574 dirimentibus
958 2522 1073 2572 sorte
1093 2522 1367 2588 auspicibuS‚
1384 2523 1461 2573 vel
