1626 2917
239 181 330 224 214
453 168 791 213 ΑΜΜΙΑΝΙ
834 168 1307 215 MARCELLINI

236 273 332 319 haec
355 275 402 320 &
434 275 732 334 Barzimeres,
753 291 855 322 cum
885 275 964 321 lusi
998 274 1170 338 jamjam
1206 275 1517 334 revertissent,

234 345 463 406 probrosis
484 345 659 392 lacerati
680 347 930 403 conviciis,
950 364 1001 393 ac
1027 347 1055 392 fi
1075 347 1237 394 inertes
1259 349 1306 394 &
1325 347 1515 404 desides,

235 429 284 461 ut
318 416 535 463 hebetatae
577 418 726 480 primo
761 419 958 482 appetitu
995 431 1229 466 venenatae
1267 418 1518 482 serpentes,

234 503 316 533 ora
341 504 559 535 exacuere
589 490 762 550 letalia,
785 509 886 539 cum
909 490 1101 553 primum
1130 491 1396 553 potuissent,
1424 491 1517 537 ela-

236 561 320 624 pso
357 580 441 624 pro
472 563 637 611 virium
675 565 809 628 copia
838 564 1049 612 nocituri.
1090 566 1144 610 Et
1168 564 1366 610 leniendi
1389 563 1519 611 causa

235 632 393 695 flagitii
415 634 502 692 sui,
525 636 600 683 vel
626 635 815 695 fraudis,
836 654 968 700 quam
991 636 1178 682 meliore
1206 635 1393 683 consilio
1414 651 1521 697 per-

235 706 463 765 tulerunt,
482 710 598 772 apud
620 710 903 772 Imperatoris
923 726 1049 757 aures
1070 725 1299 756 rumorum
1315 710 1520 756 omnium

236 781 527 829 tenaciffimas
566 783 839 831 incessebant
877 783 992 830 falsis
1037 783 1298 831 criminibus
1335 785 1486 828 param
1506 815 1522 837 ,

238 852 525 903 incentiones
570 856 752 904 Circeas
795 857 840 905 in
885 856 1114 904 vertendis
1154 854 1522 917 debilitandisque

239 928 513 988 corporibus
537 929 658 976 miris
688 930 836 977 modis
863 947 963 976 eum
994 930 1153 977 callere
1180 929 1426 993 fingentes:
1448 926 1523 973 ad-

240 998 504 1064 dentesque,
525 1003 650 1065 quod
673 1002 927 1064 hujusmodi
950 1003 1116 1048 artibus
1143 1001 1282 1048 offusa
1309 1001 1390 1047 fibi
1413 1000 1524 1048 cali-

238 1073 344 1136 gine
367 1089 585 1134 mutatus,
615 1076 913 1139 vasorumque
935 1075 1079 1121 forma
1109 1074 1385 1138 transgressus
1401 1110 1415 1132 ,
1443 1072 1525 1120 tri-

240 1145 325 1193 stes
354 1147 703 1206 sollicitudines,
727 1148 756 1194 si
782 1149 887 1196 huic
913 1147 1106 1194 irrisioni
1135 1147 1424 1210 superfuerit,
1443 1163 1524 1193 ex-

241 1219 412 1268 citabit.
442 1221 560 1269 Hinc
582 1222 628 1267 in
653 1223 777 1267 illum
809 1222 1123 1285 inexplicabile
1145 1221 1320 1267 auitum
1349 1219 1524 1268 Princi-

240 1291 311 1354 pis
337 1293 489 1339 odium
508 1330 523 1351 ,
542 1295 591 1341 &
625 1294 720 1340 doli
749 1293 1030 1339 struebantur
1049 1294 1095 1340 in
1117 1293 1237 1351 dies,
1256 1306 1306 1339 ut
1327 1310 1404 1355 per
1427 1292 1523 1339 vim

243 1363 285 1409 ei
307 1364 382 1410 vel
403 1365 518 1411 clam
540 1364 636 1412 vita
664 1365 930 1412 adimeretur
950 1384 960 1411 ε
981 1366 1219 1430 agentique
1243 1379 1348 1413 tunc
1367 1366 1414 1411 in
1437 1367 1524 1410 Ar-

242 1436 391 1484 menia
411 1438 611 1500 Traiano
629 1475 641 1497 ,
662 1441 710 1486 &
732 1455 824 1484 rem
846 1438 1078 1485 militarem
1101 1438 1299 1495 curanti,
1320 1438 1363 1483 id
1385 1437 1525 1484 secre-

241 1510 302 1557 tis
331 1512 633 1558 committitur
658 1512 843 1574 scriptis.
873 1512 969 1572 Qui
989 1510 1261 1558 illecebrosis
1285 1527 1432 1573 regem
1452 1510 1526 1556 in-

243 1583 365 1631 fidiis
386 1585 587 1631 ambiens
606 1622 616 1640 ‚
638 1586 688 1632 δέ
708 1586 848 1631 modo
871 1584 1032 1631 serenae
1053 1585 1213 1632 mentis
1233 1583 1433 1630 Valentis
1452 1582 1525 1628 in-

243 1656 367 1703 dices
387 1656 534 1703 literas
557 1658 760 1715 tradens,
788 1657 930 1703 modo
957 1657 1048 1719 ipse
1068 1654 1151 1702 sese
1171 1655 1264 1716 ejus
1290 1655 1527 1702 conviviis

244 1730 485 1793 ingerens,
516 1731 569 1776 ad
601 1730 806 1776 ultimum
841 1729 1269 1793 composita'fraude
1303 1730 1356 1775 ad
1390 1746 1526 1791 pran-

243 1802 368 1850 dium
410 1803 713 1850 verecundius
748 1803 1000 1849 invitavit:
1032 1802 1109 1865 qui
1145 1802 1255 1847 nihil
1294 1802 1526 1848 adversum

246 1888 448 1923 metuens
479 1877 633 1933 venit,
656 1875 955 1939 concessoque
984 1875 1282 1922 honoratiore
1307 1875 1527 1921 discubuit

245 1950 372 1996 loco.
416 1952 626 2014 Cumque
660 1963 995 2013 apponerentur
1027 1949 1252 2014 exquisitae
1296 1950 1525 2011 cupediae,

247 2024 297 2068 ὃ(
337 2023 451 2068 aedes
487 2024 645 2085 amplae
676 2038 926 2068 nervorum
958 2024 1006 2069 &
1041 2023 1277 2068 articulato
1311 2021 1526 2084 flatilique

248 2094 396 2141 sonitu
416 2094 701 2149 resultarent,
722 2093 809 2154 jam
833 2094 946 2140 vino
963 2093 1277 2145 incalescente,
1298 2093 1392 2155 ipso
1415 2109 1526 2139 con·

248 2167 370 2214 vivii
400 2169 590 2216 domino
618 2186 695 2231 per
718 2168 1045 2214 simulationem
1068 2169 1276 2214 naturalis
1298 2166 1525 2230 cujusdam

248 2240 448 2304 urgentis
469 2241 658 2304 egresso,
680 2240 872 2304 gladium
895 2241 1141 2287 destrictum
1166 2241 1408 2298 intentans,
1432 2253 1525 2287 tor·

250 2330 317 2360 vo
349 2314 516 2359 lumine
547 2313 796 2371 ferociens,
824 2314 1002 2376 quidam
1035 2313 1289 2359 immittitur
1312 2314 1526 2360 barbarus

249 2385 374 2448 asper
391 2403 445 2432 ex
469 2386 534 2432 his
547 2422 560 2442 ,
578 2403 692 2448 quos
710 2386 871 2448 Supras
889 2386 1133 2448 appellant,
1154 2386 1435 2433 confossurus
1455 2385 1528 2446 ju-
1567 2434 1575 2438 ,

248 2475 442 2520 venem,
473 2475 528 2506 ne
562 2459 737 2508 exsilire
772 2458 916 2523 posset
950 2458 1178 2506 etiamtum
1217 2457 1530 2524 praepeditum.
