1626 2917
212 143 298 191 DE
327 141 634 217 oDoACRF,
660 139 1074 190 THEODERICO
1106 156 1215 190 mc.
1271 156 1358 206 305

87 248 156 315 jus
183 261 386 312 tempora
415 248 599 312 pacifica
639 248 830 295 fuerunt.
866 248 1078 295 Odoacer
1107 265 1221 295 vero
1240 285 1253 307 ,
1282 266 1366 296 cu-

88 323 158 386 jus
184 322 308 385 supra
332 321 517 369 fecimus
543 319 818 367 mentionem
841 354 854 377 ,
890 336 1002 366 mox·
1033 320 1235 382 deposito
1267 323 1367 368 Au-

87 394 264 459 gustulo
299 393 352 439 de
385 392 604 454 imperio,
638 389 774 437 faetus
812 390 872 437 est
910 407 1015 437 rex:
1045 391 1288 454 mansitque
1321 394 1369 440 in

88 484 233 532 regno
267 481 411 514 annos
449 478 558 511 xm.
591 463 735 523 Cujus
769 476 892 525 pater
923 463 1084 510 AEdico
1119 464 1286 522 dietus,
1315 467 1369 513 de

91 555 187 602 quo
208 538 268 585 ita
299 537 529 584 invenitur
547 536 591 581 in
613 536 735 581 libris
755 536 872 581 Vitae
898 535 1013 582 beati
1033 536 1234 582 Severini
1263 539 1372 584 Mo-

91 612 228 660 nachi
247 611 360 658 intra
381 609 683 665 Pannoniam,
698 609 774 669 qui
797 625 898 655 eum
917 609 1172 665 admonuit,
1191 612 1240 657 &
1259 629 1371 673 prae-

96 686 210 732 dixit
237 701 419 747 regnum
452 683 545 743 ejus
576 683 787 728 futurum.
826 685 901 740 Ita*
923 683 1087 744 reperis
1119 684 1173 730 ad
1204 684 1373 735 locum.

95 758 293 819 Quidam
311 756 480 802 barbari
496 791 508 810 ,
523 772 623 803 cum
649 755 703 800 ad
723 754 885 800 ltaliam
907 768 1165 817 pergerent,
1187 774 1372 818 prome-

94 831 245 877 rendae
279 826 600 875 benediffionis
634 826 689 872 ad
722 842 821 871 eum
863 826 1025 887 intuitu
1058 828 1338 876 diverterunt
1358 866 1373 890 ,

97 902 213 950 inter
232 917 348 965 quos
375 903 424 948 δε
443 900 682 955 Odoacar,
704 898 781 961 qui
805 898 958 960 rpostea
980 901 1184 962 regnavit
1211 904 1376 962 Italiae,

97 973 312 1026 vilissimo
334 972 484 1018 habitu
508 971 707 1032 juveniS,
736 970 894 1016 statura
917 988 1128 1032 procerus
1145 1011 1156 1028 ‚
1175 977 1376 1022 advene·

97 1059 166 1096 rat
187 1063 197 1092 ς
221 1046 298 1110 qui
333 1044 436 1092 dum
470 1044 767 1090 humillimum
792 1045 950 1090 teilum
981 1047 1148 1092 cellulae
1176 1046 1267 1107 ejus
1294 1049 1374 1097 suo

99 1119 269 1169 vertice
291 1117 595 1179 contingeret,
620 1115 840 1162 inclinans
874 1116 914 1161 se
932 1151 945 1173 ‚
971 1133 994 1162 a
1026 1117 1128 1164 viro
1159 1121 1247 1165 Dei
1277 1124 1378 1184 glo-

86 1191 269 1242 ..riosum
302 1188 343 1235 se
377 1187 753 1251 fore-cognovit.
792 1188 879 1233 Cui
914 1189 1044 1234 etiam
1079 1191 1380 1254 valedicenti,

100 1266 248 1323 Vade,
271 1263 442 1325 inquit,
459 1263 513 1309 ad
539 1261 705 1308 ltaliam
723 1293 736 1315 ,
763 1261 877 1307 vade
899 1263 1116 1309 viliffirnis
1140 1283 1181 1309 n
1175 1283 1261 1313 inc
1283 1270 1378 1329 pel-

88 1338 220 1399 libus
239 1349 514 1399 coopertus,
536 1335 606 1380 sed
629 1335 778 1384 multis
800 1334 892 1381 cito
914 1336 1103 1397 plurima
1127 1339 1378 1422 largiturus.

100 1410 309 1466 Interim,
329 1420 377 1455 ut
397 1408 482 1456 Dei
511 1406 699 1453 famulus
720 1407 759 1453 ei
786 1408 1078 1468 praedixerat,
1100 1428 1209 1457 mox
1231 1414 1273 1458 in
1298 1417 1378 1462 Ita-

105 1483 164 1530 lia
198 1482 408 1546 ingreffus
438 1482 519 1539 est,
554 1497 738 1544 regnum
763 1481 946 1542 accepit.
983 1447 1151 1529 Eodem
1179 1499 1381 1549 tempore

106 1555 352 1603 Odoachar
383 1571 459 1602 rex
493 1570 666 1602 memor
695 1553 859 1608 factus,
883 1557 1007 1616 quod
1041 1573 1064 1602 a
1098 1557 1201 1604 viro
1233 1560 1380 1609 saneto

108 1629 366 1694 praedicium
405 1626 630 1684 audierat,
663 1626 801 1673 statim
837 1625 1110 1676 familiariter
1145 1631 1289 1680 literas
1327 1637 1382 1684 ad

109 1718 211 1750 eum
241 1699 459 1762 dirigens,
484 1698 514 1745 fi
534 1715 620 1761 qua
653 1697 859 1760 speranda
892 1699 1096 1755 duceret,
1127 1703 1256 1749 dabat
1282 1705 1382 1768 sup-

112 1773 291 1840 pliciter
309 1774 559 1835 optionem.
589 1771 708 1834 Ergo
742 1770 814 1817 vir
843 1771 932 1818 Dei
961 1773 1091 1819 tantis
1110 1773 1257 1838 itaque
1287 1778 1383 1838 ejus

103 1845 323 1909 alloquiis
346 1861 423 1907 per
443 1844 588 1891 literas
604 1844 814 1892 invitatus
828 1880 840 1901 ‚
861 1844 1142 1892 Ambrosium
1162 1852 1385 1910 quendam

113 1918 384 1965 exsulantem
418 1929 545 1980 rogat
575 1915 777 1963 absolvit
810 1916 934 1976 cujus
963 1916 1205 1966 Odoachar
1236 1938 1385 1986 gratu-

116 1991 334 2038 labundus
355 1989 498 2051 paruit
522 1988 759 2051 imperatis.
782 1988 917 2051 Igitur
938 1991 1176 2038 Odoachar
1195 2011 1270 2041 rex
1293 1998 1387 2045 bel-

117 2062 211 2110 lum
241 2063 363 2126 geffit
393 2061 601 2108 adversus
623 2061 774 2123 Rugos
791 2095 805 2118 ,
825 2077 939 2124 quos
962 2061 1006 2107 in
1026 2062 1219 2112 secundo
1249 2070 1386 2131 vicit,

120 2139 172 2185 ὃ(
203 2135 401 2183 funditus
433 2136 610 2183 delevit.
639 2135 752 2182 Nam
774 2136 877 2180 dum
907 2135 997 2196 ipse
1019 2138 1120 2184 ess'et
1147 2140 1276 2187 bonae
1298 2161 1387 2191 vo-

122 2208 306 2255 luntatis
323 2244 335 2264 ,
359 2209 407 2256 &
428 2208 603 2254 Arianae
632 2207 754 2252 seciae
775 2205 976 2254 favorem
1005 2212 1244 2272 praeberet‚
1269 2232 1389 2276 quo-

125 2282 226 2328 dam
259 2293 461 2344 tempore
484 2283 588 2328 dum
612 2292 904 2327 memoratum
933 2298 1078 2343 regem
1108 2284 1234 2329 multi
1255 2286 1393 2333 nobi·

127 2353 189 2400 les
207 2369 356 2400 coram
376 2353 523 2399 sancto
546 2353 649 2398 viro
670 2353 886 2410 humana,
905 2364 950 2398 ut
968 2352 1061 2400 fieri
1084 2354 1218 2412 solet,
1239 2356 1391 2403 adula-

129 2427 254 2474 tione
275 2426 523 2482 laudarent3
538 2427 806 2489 interrogat,
820 2443 950 2488 quem
971 2441 1117 2492 regem
1137 2430 1268 2476 tantis
1284 2447 1392 2493 praef

195 2502 415 2549 Ammian.
440 2501 676 2547 Marcellin.
709 2503 804 2554 Vol,
826 2501 888 2550 ΙΙ,
1192 2503 1237 2553 Υ,
