1626 2917
237 225 323 282 146
424 220 762 280 prumam
817 220 1316 290 MARCELmNt

229 329 469 376 vulnerum
492 326 738 383 declinare,
758 343 858 382 nec,
880 327 1007 391 quod
1025 327 1086 374 est
1104 327 1150 374 in
1171 328 1304 375 rebus
1325 327 1510 376 arffiffii

228 401 313 451 mis
345 400 548 446 ultimum
566 435 579 455 ‚
613 399 728 446 verti
748 399 923 460 possent
947 398 992 445 in
1013 399 1179 462 fugam.
1209 400 1408 447 Aderant
1426 419 1510 448 au·-

226 487 320 520 tem
354 472 478 518 illico
508 471 713 518 Sarmatis
734 469 1039 532 periculorum
1061 470 1215 530 Quadi
1244 471 1509 534 participes,

226 545 306 609 qui
337 560 557 590 noxarum
582 542 693 605 saepe
713 541 822 589 socii
853 538 1028 588 fuerant
1065 541 1323 590 indiscreti:
1355 543 1426 590 sed
1452 561 1510 591 ne

223 635 308 666 eos
341 617 524 680 quidem
557 628 734 679 promta
771 615 889 677 juvit
911 616 1096 662 audacia
1119 652 1133 674 ‚
1172 616 1218 662 in
1252 616 1511 665 discrimina

226 702 409 738 ruentes
426 702 591 752 aperta.
609 689 742 737 Caesis
763 688 882 736 enim
904 689 1215 751 compluribus
1231 724 1242 745 ‚
1257 705 1381 751 pars,
1406 707 1509 753 quae

224 764 378 828 potuit
395 764 611 826 superesse
626 799 640 822 ,
662 780 741 827 per
759 776 894 809 notos
915 763 1054 809 colles
1074 763 1234 809 evasit:
1254 779 1347 825 quo
1365 779 1510 810 even-

225 851 277 885 tu
298 838 416 884 vires
433 839 480 884 &
500 837 674 884 animos
699 837 916 884 incitante
935 872 948 894 ,
981 835 1138 896 junffls
1160 836 1332 883 densius
1353 837 1510 884 cuneis

220 911 284 958 ad
313 910 582 970 Quadorum
608 926 743 972 regua
770 908 1040 971 properabat
1062 907 1314 955 exercitus:
1341 908 1418 971 qui
1452 925 1510 956 ex

223 981 459 1046 praeterito
492 982 592 1028 casu
624 981 929 1044 impendentia
955 980 1277 1039 formidantes,
1307 982 1509 1045 rogaturi

224 1053 485 1118 suppliciter
501 1070 653 1116 pacem
667 1090 680 1111 ‚
698 1052 888 1100 fidentes
908 1054 961 1099 ad
979 1053 1191 1116 principis
1209 1070 1372 1101 venere
1393 1071 1509 1102 con-

201 1129 419 1192 ·specStum
440 1164 452 1184 ,
473 1144 575 1190 erga
594 1127 688 1174 haec
709 1129 757 1173 &
780 1126 936 1172 similia
963 1126 1149 1172 lenioris
1168 1144 1178 1171 :
1207 1126 1418 1188 &Eloque
1435 1126 1508 1172 die

224 1199 464 1247 statuendis
495 1198 835 1246 conditionibus
850 1234 862 1255 ‚
892 1197 1034 1244 Zizais
1056 1214 1239 1260 quoque
1258 1197 1389 1243 etiam
1409 1211 1508 1244 tum

223 1273 382 1336 regalis
403 1307 416 1329 ‚
440 1272 557 1317 baud
588 1271 712 1333 parvi
742 1270 948 1334 corporis
970 1269 1148 1330 juvenis
1165 1306 1178 1327 ‚
1203 1270 1383 1317 ordines
1401 1272 1507 1317 Sar-

223 1357 443 1392 matarum
462 1359 589 1389 more
609 1343 863 1390 certaminis
883 1342 1090 1389 instruxit
1107 1343 1162 1389 ad
1186 1360 1360 1406 preces:
1379 1344 1505 1391 viso-

222 1433 314 1480 que
333 1419 604 1478 imperatore
624 1450 637 1472 ,
665 1414 843 1476 abjeffis
864 1414 995 1462 armis
1013 1415 1190 1476 peftore
1212 1426 1314 1461 toto
1337 1432 1505 1477 procu-

219 1489 322 1536 buit
356 1486 572 1534 exanimis
601 1486 772 1534 stratus.
792 1488 850 1533 Et
884 1487 1039 1533 amisso
1060 1487 1191 1534 vocis
1221 1487 1376 1534 officio
1413 1505 1504 1548 prae

222 1565 390 1610 timore
408 1599 425 1620 ,
444 1574 538 1609 tum
558 1598 573 1620 ‚
593 1579 694 1609 cum
717 1578 844 1608 orare
871 1562 1079 1620 deberet,
1097 1561 1311 1623 majorem
1331 1562 1505 1610 miseri-

223 1636 428 1685 cordiam
460 1635 610 1682 movit
630 1671 643 1692 ,
684 1646 874 1681 conatus
910 1635 1150 1697 aliquoties
1170 1670 1183 1690 ‚
1218 1652 1466 1700 parumque
1486 1674 1502 1698 ,

222 1709 496 1772 impediente
514 1708 724 1771 singultu,
740 1707 968 1769 permissus
988 1708 1225 1768 explicare,
1238 1725 1338 1770 quae
1349 1708 1503 1769 posce-

221 1783 313 1830 bat.
333 1782 570 1827 Recreatus
589 1782 780 1843 denique
798 1781 974 1826 tandem
987 1815 999 1835 ‚
1013 1778 1234 1843 jussusque
1251 1780 1501 1844 exsurgere,

221 1853 410 1917 genibus
430 1851 564 1910 nisus,
578 1852 656 1898 usu
675 1852 839 1915 linguae
859 1851 1500 1913 recuperat0‚conce1'lionem

218 1928 486 1975 deliciorum
505 1925 582 1972 fibi
602 1926 736 1972 tribui
769 1923 1099 1988 supplicavit&
1122 1925 1296 1972 veniam
1315 1943 1324 1972 :
1347 1942 1498 1990 eoque

216 2002 275 2049 ad
295 2000 564 2064 precandum
589 1999 766 2045 admissa
788 1997 1027 2044 multitudo
1044 2034 1058 2054 ,
1084 1996 1210 2059 cujus
1236 2014 1317 2044 ora
1337 1997 1499 2046 sormi-

216 2075 283 2120 do
314 2087 438 2120 muta
461 2072 693 2119 claudebat
711 2108 727 2127 ,
768 2070 970 2133 periculo
999 2070 1140 2115 adbuc
1177 2069 1497 2132 praestantioris

218 2146 433 2208 ambiguo
448 2181 461 2203 ,
482 2144 560 2190 ubi
587 2143 660 2190 ille
680 2143 777 2190 solo
795 2142 927 2204 juffus
949 2142 1122 2199 attolli,
1147 2144 1305 2190 orandi
1324 2142 1496 2206 signum

217 2218 574 2281 exspectantibus
598 2217 674 2263 diu
702 2215 990 2274 monstravit,
1014 2231 1171 2261 omnes
1189 2216 1363 2280 clypeis
1379 2216 1496 2262 telis-

218 2309 308 2356 que
338 2290 546 2354 projeffis
567 2307 723 2337 manus
746 2290 953 2352 precibus
988 2289 1204 2335 dederunt
1222 2327 1234 2346 ‚
1268 2291 1394 2352 plura
1414 2307 1495 2336 ex-

217 2365 486 2428 cogitanteS,
501 2375 549 2408 ut
567 2364 804 2409 vincerent
822 2361 1070 2408 humilitate
1086 2362 1360 2425 supplicandi
1374 2380 1494 2426 rega-

216 2439 320 2484 lem.
359 2437 565 2484 Duxerat
599 2435 754 2496 potior
786 2453 886 2482 cum
925 2436 1082 2481 ceteris
1119 2436 1325 2483 Sarmatis
1356 2437 1491 2482 etiam

215 2511 497 2570 Rumonem,
516 2510 563 2558 ὅ(
578 2508 831 2570 Zinafrum,
847 2510 894 2558 δέ
911 2509 1183 2573 Fragiledum
1204 2510 1484 2576 subregulos,
