1626 2917
222 85 316 145 284
417 86 754 132 AMMlANI
802 86 1284 133 MARCELLINI

220 193 400 239 demnes
417 211 426 239 :
445 193 717 239 tributorum
743 208 878 239 onera
904 191 1049 238 studio
1071 193 1269 255 quodam
1291 190 1501 240 molliens

219 265 460 329 singulari,
488 265 610 311 nulla
650 265 930 328 vectigalium
969 264 1202 312 admittens
1235 278 1501 329 augmenta,

218 335 265 381 in
293 336 538 382 adaerandis
568 335 843 398 reliquorum
867 334 1027 383 debitis
1053 353 1145 383 non
1169 337 1403 393 molestus;
1426 336 1498 383 fu-

217 410 338 456 ribus
360 411 409 457 &
435 409 480 456 in
501 410 708 472 peculatu
734 409 1016 472 deprehensis
1043 408 1264 471 judicibus
1291 410 1499 457 inimicus

214 482 338 546 asper
358 484 409 530 &
428 483 684 531 vehemens.
713 485 810 531 Nec
832 483 909 530 sub
936 484 1026 530 alio
1049 484 1253 546 Principe
1273 484 1319 530 in
1344 484 1499 545 hujus·

215 556 341 603 modi
379 556 572 620 negotiis
609 558 767 605 melius
805 557 950 606 secum
991 558 1135 606 astum
1171 557 1255 604 effe
1292 556 1498 603 meminit

216 630 398 677 Oriens.
428 631 568 694 Super
598 630 667 677 his
686 631 897 679 omnibus
921 631 1114 678 liberalis
1144 643 1237 678 erat
1266 647 1366 677 cum
1390 646 1496 676 mo-

213 705 446 753 deratione
464 724 476 752 :
500 705 626 766 cujus
646 706 709 753 rei
730 707 835 754 licet
854 707 1082 754 abundent
1107 705 1335 768 exempla,
1355 721 1495 751 unum

213 791 363 826 tamen
401 779 586 827 sufficiet
618 780 745 843 poni.
780 783 841 828 Ut
878 780 1047 827 suntin
1080 779 1251 842 palatiis
1287 777 1496 825 nonnulli

213 852 454 899 alienarum
484 869 633 899 rerum
663 853 817 912 avidi,
852 854 883 900 fi
912 855 991 916 qui
1018 855 1237 901 caducum
1267 853 1342 901 vel
1375 851 1505 898 aliud.

212 928 386 989 petiiset
415 943 473 973 ex
500 926 610 984 usu,
643 944 742 974 cum
778 944 937 990 magna
959 927 1176 988 justorum
1203 926 1505 988 injustorum-n

211 1019 297 1065 que
329 1001 613 1048 distinctione
643 1002 965 1048 contradictori
1005 1003 1137 1066 copia
1177 1003 1375 1059 servata,
1412 1002 1496 1047 do-

209 1076 344 1121 nabat
372 1074 436 1131 ei,
458 1074 534 1135 qui
554 1073 762 1135 petierat,
779 1086 866 1120 tres
894 1075 970 1121 vel
988 1092 1182 1138 quatuor
1199 1075 1312 1122 alios
1338 1074 1494 1122 absen-

209 1160 274 1194 tes
307 1147 549 1211 aliquoties
577 1146 918 1208 impetratorum
940 1148 1179 1212 participes
1204 1148 1422 1211 jungens:
1445 1160 1494 1195 ut

211 1219 462 1283 castigatius
481 1231 660 1282 agerent
676 1219 864 1281 inquieti
879 1256 892 1277 ,
907 1220 1047 1278 lucra,
1067 1220 1230 1283 quibus
1246 1221 1494 1279 inhiabant,

209 1293 298 1339 hoc
319 1292 463 1339 minui
485 1305 748 1340 commento
769 1305 1015 1340 cernentes.
1039 1294 1177 1356 Super
1199 1293 1397 1341 aedificiis
1415 1313 1495 1341 au-

207 1378 325 1424 tem,
358 1384 459 1431 quae
487 1383 570 1430 per
591 1366 786 1413 diversas
814 1367 946 1414 urbes
974 1369 1022 1415 &
1045 1367 1213 1430 oppida
1233 1367 1307 1414 vel
1330 1367 1494 1413 instau-

208 1439 357 1497 ravit,
379 1439 454 1485 vel
477 1456 501 1486 a
530 1438 686 1503 primis
710 1438 920 1486 instruxit
949 1440 1184 1503 auspiciis,
1204 1457 1260 1487 ne
1286 1440 1363 1486 sun
1388 1439 1498 1486 lon·'

208 1513 338 1577 gior,
360 1525 492 1561 taceo
508 1543 522 1572 ⁵
545 1514 679 1560 rebus
706 1512 807 1576 ipfis
829 1512 875 1559 id
895 1513 1089 1576 apertius
1108 1514 1352 1561 monstrare
1382 1529 1495 1559 con-

208 1587 389 1635 cedens.
430 1589 540 1635 Haec
578 1585 712 1634 bonis
753 1584 966 1633 omnibus
1001 1585 1252 1634 aemulanda
1288 1585 1405 1643 sunt,
1443 1596 1497 1631 ut

206 1658 446 1706 existimo:
471 1677 593 1707 nunc
615 1658 709 1720 ejus
731 1659 840 1706 vitia
870 1676 1192 1722 percurramus.
1229 1662 1492 1722 Magnarum

205 1750 349 1797 opum
381 1734 686 1796 intemperans
707 1730 972 1795 appetitor,
1000 1731 1207 1778 laborum
1234 1730 1494 1792 impatiens,

206 1807 506 1870 duritiamque
529 1806 667 1871 magis
703 1806 908 1854 affefians
938 1806 1198 1861 immanem,
1221 1804 1268 1850 in
1296 1803 1491 1851 crudeli-

207 1891 343 1928 tatem
373 1880 658 1943 proclivior,
687 1879 944 1943 subagrestis
967 1878 1162 1943 ingenii,
1189 1895 1272 1926 nec
1292 1876 1491 1936 bellicis,

207 1970 291 2001 nec
326 1953 587 2002 liberalibus
622 1953 774 2001 studiis
803 1954 1032 2000 eruditus:
1068 1953 1222 2000 alienis
1253 1951 1490 2016 gemitibus

205 2025 398 2073 libenter
428 2027 732 2074 emolumenta
759 2026 1013 2090 frustusque
1043 2025 1338 2090 conquirens,
1359 2037 1491 2072 tunc-

204 2115 295 2162 que
315 2100 451 2163 magis
482 2100 778 2148 intolerabilis
794 2136 807 2157 ‚
837 2116 938 2147 cum
960 2098 1202 2147 incidentia
1225 2097 1413 2146 crimina
1433 2097 1490 2144 ad

202 2184 480 2219 contemtam
505 2173 578 2220 vel
607 2173 753 2221 laesam
787 2161 1006 2236 Principis
1036 2172 1376 2236 amplitudinem
1398 2186 1490 2218 tra-

200 2245 338 2303 hens,
359 2245 406 2291 in
431 2244 687 2310 sanguinem
714 2246 924 2294 saeviebat
947 2247 996 2294 &
1029 2244 1254 2308 dispendia
1278 2244 1489 2306 locuple-

199 2327 310 2364 tum.
341 2316 455 2365 Illud
480 2334 667 2384 quoque
696 2317 801 2366 ferri
838 2333 935 2364 non
968 2330 1175 2381 poterat,
1202 2318 1350 2382 quod,
1381 2333 1485 2366 cum
