1626 2917
315 223 540 271 RERUM
576 225 922 275 GESTARUM
958 230 1060 275 LIB.
1090 231 1217 278 XXI.
1320 249 1412 296 257

124 328 181 378 ’δ’
205 332 250 377 in
284 333 489 378 crebritate
522 333 719 378 bellorum
760 350 901 379 contra
932 336 1195 395 conspiratas
1226 343 1413 399 gentium

125 409 270 468 copias
303 405 582 470 confideratlts
618 405 661 452 δ’
695 425 854 454 cautus.
882 412 946 453 Ut
966 411 1094 470 igitur
1109 414 1282 472 adversa
1307 432 1414 473 prce-

125 482 345 528 veniamus
376 482 574 525 mentium
611 481 808 541 societate
848 480 1103 543 juniliffima
1136 516 1150 537 ,
1183 484 1416 544 sequimini

125 554 244 601 viam
279 552 441 617 consilii
482 556 562 599 mei
594 555 824 614 salutarem
845 589 859 611 ‚
888 571 1055 615 utputo
1074 587 1088 610 ‚
1117 574 1207 602 cunt
1247 560 1417 621 integri-

128 643 196 672 tas
224 644 354 682 rerum
400 627 620 673 intentioni
659 628 798 691 nostrae
837 632 1120 689 voluntatique
1148 631 1416 691 reſjoondeat3

129 694 175 743 ὃν
206 700 306 744 dum
337 698 568 753 majoribus
593 716 748 744 vacant
769 700 976 763 praesidiis
1001 703 1182 761 regiones
1211 705 1415 764 Illyricae,

126 776 403 834 imprcepedito
437 774 556 834 cursu
585 777 789 820 tendentes
811 809 824 831 ‚
857 776 1099 820 Daciarum
1129 778 1290 823 interim
1302 781 1417 838 fines

126 847 310 892 extimos
337 863 603 906 occupemus,
630 851 807 903 exinde,
828 850 930 907 quid
957 851 1028 909 agi
1060 866 1268 909 oporteat,
1294 855 1416 900 bonis

116 918 362 981 fitcceffibus
390 921 627 985 instruendi.
655 924 722 966 At
753 937 828 965 vos
855 939 908 965 ex
946 940 1054 966 more
1089 923 1314 980 fidentium
1338 930 1415 973 du-

129 1011 220 1039 cum
234 1027 248 1049 ,
265 992 528 1048 juramento,
549 995 680 1054 quaeso
694 1028 707 1051 ‚
728 995 992 1039 concordiam
1014 996 1218 1055 spondete
1242 1002 1417 1060 mansu-

129 1084 218 1112 ram
237 1063 418 1122 &fidem
435 1099 450 1121 ‚
485 1083 649 1125 operam
674 1069 780 1111 milzi
797 1082 1004 1111 navaturo
1022 1068 1217 1125 sedulam
1239 1068 1281 1115 ἑὲ
1297 1074 1417 1132 soli..

128 1156 217 1187 tarn
238 1176 253 1196 ‚
281 1158 331 1184 ne
349 1142 449 1199 quid
462 1155 611 1201 agatur
632 1141 912 1201 inconsultum
935 1140 977 1188 Cr
995 1143 1120 1203 figfae
1135 1161 1155 1198 ,·
1180 1141 1222 1188 G*
1246 1151 1416 1205 produ-

129 1213 241 1258 ituro
256 1211 324 1274 ‚si
334 1215 425 1273 quis
439 1215 634 1274 exegerit,
653 1216 932 1273 incorruptam
950 1216 1237 1274 conscientiam
1257 1239 1386 1267 meam
1400 1257 1415 1280 ,

122 1280 243 1349 'quod
258 1287 370 1330 nilzil
383 1290 617 1342 voluntate,
630 1303 777 1346 praeter
802 1305 847 1331 ea
863 1321 876 1343 ,
900 1306 984 1347 quae
1005 1290 1051 1333 in
1076 1307 1288 1337 commune
1317 1313 1414 1340 con·

127 1362 316 1414 ducunt,
343 1358 562 1418 aggrediar
577 1376 653 1404 auc
684 1360 861 1404 tentabo.
894 1361 1011 1404 Illud
1028 1359 1136 1420 sane
1170 1366 1335 1430 obtestor
1371 1366 1415 1414 g.

133 1451 265 1494 rogo,
288 1434 515 1492 observate,
544 1451 593 1476 ne
629 1434 781 1490 impetu
813 1433 1023 1493 gliscentis
1057 1437 1262 1481 ardoris
1245 1458 1291 1482 tn
1318 1443 1438 1499 pri-¹

130 1522 319 1554 vatorum
356 1507 514 1550 damna
543 1505 760 1565 quisiluam
789 1505 956 1566 vestrum
992 1505 1188 1567 exsiliat:
1220 1511 1269 1555 id
1300 1515 1416 1573 cogi-

131 1594 258 1635 tanS,
291 1579 401 1638 quod
431 1579 548 1622 haud
582 1580 643 1622 ita
671 1594 749 1622 nos
780 1579 1042 1636 illustrarunt
1067 1582 1245 1639 lzostium
1282 1588 1417 1632 innu-

130 1668 245 1697 merae
266 1652 451 1716 strages,
483 1664 529 1694 ut
564 1650 820 1695 indemnitas
847 1655 1153 1711 provinciarum
1191 1654 1233 1701 δ’
1256 1659 1419 1721 sidus,

131 1724 333 1801 exemplis
367 1724 564 1768 virtutum
589 1727 853 1783 pervulgata.
887 1725 990 1770 Hoc
1022 1724 1224 1775 sermone
1268 1733 1417 1795 Impe-

131 1794 294 1843 ratoris
316 1792 417 1839 vice
439 1791 625 1854 alicujus
644 1794 818 1840 oraculi
840 1797 1174 1858 comprobato,
1210 1815 1334 1850 mota
1352 1804 1417 1852 est

131 1872 360 1922 incitatius
380 1873 529 1919 omnis
553 1873 752 1920 concio:
785 1875 833 1921 &
865 1891 1013 1922 rerum
1044 1878 1205 1939 cupida
1235 1898 1418 1930 novan-

131 1948 316 2003 darum,
334 1945 612 1992 unanimanti
641 1945 857 1992 consensu
892 1963 1033 1994 voces
1062 1950 1306 2001 horrendas
1331 1956 1419 2003 im-

132 2020 256 2068 mani
281 2019 508 2067 scutorum
531 2017 708 2082 fragore
726 2019 938 2066 miscebat
959 2057 972 2076 ,
993 2040 1201 2087 maguum
1224 2027 1418 2076 elatum-

135 2110 224 2157 que
259 2093 418 2139 ducem
437 2127 450 2148 ‚
477 2094 527 2139 ὃ(
546 2104 594 2138 ut
615 2101 797 2153 experta
831 2092 893 2138 est
909 2129 922 2151 ‚
944 2093 1223 2144 fortunatum
1257 2100 1419 2148 doma-

135 2178 283 2212 torem
311 2165 516 2230 gentium
539 2164 769 2227 appellans
802 2166 852 2212 &
884 2182 1051 2229 regum.
1087 2169 1282 2235 Juffique
1315 2176 1423 2221 uni-

136 2239 253 2288 verfi
274 2240 321 2285 in
345 2238 442 2300 ejus
470 2256 638 2286 nomen
673 2238 820 2298 jurare
841 2239 1121 2299 solemniter,
1144 2245 1300 2308 gladiis
1320 2265 1419 2296 cer-

136 2312 317 2359 vicibus
335 2312 422 2359 suis
441 2312 634 2359 admotis
653 2312 729 2358 sub
750 2311 1129 2363 exsecrationibus
1150 2319 1254 2365 diris
1275 2354 1289 2375 ‚
1312 2338 1420 2368 ver-

137 2385 207 2433 bis
230 2383 436 2446 juravere
458 2385 716 2449 conceptis,
733 2402 890 2431 omnes
912 2404 995 2449 pro
1021 2405 1077 2435 eo
1099 2391 1242 2448 casus,
1267 2396 1420 2456 quoad

137 2458 276 2504 vitam
309 2458 621 2520 profuderint,
656 2459 686 2505 fi
715 2460 760 2504 id
788 2461 1017 2509 neceffiras
1044 2465 1244 2528 exegerit
1264 2501 1277 2523 ‚
1314 2484 1420 2529 per-

137 2530 340 2580 laturos:
371 2549 470 2596 quae
500 2534 638 2581 secuti
672 2535 866 2580 ressores
885 2570 898 2593 ‚
921 2537 1166 2601 omnesque
1202 2539 1420 2604 principis

198 2610 419 2654 Ammian.
443 2609 682 2656 Marcellin.
712 2612 810 2656 Vol.
830 2610 868 2657 I.
1182 2610 1223 2655 R
