1626 2917
509 165 555 213 V
586 166 611 212 1
648 162 689 213 Ἰῗ*
716 166 774 215 Α,
1193 170 1312 214 xvii

37 289 88 326 ca
120 271 271 340 lingua
303 273 474 322 utendi.
518 274 693 321 Exinde
731 273 848 321 enim
885 275 1144 321 Graecarum
1176 275 1312 323 etiam

35 341 410 391 constitutionum
432 339 613 388 licentia
639 339 797 398 fluxit,
823 356 924 386 cum
952 352 1053 387 ante
1078 357 1180 387 eum
1206 358 1315 404 pau-⁵

37 418 111 455 cas
135 407 409 453 haberemus.

103 473 153 518 In
182 484 279 517 tota
307 483 453 516 autem
482 468 666 516 historia
698 468 846 515 noster
880 469 1075 531 prudens
1108 468 1167 515 est
1198 485 1314 516 con-

35 535 235 583 filiorum
280 534 541 598 indagator,
582 547 829 580 eventuum
873 534 1028 581 sollers
1072 547 1277 581 narrator
1298 569 1313 592 ‚,

37 617 155 663 quos
184 615 286 647 cum
315 599 455 647 veteri
481 599 664 645 historia
693 615 785 644 non
819 599 1092 645 inconcinne
1121 599 1317 646 confert-⁵

38 661 128 713 Res
150 667 339 712 urbanas
355 701 365 720 ‚
386 664 569 721 civiles,
589 663 850 710 domesticas
864 698 875 719 ‚
898 664 1192 727 palatinasque
1217 682 1320 726 pra-0

38 731 202 777 ‘vitates
236 743 370 792 atque
402 742 517 775 artes
549 728 728 792 attingit
763 730 952 785 eximie,
981 746 1036 774 ne
1063 731 1164 791 quis
1193 738 1318 791 putet

37 794 85 842 in
127 794 254 842 bellis
298 805 469 840 tantum
513 795 708 839 externis
746 792 986 838 scribendis
1026 794 1316 857 quorundam

38 876 167 906 more
188 875 368 920 operam
393 857 666 904 consumere.
692 857 801 903 Non
822 854 961 903 solum
983 859 1112 904 etiam
1136 860 1318 921 publica

41 923 131 970 fata
163 924 351 979 condit;
387 922 458 968 sed
493 922 736 968 multorum
774 921 1055 983 privatorum
1093 941 1319 970 memora-

42 989 153 1036 biles
183 1000 386 1034 eventus.
414 986 624 1048 Denique
653 987 830 1031 suorum
859 999 1112 1049 temporum
1144 1005 1322 1047 mores5,

43 1067 293 1116 eorumque
325 1051 470 1099 causas
500 1050 720 1113 proponit
749 1064 930 1113 aperte:
963 1064 1123 1115 atque,
1142 1066 1190 1100 ut
1211 1070 1321 1100 vere

45 1117 190 1165 dicam
206 1152 229 1174 ‚⁷
255 1132 390 1163 nemo
427 1117 580 1164 verius
613 1117 662 1163 ὅ(
698 1116 877 1162 liberius
912 1117 1203 1179 Principum,
1237 1119 1322 1165 Pa-

44 1179 286 1229 latinorum
301 1217 314 1239 ‚
346 1177 538 1227 militum
555 1218 569 1238 ‚
601 1181 872 1227 urbanorum
895 1217 905 1232 ,
938 1181 1178 1228 forensium
1198 1216 1211 1241 ‚
1231 1200 1323 1229 no-

43 1246 252 1303 bilitatis,
285 1243 424 1308 plebis
454 1246 562 1292 vitia
596 1247 646 1293 &
680 1245 884 1308 perversa
923 1247 1060 1293 studia
1099 1249 1319 1310 depinxite.

43 1311 207 1358 Praeter
235 1310 323 1372 jam
356 1324 552 1372 nar-rata,
578 1310 677 1356 sunt
708 1310 838 1356 etiam
868 1312 963 1358 haec
993 1310 1038 1357 in
1076 1314 1319 1360 Ammiano

45 1375 138 1423 fere
160 1375 402 1438 singularia.
426 1371 541 1421 Nam
564 1375 778 1420 librorum
810 1375 944 1422 initiis
974 1376 1149 1437 praefari
1176 1392 1320 1437 amat,

45 1441 181 1504 idque
208 1440 377 1502 praestat
404 1440 538 1485 Livio
562 1441 611 1486 &
636 1440 797 1485 Tacito
824 1439 1113 1502 frequentius.
1145 1443 1214 1489 Ad
1236 1461 1320 1489 an-3

47 1506 213 1551 nalium
249 1504 387 1567 legem
427 1520 520 1550 non
563 1503 605 1550 se
644 1503 906 1566 adstringit,
941 1521 1021 1551 nec
1064 1506 1320 1569 scrupulose

45 1584 191 1616 annos
219 1569 438 1632 sequitur3
467 1568 540 1614 sed
564 1568 724 1615 leviter
754 1569 925 1615 ratione
948 1582 1204 1631 temporum
1232 1574 1320 1620 ob-

46 1633 244 1692 servata,
264 1634 447 1695 carptim
464 1670 476 1690 ,
499 1645 550 1679 ut
577 1650 765 1697 quaeque
790 1635 1004 1681 memoria
1032 1636 1165 1699 digna
1192 1637 1321 1696 sunt,

45 1699 256 1760 explicat.
301 1698 453 1745 Utitur
484 1697 740 1761 frequenter
772 1699 933 1747 veteris
967 1700 1190 1758 historiae,
1222 1703 1318 1750 five

46 1765 247 1820 Graecae,
279 1763 372 1816 five
399 1762 567 1810 Latinae
589 1800 601 1820 ,
626 1764 871 1810 collatione
901 1783 912 1812 z
941 1782 1029 1828 qua
1063 1766 1107 1811 in
1144 1784 1190 1813 re
1221 1785 1321 1830 per-

47 1827 148 1875 cior
167 1828 228 1875 est
248 1844 304 1875 eo
327 1829 469 1876 Corn.
487 1829 691 1887 Tacitus⁹
710 1828 956 1876 sobrietatis
976 1830 1196 1878 historicae
1218 1834 1321 1879 cul-s

45 1903 122 1941 tor
150 1892 379 1940 maximus.
407 1893 539 1940 JaRat
566 1893 704 1956 saepe‚
731 1895 936 1959 historiam
960 1913 1043 1941 nott
1069 1900 1198 1943 decere
1215 1917 1319 1958 pro*

48 1961 146 2003 duci
158 1961 235 2019 per
252 1962 454 2005 minutias
472 1962 668 2022 ignobiles
688 1955 969 2020 &squalidas
990 1963 1185 2021 personas
1200 2000 1210 2015 ‚
1232 1965 1321 2023 aifi

46 2041 195 2069 currere
212 2039 288 2084 per
309 2027 565 2086 negotiorum
585 2025 839 2088 ceffitudines
863 2024 1059 2088 affueram
1079 2043 1096 2070 ς
1131 2045 1173 2070 in
1195 2028 1322 2088 quod

44 2098 194 2149 tamen
231 2087 394 2134 vitium
422 2089 660 2151 aliquando
684 2089 820 2135 nimia
849 2089 1015 2152 ingenii
1044 2091 1320 2154 indulgentia

48 2151 294 2207 delabitur3
316 2148 391 2199 vel
410 2168 501 2199 tum
531 2153 747 2211 maxime,
772 2171 872 2200 cum
898 2155 1101 2200 Graecam
1132 2155 1319 2219 diligen-

47 2216 176 2272 tiam,
193 2234 324 2280 quam
342 2217 415 2264 ille
435 2218 482 2264 in
499 2218 742 2281 Timagene
763 2218 964 2272 laudans,
985 2221 1154 2266 Graecis
1172 2223 1320 2269 omni-

46 2280 130 2327 bus
162 2282 343 2342 tribuit,
376 2277 503 2345 supra
528 2284 712 2329 modum
742 2282 925 2331 affeElat.
964 2289 1011 2330 ln
1045 2287 1321 2344 exceffhns„

49 2345 129 2410 qui
157 2347 324 2394 variam
357 2346 450 2410 ejus
483 2348 731 2395 doarinam
761 2363 981 2412 arguunt,
1012 2352 1060 2397 &
1091 2351 1321 2399 historiam

51 2426 300 2473 praeparant
332 2429 381 2459 ac
412 2413 650 2468 illustrant,
683 2413 891 2475 frequens
924 2414 1015 2461 est:
1048 2418 1169 2475 quod
1201 2416 1320 2465 forte

49 2485 253 2537 tempora
277 2477 348 2523 illa
373 2476 570 2524 ferebant
588 2491 598 2526 ξ
618 2479 686 2524 cui
712 2480 760 2525 ὃς
781 2479 951 2527 facilius
972 2496 1028 2527 eo
1051 2481 1234 2529 nomine
1253 2484 1322 2537 ms,

115 2545 332 2590 Ammian.
358 2544 595 2592 Marcellin.
624 2548 667 2592 V
666 2548 721 2591 ol,
739 2547 778 2592 J.
1036 2545 1065 2592 h
