1626 2917
196 94 255 141 68
409 90 749 138 AMMIANi
788 89 1274 136 MARCELLINI

250 215 324 254 suis
349 212 534 260 desertus,
557 214 591 252 ἃ
614 212 721 252 vivus
742 211 891 250 Valenti
916 211 1101 258 traditus,
1119 211 1244 262 capite
1268 217 1476 249 truncatur.

250 279 322 316 IX.
349 275 555 316 Marcellus
574 277 785 326 protector,
812 277 895 323 ejus
920 284 1124 324 cognatus,
1147 276 1183 313 Sc
1204 272 1316 312 multi
1334 273 1478 313 Proco-

249 343 453 392 pianarum
481 340 646 390 partium
671 337 861 389 supplicio
888 337 1021 387 capitis
1045 336 1187 377 affecti.
1210 341 1264 378 X.

197 554 228 603 1.
265 490 493 605 DICT
508 569 523 600 1
541 568 562 602 S
576 544 848 617 impensiore
866 567 970 599 cura
990 568 1140 598 rerum
1156 543 1388 600 ordinibus
1409 552 1483 598 ad·

199 627 337 689 usque
355 627 585 673 memoriae
600 624 796 673 confinia
816 623 1044 688 propioris
1061 660 1073 680 ‚
1091 637 1363 671 convenerat
1393 624 1481 685 jam

200 700 399 746 referrea
420 698 674 745 notioribus
695 698 851 760 pedem
865 733 878 754 ,
899 710 948 742 ut
967 698 1016 744 &
1033 697 1230 759 pericula
1252 698 1481 745 declinen-

199 784 271 819 tur
308 771 483 818 veritati
519 771 630 832 saepe
660 770 899 834 contigua,
932 771 980 817 &
1008 771 1337 818 examinatores
1369 786 1483 817 con-

201 845 383 892 texendi
408 844 564 902 operis
591 844 751 889 deinde
780 859 875 887 non
906 841 1177 904 perferamus
1205 841 1484 904 intempesti-

199 935 314 974 VOS,
335 917 578 979 strepentes
602 931 648 963 ut
671 915 823 972 laesos,
841 915 871 961 fi
887 917 1164 978 praeteritum
1184 917 1249 969 sit,
1269 915 1393 979 quod
1410 915 1484 960 lo-

201 1004 332 1038 cutus
345 991 406 1036 est
425 992 672 1051 Imperator
694 988 736 1033 in
761 1005 892 1034 coena
906 1024 919 1045 ,
941 988 1017 1034 vel
1034 989 1255 1044 omiffum,
1273 1005 1406 1050 quam
1422 988 1483 1033 ob

201 1064 375 1111 causam
396 1062 577 1126 gregarii
601 1060 763 1108 milites
785 1061 974 1107 coerciti
1001 1061 1100 1108 sunt
1126 1064 1245 1124 apud
1269 1062 1388 1123 signa
1403 1095 1415 1116 ‚
1434 1062 1484 1107 &

200 1138 327 1200 quod
360 1153 454 1182 non
483 1136 689 1182 decuerat
725 1134 771 1180 in
807 1134 1109 1197 descriptione
1144 1134 1382 1196 multiplici
1415 1150 1484 1180 re-

202 1208 422 1273 gionum,
443 1207 571 1269 super
589 1206 759 1269 exiguis
778 1205 899 1252 silere
919 1206 1104 1253 castellis
1122 1206 1358 1269 :quodque
1375 1223 1484 1253 cun-

203 1283 377 1327 &orum
415 1280 622 1334 nomina,
659 1278 736 1339 qui
773 1277 827 1323 ad
859 1278 1020 1324 urbani
1045 1277 1252 1340 praetoris
1282 1277 1485 1324 officium

203 1369 493 1409 convenere,
521 1368 614 1397 non
647 1349 746 1395 sunt
775 1350 1000 1411 expressa:
1032 1350 1081 1396 &
1110 1348 1265 1395 fimilia
1293 1348 1485 1411 plurima

199 1424 436 1488 praeceptis
462 1422 658 1470 historiae
679 1422 969 1480 dissonantia,
984 1421 1224 1469 discurrere
1245 1438 1325 1484 per
1342 1437 1486 1484 nego-

201 1498 370 1544 tiorum
407 1495 687 1542 celsitudines
714 1494 914 1552 affuetae,
949 1512 1044 1542 non
1069 1496 1304 1542 humilium
1334 1494 1486 1540 minu-

201 1571 282 1618 tias
300 1571 509 1633 indagare
532 1568 759 1615 causarum
775 1587 785 1615 ε
801 1586 911 1632 quas
933 1569 961 1615 fi
981 1569 1124 1616 scitari
1145 1569 1344 1616 voluerit
1364 1567 1485 1631 quis-

201 1644 321 1708 piam
336 1679 348 1701 ,
372 1641 606 1689 individua
636 1642 708 1688 illa
729 1642 995 1704 corpuscula
1026 1642 1263 1691 volitantia
1283 1661 1362 1706 per
1385 1643 1485 1689 ina-

203 1733 259 1762 ne
275 1751 289 1774 ,
308 1729 505 1771 atomos,
527 1728 575 1760 ut
590 1732 673 1761 nos
687 1710 983 1777 appellamus,
1002 1716 1223 1762 numerari
1243 1716 1366 1778 poffe
1386 1716 1483 1778 spe-

201 1791 331 1837 rabit.
368 1791 474 1836 Haec
497 1789 676 1852 quidam
699 1803 900 1838 veterum
924 1789 1235 1845 formidantes,
1256 1790 1484 1854 cognitio-

200 1879 280 1909 nes
302 1862 477 1907 aGuum
501 1862 734 1908 variorum
763 1862 866 1908 stilis
888 1862 1096 1909 uberibus
1122 1861 1365 1924 explicatas
1386 1877 1482 1910 non

201 1935 380 1980 edidere
419 1935 662 1996 superstites
678 1972 691 1991 ‚
731 1947 779 1981 ut
813 1935 859 1980 in
897 1935 1083 1998 quadam
1123 1937 1178 1982 ad
1215 1936 1482 1983 Cornelium

200 2009 427 2070 Nepotem
454 2008 638 2070 epistola
662 2005 838 2054 Tullius
865 2024 1046 2071 quoque
1069 2008 1185 2055 testis
1207 2011 1482 2057 reverendus

202 2080 404 2127 affirmat.
434 2081 626 2128 Proinde
648 2081 821 2129 inscitia
847 2084 1020 2147 vulgari
1050 2098 1276 2132 contemta
1293 2122 1306 2145 ‚
1327 2087 1381 2132 ad
1408 2103 1482 2133 re-

201 2151 325 2198 fidua
347 2155 562 2200 narranda
590 2171 836 2217 pergamus.
868 2158 962 2204 Hac
995 2157 1267 2204 volubilium
1301 2158 1481 2207 casuum

203 2224 380 2271 diritate
406 2227 529 2273 exitu
550 2228 753 2276 luchioso
773 2228 924 2287 finita,
947 2230 1162 2294 obituque
1189 2233 1480 2279 intervallato

203 2298 336 2346 brevi
356 2311 558 2361 tempore
579 2301 856 2364 Principum,
875 2317 1068 2365 corpore
1088 2318 1244 2351 curato
1266 2305 1479 2363 defunCri,

202 2373 422 2437 mistoque
456 2375 904 2440 Constantinopolim
922 2411 938 2434 ,
968 2390 1017 2425 ut
1039 2377 1477 2443 interAugustorum
