1626 2917
325 217 546 265 RERUM
578 216 919 265 GESTARUM
951 215 1055 264 LIB.
1091 216 1241 265 XXII.
1346 234 1435 281 327

147 324 244 374 sent
264 361 279 384 ‚
304 325 472 374 femina
491 326 649 375 callida
677 326 850 390 semper
871 326 917 374 in
938 326 1113 373 fraudes
1129 362 1143 384 ‚
1169 325 1439 374 solemnium

146 398 293 462 specie
317 398 527 447 feriarum
548 435 563 458 ,
591 399 745 446 iisdem
776 399 1024 461 publicanis
1045 399 1189 446 secum
1210 398 1264 445 ad
1286 398 1440 445 subur-

145 472 261 519 bana
292 471 517 536 perduffls
538 508 550 528 ,
584 489 700 535 opus
731 472 907 534 jufferat
930 472 1180 537 irrequietis
1207 472 1439 519 laboribus

145 544 479 593 consummari:
505 546 554 592 &
575 545 738 609 septem
759 546 912 592 diebus
933 547 1126 594 totidem
1148 545 1278 592 stadia
1293 583 1308 603 ‚
1334 562 1439 592 mo-

145 617 264 666 libus
293 617 417 681 jaffls
449 618 495 665 in
523 635 641 665 mare
663 654 677 677 ‚
711 618 810 664 solo
839 618 1166 683 propinquanti
1186 630 1314 665 terrae
1338 618 1441 665 sunt
1472 666 1484 674 ,

146 691 391 740 vindicata.
427 695 539 753 Quo
572 711 674 740 cum
711 693 924 740 vehiculo
958 693 1146 757 ingreffa
1169 728 1181 749 ,
1208 709 1353 740 errare
1377 693 1440 739 ait

146 766 354 814 Rhodios
372 803 386 826 ‚
416 767 689 825 insularum,
718 784 811 813 non
841 768 1116 814 continentis
1135 804 1148 824 ‚
1180 767 1439 829 portorium

144 839 406 904 flagitantes.
437 841 517 888 His
554 841 774 889 accedunt
800 841 898 888 altis
928 840 1094 888 sublata
1122 841 1301 905 fastigiis
1321 854 1439 889 tem·

142 914 218 976 pla
237 933 247 961 :
268 914 384 962 inter
402 932 500 979 quae
517 914 684 961 eminet
702 916 961 977 Serapeum,
984 915 1109 978 quod
1133 915 1238 961 licet
1267 915 1441 961 minua-

145 999 220 1032 tur
255 988 455 1034 exilitate
481 989 763 1044 verborum‚
799 988 922 1035 atriis
959 1002 1106 1034 tamen
1146 988 1442 1035 columnariis

145 1058 452 1119 ampliffimis,
481 1060 532 1107 &
559 1060 824 1121 spirantibus
858 1061 1086 1123 fignorum
1113 1060 1336 1124 figmentis
1355 1097 1370 1118 ,
1392 1064 1443 1108 ὃ(

145 1129 319 1193 reliqua
341 1146 531 1192 operum
563 1131 851 1178 multitudine
881 1131 942 1178 ita
974 1132 1034 1179 est
1066 1143 1335 1178 exornatum
1357 1168 1370 1190 ‚
1390 1143 1443 1179 ut

146 1203 249 1266 post
280 1205 559 1267 Capitolium
578 1242 590 1263 ,
610 1222 704 1269 quo
723 1206 766 1253 se
784 1207 1053 1255 venerabilis
1078 1197 1227 1254 Roma
1246 1207 1293 1253 in
1314 1219 1444 1252 aeter-

146 1294 257 1324 num
279 1279 446 1326 attollit
464 1314 480 1339 ‚
507 1279 619 1326 nihil
647 1280 771 1327 orbis
803 1293 1023 1328 terrarum
1043 1280 1323 1327 ambitiosius
1349 1298 1444 1327 cer-

147 1364 239 1398 nat.
266 1355 314 1398 In
346 1369 442 1417 quo
469 1353 758 1401 bibliothecae
784 1353 967 1400 fiierunt
994 1353 1320 1401 inaestimabiles
1345 1372 1355 1400 ε
1390 1356 1442 1403 &

144 1423 352 1488 loquitur
380 1439 783 1474 monumentorum
804 1439 1012 1474 veterum
1033 1428 1281 1475 concinens
1302 1427 1409 1474 fides
1424 1463 1440 1484 ,

148 1495 426 1562 septingenta
460 1499 750 1546 voluminum
786 1499 953 1555 millia,
978 1500 1232 1547 Ptolemaeis
1264 1500 1442 1564 regibus

148 1569 318 1633 vigiliis
340 1570 525 1617 intentis
548 1569 820 1632 composita,
840 1570 960 1616 bello
982 1570 1312 1627 Alexandrini),
1335 1570 1442 1616 dum

147 1643 358 1707 diripitur
388 1644 550 1692 civitas
585 1644 664 1690 sub
693 1644 907 1690 diElatore
938 1642 1139 1699 Caesare,
1166 1643 1442 1707 conflagras-

148 1716 208 1765 se.
248 1719 467 1781 Canopus
498 1716 602 1764 inde
640 1716 915 1764 duodecimo
951 1715 1219 1779 disjungitur
1262 1716 1442 1779 lapidet

147 1807 282 1855 quem
302 1827 317 1851 ‚
334 1803 384 1838 ut
400 1791 556 1855 priscae
575 1791 810 1838 memoriae
832 1791 1042 1848 tradunt,
1063 1789 1255 1837 Menelai
1273 1791 1441 1853 guber-

148 1858 284 1914 nator
313 1865 511 1930 sepultus
538 1865 601 1913 ibi
631 1865 994 1930 cognominavit.
1020 1864 1242 1911 HaClenus
1261 1864 1441 1927 impen-

147 1940 228 1987 dio
254 1941 386 1988 locus
419 1943 468 1990 &
503 1940 764 1989 diversoriis
792 1939 906 1987 laetis
934 1938 1203 1995 exstruffirs,
1236 1937 1355 1984 auris
1391 1940 1442 1987 ὅτ.

146 2012 326 2062 salutari
350 2026 710 2079 temperamento
729 2012 993 2077 perflabilis:
1012 2012 1072 2059 ita
1090 2024 1140 2059 ut
1158 2024 1282 2059 extra
1307 2029 1441 2058 mun-

149 2087 256 2135 dum
285 2088 489 2137 nostrum
518 2089 686 2137 morari
718 2088 760 2136 se
784 2088 1014 2152 quisquam
1049 2087 1288 2133 arbitretur
1318 2086 1363 2133 in
1387 2086 1442 2133 il-

147 2158 204 2206 lis
239 2157 450 2209 traffibus
481 2178 646 2226 agens,
683 2177 784 2208 cum
817 2159 931 2222 saepe
964 2157 1117 2220 aprico
1155 2157 1312 2220 spiritu
1351 2157 1441 2204 im·-

148 2245 479 2281 murmurantes
508 2232 701 2281 audierit
726 2243 905 2279 ventos.
939 2230 1023 2276 Sed
1056 2229 1324 2276 Alexandria
1346 2229 1440 2292 ipsa

150 2320 248 2350 non
275 2303 460 2364 senfim,
486 2317 539 2352 ut
571 2305 670 2352 aliae
699 2304 860 2360 urbes,
894 2301 966 2349 sed
992 2300 1108 2349 inter
1135 2302 1262 2349 initia
1293 2302 1438 2365 prima

149 2378 277 2426 aneta
306 2396 386 2442 per
414 2379 632 2443 spatiosos
662 2378 883 2436 ambitus,
902 2375 1176 2441 internisque
1201 2375 1438 2422 seditioni·-

149 2451 233 2498 bus
274 2451 352 2499 diu
385 2451 536 2515 aspere
569 2451 778 2516 fatigata,
813 2451 869 2498 ad
896 2450 1106 2497 ultimum
1140 2448 1292 2496 multis
1336 2447 1439 2509 post

149 2522 280 2571 annis
320 2524 569 2573 Aureliano
608 2524 846 2589 imperium
879 2536 1069 2589 agente,
1100 2522 1310 2571 civilibus
1347 2520 1439 2584 jur-

1055 2597 1166 2656 X4
