1626 2917
251 206 312 237 20
443 188 789 235 AMMl-ANI
839 186 1340 234 MARCELLINI

248 301 375 347 leves
394 310 659 355 armaturas,
682 295 781 359 post
799 294 1091 356 jaculatores,
1114 295 1380 359 ultimasque
1401 295 1533 343 subfi-

249 372 386 419 diales
403 371 545 428 acies,
566 370 596 415 si
618 369 713 416 fors
730 368 949 431 adegerit,
966 368 1192 415 invasuras
1208 385 1218 413 :
1237 369 1298 416 ita
1319 370 1536 432 praeposi-

249 447 307 494 tis
327 447 512 494 urbanae
542 443 721 491 familiae
745 443 961 506 suspensae
992 443 1296 506 digerentibus
1323 443 1536 504 sollicite,

249 535 370 584 quos
402 518 591 579 insignes
624 515 796 563 faciunt
827 515 968 579 virgae
997 516 1165 563 dextris
1193 528 1382 580 aptatae,
1412 517 1538 565 velut
1601 531 1609 550 2

249 592 404 639 tess'era
423 591 522 636 data
552 589 779 646 castrensi,
798 588 923 649 juxta
951 589 1152 637 vehiculi
1173 589 1369 637 frontem
1398 607 1536 639 omne
1589 607 1593 609 ·

248 664 497 711 textrinum
526 663 725 711 incedit:
752 663 858 710 huic
880 675 1071 710 atratum
1093 664 1304 728 coquinae
1333 663 1537 729 adjungi-

248 748 322 781 tur
357 733 678 790 ministerium,
715 734 878 780 deinde
913 746 1062 781 totum
1103 734 1356 795 promiscue
1392 735 1538 784 servi-

247 808 360 855 tium
378 843 391 865 ,
417 825 518 854 curn
537 807 695 855 otiofis
713 806 898 869 plebeiis
919 807 973 853 de
1003 806 1238 854 vicinitate
1258 806 1540 868 conjtinffis:
1583 871 1586 874 Ι

248 881 477 946 postrema
497 877 743 929 multitudo
765 881 1041 944 spadonum,
1060 898 1085 927 a
1105 879 1278 928 senibus
1298 881 1344 927 in
1372 899 1540 944 pueros

247 955 450 1002 desinens
463 992 475 1012 ,
490 954 692 1001 obluridi
704 954 1003 1017 ,distortaque
1021 949 1396 1001 lineamentorum
1412 971 1539 1002 com-
1616 1018 1619 1020 Ι

248 1046 360 1093 page
377 1028 602 1076 deformes
620 1046 632 1074 ε
651 1043 700 1075 ut
721 1045 898 1093 quaqua
918 1028 1142 1076 incefferit
1161 1028 1395 1093 quisquam
1408 1065 1422 1087 ‚
1438 1046 1538 1076 cer-
1578 1020 1590 1080 ‚i

248 1120 360 1150 nens
390 1102 654 1150 mutilorum
686 1102 926 1149 hominurn
959 1101 1157 1164 agmina,
1182 1101 1421 1161 detestetur
1446 1118 1538 1149 me·
1610 1099 1614 1102 ’

249 1176 442 1224 moriam
463 1175 766 1223 Semiramidis
789 1176 956 1239 reginae
986 1175 1105 1221 illius
1136 1174 1300 1221 veteris
1315 1209 1327 1231 ,
1346 1191 1447 1237 quae
1471 1186 1539 1221 te-

248 1267 386 1297 neros
421 1266 564 1296 mares
595 1249 803 1297 castravit
838 1250 1045 1297 omnium
1083 1249 1252 1311 prima,
1282 1248 1409 1296 velut
1443 1248 1564 1296 vim·

249 1323 465 1384 injectans
509 1337 705 1379 naturae,
743 1324 1020 1387 eandemque
1056 1323 1113 1370 ab
1158 1322 1362 1381 instituto
1405 1321 1538 1369 cursu
1581 1375 1583 1383 Ι

247 1411 542 1460 retorquens,
564 1412 664 1460 quae
693 1395 810 1442 inter
829 1396 922 1459 ipsa
951 1395 1132 1443 oriundi
1157 1396 1428 1459 crepundia,
1457 1413 1538 1458 per

246 1470 544 1535 primigenios
563 1469 739 1516 seminis
758 1469 934 1528 fontes,
955 1470 1090 1517 tacita
1112 1469 1452 1538 quodammodo
1470 1469 1537 1516 le-

247 1562 327 1609 ge,
364 1544 462 1590 vias
499 1543 802 1606 propagandae
841 1542 1108 1605 posteritatis
1144 1541 1354 1588 ostendit.
1392 1541 1538 1602 Quod

248 1632 353 1662 cum
380 1613 442 1660 ita
463 1613 539 1671 fit,
560 1630 714 1675 paucae
735 1614 897 1660 domus
922 1613 1168 1660 studiorum
1194 1612 1314 1660 seriis
1343 1613 1539 1660 cultibus
1577 1642 1579 1644 -

249 1698 380 1734 antea
410 1686 670 1742 celebratae,
703 1703 826 1733 nunc
856 1686 1058 1733 ludibriis
1088 1685 1285 1750 ignaviae
1313 1685 1538 1749 torpentis

248 1758 505 1815 exundant,
528 1757 680 1804 vocali
701 1757 843 1817 sono,
864 1758 1084 1822 perflabili
1104 1757 1270 1805 tinnitu
1289 1756 1443 1805 fidium
1466 1775 1539 1806 re-
1572 1773 1573 1776 ’
1619 1774 1621 1778 ·

247 1831 473 1878 sultantes.
508 1831 723 1895 Denique
757 1848 843 1893 pro
879 1830 1454 1895 philosopho-cantorr&
1488 1831 1536 1878 in
1570 1835 1575 1889 'y

248 1907 403 1952 locum
431 1903 627 1950 oratoris
658 1904 819 1950 doctor
840 1904 1002 1950 artium
1032 1903 1304 1951 ludicrarum
1334 1903 1536 1952 accitur:
1568 1955 1571 1959 ⁷

248 1979 300 2025 &
320 1975 606 2023 bibliothecis
633 1975 941 2039 sepulcrorum
961 1977 1049 2023 ritu
1066 1975 1112 2022 in
1133 1988 1397 2040 perpetuum
1416 1976 1549 2024 clau--

248 2049 302 2096 {is
318 2084 331 2106 ‚
360 2065 531 2112 organa
556 2047 828 2095 fabricantur
847 2049 1112 2113 hydraulica
1126 2085 1140 2107 ,
1159 2050 1208 2096 &
1231 2049 1342 2114 lyrae
1361 2049 1418 2096 ad
1436 2048 1538 2111 spe·
1598 2101 1604 2105 ‚

247 2124 364 2172 ciem
388 2136 708 2187 carpentorum
728 2123 958 2187 ingentes,
978 2124 1190 2188 tibiaeque
1214 2127 1263 2172 ὅ(
1287 2123 1538 2172 histrionici
1565 2131 1567 2134 ⁴

248 2197 394 2260 gestus
423 2197 715 2244 iustrumenta
733 2213 830 2244 non
852 2197 987 2244 levia.
1020 2198 1251 2244 Postremo
1277 2198 1331 2243 ad
1353 2197 1398 2243 id
1414 2191 1549 2242 indi-'
1582 2223 1584 2226 >

247 2270 431 2332 gnitatis
451 2270 512 2317 est
537 2283 753 2327 ventum,
774 2282 824 2316 ut
852 2286 953 2317 cum
985 2269 1206 2333 peregrini
1225 2269 1287 2316 ob
1316 2268 1535 2316 formida·
1587 2330 1590 2334 ἢ

249 2356 339 2390 tam
357 2344 473 2407 haud
490 2344 549 2391 ita
569 2344 738 2391 dudum
750 2344 1075 2391 alimentorum
1096 2343 1296 2408 inopiam
1317 2343 1536 2406 pelleren-
1554 2345 1559 2367 ²
1584 2343 1587 2352 ¹

249 2429 322 2463 tur
353 2418 408 2464 ab
439 2417 547 2463 urbe
580 2417 858 2480 praecipites3
886 2417 1173 2465 sectatoribus
1199 2411 1561 2483 disciplinarum'·¹
1598 2416 1599 2420 ’

248 2489 502 2539 liberalium
536 2490 768 2556 impendio
808 2490 960 2555 paucis
994 2490 1080 2540 fine
1116 2491 1409 2555 respiratione
1444 2490 1547 2554 ulla¹
1573 2507 1583 2534 a
