1626 2917
246 190 334 233 ψ
440 147 1309 220 AMM1AN1MARCELL1N1

239 281 494 344 privignam
526 278 728 341 Anepsiae
754 276 884 324 filiam
916 279 1025 341 petit
1047 278 1141 326 silio
1168 279 1434 345 conjugem:
1458 276 1523 327 id·

239 372 327 417 que
356 353 612 400 assentiente
643 353 828 399 muliere
865 365 1041 415 promte
1077 353 1296 401 firmatum
1336 355 1408 402 est.
1443 357 1523 401 Per

239 429 336 474 haec
367 428 416 475 ὃ(
450 426 533 472 alia
566 426 693 471 simili
720 442 919 472 moerore
947 426 1147 473 deflenda
1170 463 1182 483 ‚
1203 437 1302 490 quae
1333 429 1523 475 decolo-

239 501 397 548 rabant
429 500 616 562 speciem
639 499 760 544 urbis
793 512 998 557 aeternae,
1025 500 1292 562 grassabatur
1319 518 1397 564 per
1420 501 1525 548 stra·

238 590 314 640 ges
347 574 616 636 multiplices
646 570 930 619 fortunarum
949 574 1089 619 homo
1113 591 1214 622 cum
1247 576 1411 640 gemitu
1443 592 1525 622 no·

239 649 506 705 minandus,
532 646 643 693 ultra
665 646 862 693 forenses
881 648 1096 693 terminos
1120 647 1251 695 semet
1276 661 1525 695 extentans.

240 724 446 785 Namque
467 722 515 767 &
537 719 780 767 resticulam
805 720 857 765 de
888 718 1073 767 fenestra
1103 722 1301 783 praetorii
1335 723 1524 786 quadam

238 809 414 842 remota
447 794 608 841 dicitur
644 791 814 855 semper
849 792 1040 839 habuisse
1079 793 1323 856 suspensam
1347 831 1361 852 ,
1399 795 1526 854 cujus

240 869 468 916 summitas
506 867 708 931 quaedam
740 866 866 912 velut
905 866 1047 913 clausa
1091 867 1357 930 colligaret,
1394 867 1528 914 nullis

241 941 423 1004 quidem
455 939 634 986 indiciis
661 937 772 984 fulta
791 974 801 992 ,
821 937 893 984 sed
914 939 1119 985 nocitura
1147 939 1398 986 insontibus
1421 939 1529 985 mul·

242 1014 297 1058 tis
319 1031 329 1058 :
355 1014 402 1058 &
422 1010 680 1057 Mucianum
702 1008 1032 1071 Barbarumque
1056 1011 1332 1072 apparitores
1354 1011 1527 1074 aliquo-

242 1089 326 1134 ties
359 1086 580 1132 discretim
619 1086 737 1130 trudi
779 1084 957 1143 jubebat
981 1119 993 1141 ‚
1025 1085 1078 1129 ad
1109 1085 1345 1132 fallendum
1392 1085 1526 1147 aptis·

242 1159 393 1205 simos.
416 1158 475 1204 Hi
497 1169 709 1219 tanquam
731 1156 939 1217 ejulando
963 1155 1109 1212 casus,
1135 1157 1295 1219 quibus
1321 1156 1361 1202 se
1391 1157 1527 1202 simu-

241 1232 392 1278 labant
411 1231 640 1294 oppressos
656 1265 669 1284 ‚
688 1229 848 1290 judicis
869 1230 1180 1292 exaggerando
1204 1230 1526 1285 crudelitatem,

243 1302 488 1351 remedium
519 1303 689 1347 nullum
719 1301 839 1347 aliud
870 1301 955 1347 reis
986 1301 1038 1346 ad
1069 1301 1357 1348 obtinendam
1389 1302 1527 1348 vitam

244 1374 459 1437 superesse
487 1375 638 1420 eadem
678 1372 936 1436 replicando
965 1371 1076 1432 saepe
1114 1371 1451 1429 asseverabant,
1482 1371 1528 1418 ni

245 1445 509 1494 criminibus
545 1445 714 1507 magnis
748 1443 951 1507 petissent
974 1443 1148 1490 nobiles
1171 1443 1296 1490 viros
1327 1461 1337 1489 =
1367 1444 1527 1508 quibus

246 1520 302 1565 ad
325 1517 387 1564 sui
411 1517 667 1564 societatem
704 1516 890 1563 annexis
911 1551 924 1575 ‚
945 1515 1075 1562 facile
1104 1532 1182 1562 eos
1210 1516 1383 1562 absolvi
1406 1517 1528 1579 posse

245 1591 496 1638 firmabant.
537 1590 614 1636 Ob
645 1606 746 1653 quae
783 1589 1147 1651 implacabilitate
1183 1590 1298 1635 ultra
1331 1590 1531 1652 apposita

239 1657 334 1728 'jam
363 1676 575 1727 pergente
595 1699 608 1721 ,
636 1679 791 1710 manus
813 1661 973 1710 vinclis
1003 1662 1100 1708 sunt
1122 1664 1295 1709 arE’tatae
1316 1663 1529 1725 complu·-

248 1742 364 1786 rium
386 1755 614 1801 :ortuque
641 1737 816 1784 nobiles
842 1736 1000 1783 inculti
1030 1737 1297 1784 videbantur
1319 1739 1366 1784 δέ
1394 1736 1531 1783 anxii.

248 1812 345 1860 Nec
372 1829 528 1858 eorum
552 1811 722 1874 culpari
750 1811 977 1874 quisquam
1010 1811 1187 1867 debuit,
1209 1829 1310 1857 cum
1345 1811 1531 1856 salutan-

248 1896 315 1933 tes
333 1886 519 1932 humum
541 1902 668 1948 paene
686 1885 880 1932 curvatis
907 1884 1270 1948 contingentibus
1296 1883 1531 1939 membris,

252 1957 446 2022 persaepe
474 1956 740 2004 clamantem
775 1956 979 2003 audirent
1014 1957 1187 2018 spiritus
1224 1955 1354 2001 ferini
1390 1956 1531 2000 latro-

255 2047 356 2076 nem
383 2066 396 2087 ‚
428 2031 599 2077 nullum
638 2030 678 2075 se
712 2030 862 2075 invito
900 2030 1085 2092 reperiri
1132 2028 1253 2091 posse
1296 2027 1531 2075 insontem.

251 2103 371 2162 Quae
389 2104 525 2149 verba
549 2101 721 2148 effectui
747 2118 935 2164 propere
969 2102 1114 2161 juncta
1136 2101 1387 2146 terruissent
1420 2116 1531 2162 pro-

251 2174 369 2221 fecto
401 2177 562 2222 Numae
591 2175 801 2238 Pompilii
827 2176 983 2221 similes
1017 2176 1065 2221 ὃ(
1084 2175 1326 2220 Catonum.
1350 2173 1530 2221 I'rorsus

250 2249 370 2294 cuim
393 2249 450 2294 sic
473 2248 711 2311 agebatur,
732 2262 781 2294 ut
805 2265 887 2296 nec
912 2249 956 2294 in
989 2247 1142 2294 alienis
1174 2247 1297 2292 malis
1329 2263 1531 2308 quorun-

194 2337 197 2339 *
253 2324 354 2369 dam
382 2324 687 2370 exarescerent
712 2323 905 2371 lacrimae
928 2341 937 2370 :
963 2323 1088 2385 quod
1110 2321 1154 2367 in
1184 2321 1318 2367 variis
1346 2321 1394 2365 &
1420 2335 1530 2364 con·

259 2395 436 2458 fragosis
465 2396 628 2441 auibus
665 2397 769 2442 vitae
799 2397 1058 2458 plerumque
1093 2393 1330 2456 contingit.
1364 2392 1399 2438 Α
1434 2391 1529 2451 jure

255 2481 404 2515 tamen
435 2466 685 2531 justitiaque
717 2470 876 2516 crebro
914 2466 1139 2518 discedens
1173 2465 1340 2514 ferreus
1370 2463 1530 2526 cogni,
