1626 2917
218 135 314 178 224
430 118 767 165 AMMIANI
815 117 1290 166 MARCELMNI

218 225 319 272 sunt
353 225 482 272 rudes
518 224 758 282 nonnulli,
791 237 840 270 ut
874 241 1101 287 nunquam
1138 224 1180 271 se
1213 224 1393 272 codices
1424 224 1505 272 bai

217 298 357 345 buiffe
388 296 688 343 meminerint.
724 299 777 342 Et
808 296 839 342 fi
872 296 918 342 in
953 297 1126 343 circulo
1158 297 1394 345 doklorum
1423 315 1505 344 au-

221 371 355 418 &oris
394 370 559 416 veteris
595 369 804 416 inciderit
846 386 1046 427 nomen,
1081 369 1211 432 piscis
1253 384 1328 418 aut
1366 369 1506 418 edulii

220 441 502 505 peregrinum
540 440 623 487 effe
662 440 935 488 vocabulum
974 441 1281 488 arbitrantur:
1317 442 1348 488 fi
1389 457 1506 488 vero

220 514 394 560 advena
419 512 649 576 quisquam
682 512 936 559 inusitatum
966 511 1045 559 fibi
1073 527 1201 560 antea
1225 514 1507 561 Marcianum

221 587 370 633 verbo
397 601 525 635 tenus
549 587 768 650 quaesierit
797 600 1023 633 oratorem
1041 622 1054 644 ‚
1081 604 1239 634 omnes
1271 587 1510 635 confestim

222 660 483 706 Marcianos
517 659 728 721 appellari
750 658 791 705 se
824 658 1012 722 fingunt.
1045 660 1139 706 Nec
1168 659 1255 719 jam
1287 659 1350 707 fas
1368 661 1510 706 ullum

222 749 316 795 prae
347 732 494 778 oculis
525 731 719 778 habent:
744 732 816 779 sed
846 745 1058 796 tanquam
1090 734 1291 780 avaritiae
1313 751 1511 781 venum·

224 806 314 851 <lati
335 808 382 852 &
412 804 609 867 usucapti
625 841 639 863 ‚
660 806 770 852 nihil
794 822 953 868 praeter
976 808 1306 854 interminatam
1326 805 1508 871 petendi

224 879 453 926 licentiam
480 891 664 926 norunt.
698 880 803 926 Etsi
835 897 968 943 quem
1000 881 1130 927 semel
1160 881 1275 928 intra
1305 883 1417 930 retia
1436 898 1512 930 ce·

222 952 404 1016 perint,
433 951 617 998 caffibus
649 953 771 998 mille
804 952 1098 1015 impedicant,
1130 971 1208 1016 per
1240 958 1511 1002 morborum

223 1024 554 1072 iimulationem
597 1026 786 1072 viciffim
825 1027 1034 1073 consulto
1083 1028 1292 1076 cessantes
1326 1047 1337 1076 :
1373 1042 1512 1091 utque

227 1096 482 1161 pervulgati
501 1095 609 1157 juris
632 1097 887 1159 proferatur
906 1098 1038 1146 lectio
1059 1116 1196 1159 vana,
1217 1101 1382 1164 septem
1402 1118 1513 1148 ven·

225 1169 384 1215 dibiles
422 1169 634 1215 introitus
677 1182 957 1231 praeparant,
994 1171 1261 1219 dilationum
1305 1174 1514 1220 examina

225 1242 479 1305 longissima
510 1254 816 1288 contexentes.
852 1245 905 1288 Et
931 1260 1035 1290 cum
1067 1246 1241 1292 nudatis
1271 1246 1515 1310 litigatori-

228 1318 311 1363 bus
334 1315 424 1361 dies
445 1314 647 1361 cefferint
663 1351 677 1372 ,
698 1317 746 1362 δε
773 1315 942 1362 menses
960 1353 974 1373 ‚
993 1319 1042 1364 &
1071 1317 1207 1374 anni,
1226 1319 1401 1365 tandem
1431 1320 1517 1366 ob-

229 1391 335 1437 trita
362 1388 578 1436 vetustate
610 1389 921 1436 controversia
948 1388 1194 1437 intromissa
1212 1426 1224 1443 ‚
1254 1391 1342 1454 ipsa
1371 1391 1517 1454 capita

228 1462 480 1526 splendoris
506 1462 690 1525 ingreffa
716 1462 800 1508 alia
841 1462 989 1509 secum
1022 1463 1356 1511 advocatorum
1389 1464 1520 1511 fimu-

231 1536 353 1582 lacra
388 1535 621 1582 inducunt.
658 1536 869 1599 Cumque
902 1535 1018 1583 intra
1052 1537 1356 1600 cancellorum
1376 1555 1519 1585 vene-

230 1610 324 1655 rint
358 1608 511 1670 septa,
547 1610 598 1655 &
631 1608 699 1672 agi
737 1609 960 1671 coeperint
993 1609 1182 1671 alicujus
1216 1610 1409 1658 fortunae
1446 1610 1519 1658 vel

232 1681 348 1729 salus
362 1717 374 1739 ‚
393 1694 526 1745 atque
544 1681 737 1729 laborari
757 1684 914 1730 debeat
931 1720 945 1743 ,
964 1696 1015 1730 ut
1041 1685 1096 1730 ab
1127 1683 1301 1732 insonte
1319 1685 1487 1749 gladius
1503 1719 1520 1743 ,

232 1757 312 1802 vel
361 1756 616 1804 calamitosa
663 1756 927 1805 detrimenta
969 1758 1222 1819 pellantur,
1266 1758 1519 1821 corrugatis

235 1830 342 1876 hinc
370 1830 471 1876 inde
504 1828 755 1885 frontibus,
790 1830 1070 1894 brachiisque
1101 1829 1366 1877 histrionico
1395 1829 1520 1894 gestu

234 1902 467 1957 formatis,
487 1914 537 1948 ut
565 1902 860 1950 concionaria
886 1903 1081 1950 Gracchi
1105 1901 1245 1948 fistula
1269 1901 1367 1963 post
1396 1901 1523 1948 occi-

234 1976 395 2040 pitium
432 1975 566 2034 desit,
597 1975 852 2023 consistitur
893 1976 1150 2024 altrinsecus
1182 1975 1285 2021 diu:
1320 1975 1523 2021 tandem·

239 2065 327 2111 que
353 2064 408 2093 ex
442 2048 752 2109 praemeditato
773 2048 1002 2107 colludio,
1025 2067 1104 2112 per
1123 2066 1251 2105 eum,
1279 2049 1358 2111 qui
1388 2049 1448 2095 est
1472 2047 1521 2094 in

238 2122 379 2169 verba
398 2120 636 2178 fidentior,
654 2121 788 2168 suave
804 2124 1029 2186 quoddam
1051 2123 1321 2184 principium
1344 2122 1523 2170 dicendi

237 2193 479 2249 exseritur,
500 2194 784 2241 Cluentianae
819 2195 893 2240 vel
921 2212 1004 2257 pro
1026 2195 1319 2258 Ctesiphonte
1345 2195 1522 2242 oratio-

237 2284 347 2313 num
368 2266 528 2312 aemula
549 2280 812 2314 ornamenta
841 2268 1107 2331 promittens
1129 2285 1139 2313 :
1163 2269 1210 2314 &
1230 2269 1276 2313 in
1294 2285 1389 2315 eam
1410 2285 1522 2314 con-

241 2339 486 2388 clufionem
507 2376 520 2398 ,
551 2342 721 2388 ςυηὲὶὶς
755 2340 887 2388 finem
919 2342 1226 2404 cupientibus,
1257 2342 1440 2397 desinit,
1474 2352 1524 2387 ut

244 2413 447 2461 nondum
486 2413 528 2461 se
569 2415 752 2478 patroni
785 2416 884 2480 post
918 2415 1107 2480 speciem
1146 2415 1236 2464 litis
1279 2415 1522 2464 triennium
