1626 2917
257 149 475 209 RERUM
509 133 844 209 GESTARUM
878 161 982 208 ΜΒ.
1016 159 1197 206 xxix,
1285 176 1370 222 199

101 271 418 326 Mazucamun,
442 268 608 319 exustis
644 268 940 315 desertoribus
976 266 1155 331 paucis,
1185 266 1370 332 aliisque

99 341 154 387 ad
180 341 507 405 sagittariorum
533 341 807 404 exemplum,
829 340 988 404 quibus
1017 358 1171 387 manus
1188 339 1373 387 ademtae

103 413 225 471 sunt3
249 415 582 473 contruncatis,
608 415 815 478 Tipatam
849 413 995 461 mense
1023 413 1261 460 Februario
1290 429 1372 460 ve·-

102 487 181 534 nit.
215 488 306 534 Ubi
336 488 498 534 diutius
533 504 689 551 agens,
715 503 767 534 ut
798 487 1003 550 antiquus
1037 486 1109 533 ille
1140 486 1373 534 cunctator

102 560 390 623 pro-negotio
412 558 688 607 consultabat
703 594 717 614 ,
739 559 1004 606 commentis
1028 559 1177 622 potius
1198 559 1248 605 δέ
1266 573 1375 621 pru-

102 634 274 692 dentia,
300 650 432 695 quam
459 633 719 696 periculofis
743 633 1069 696 congreflibus,
1089 631 1260 679 hostem
1289 650 1374 696 pu-

100 712 284 770 gnacem
305 708 354 754 &
376 706 700 770 impetrabilem
727 705 843 768 jactu
869 706 1063 753 telorum
1079 742 1092 764 ‚
1118 705 1150 751 fi
1171 705 1265 752 fors
1293 722 1374 752 co-

100 783 217 845 piam
244 781 435 839 dederit,
468 780 771 844 oppress'urus.
807 779 1014 826 Mittebat
1039 791 1185 825 tamen
1212 779 1376 825 affidue

99 855 309 902 suadendi
347 855 560 918 quosdam
599 854 767 919 peritos
802 854 855 900 ad
890 866 1039 916 gentes
1075 846 1374 910 circumfit35‚

99 927 305 986 Baiuras,
324 925 674 978 Cantaurianos,
693 924 1026 981 Avastomates,
1047 919 1260 980 Cafaves,
1281 925 1375 970 Da-

101 997 343 1061 varesque‚
376 999 425 1045 &
456 997 675 1044 finitimos
708 996 844 1054 alios,
877 1014 995 1043 nunc
1031 996 1222 1079 timore,
1254 1013 1375 1043 nunc

101 1072 290 1132 nummis
309 1089 387 1119 eos
414 1072 469 1118 ad
480 1070 740 1118 societatem
759 1069 986 1127 alliciens,
1009 1054 1276 1133 veniamque
1296 1088 1378 1132 pe·

101 1145 298 1192 tulantiae
308 1144 541 1191 interdum
566 1142 904 1206 promittendo,
934 1160 1033 1190 cum
1101 1147 1125 1168 ⁴*
1192 1146 1216 1167 ’ἕ
1283 1143 1376 1187 tul-

101 1215 248 1262 torius
264 1213 355 1278 'per
376 1214 593 1278 ambages
629 1215 678 1261 &
710 1229 858 1259 moras
889 1212 1060 1258 hostem
1099 1197 1373 1275 frangentem

101 1289 202 1334 suos
229 1288 422 1350 impetus
457 1285 762 1349 oppreffurm,
791 1298 840 1330 ut
870 1285 1097 1347 quondam
1133 1283 1376 1346 Pompeius

101 1359 421 1406 Mithridatem.
440 1360 543 1418 Qua
565 1374 644 1404 cau
653 1356 692 1402 sa
712 1356 938 1402 declinans
956 1355 1198 1418 perniciem
1219 1355 1378 1417 proxi-

101 1449 217 1478 mam
243 1430 562 1489 Firmus‚licet
589 1428 893 1491 praefidiorum
919 1426 1224 1490 magnitudine
1248 1443 1377 1473 com-

103 1504 328 1561 munitus,
347 1503 498 1549 relicta
515 1502 643 1565 plebe
660 1538 674 1559 ,
689 1518 820 1565 quam
847 1513 1055 1564 coegerat
1073 1517 1230 1564 magna
1257 1517 1377 1547 mer-

102 1577 236 1632 cede,
265 1576 478 1640 quoniam
507 1574 671 1622 latendi
700 1574 874 1636 copiam
907 1574 1125 1620 nocturna
1149 1573 1274 1636 quies
1299 1574 1378 1619 de-

102 1649 187 1704 dit,
203 1647 511 1711 Caprarienses
529 1659 705 1694 montes
725 1646 861 1709 longe
879 1658 1079 1691 remotos
1100 1645 1377 1706 penetravit,

103 1725 153 1770 &
177 1722 367 1784 diruptis
386 1722 569 1785 rupibus
599 1719 855 1767 inaccess‘os.
886 1717 1026 1780 Cujus
1046 1718 1167 1765 abitu
1196 1719 1378 1766 clande-

102 1796 487 1855 stino-multitudo
516 1793 732 1857 dispersa,
758 1793 848 1838 fine
880 1794 1049 1839 rectore
1078 1793 1377 1854 particulatim

103 1863 330 1928 diffluens}
348 1868 589 1917 invadendi
606 1868 698 1930 ejus
716 1865 847 1914 castra
869 1865 1029 1912 nostris
1048 1865 1221 1927 copiam
1243 1867 1380 1915 dedit.

103 1943 271 2006 Hisque
298 1942 506 2006 direptis,
527 1943 577 1988 &
606 1939 848 1987 interfectis
867 1975 880 1997 ,
897 1939 975 2002 qui
1004 1939 1253 1986 resistebant
1269 1977 1282 1998 ‚
1306 1940 1379 1987 vel

104 2015 152 2062 in
189 2015 462 2062 deditionem
500 2013 717 2077 acceptis,
753 2012 990 2075 regionum
1025 2011 1215 2058 maxima
1251 2024 1379 2075 parte

107 2088 289 2147 vastata,
304 2089 528 2153 gentibus,
543 2103 621 2150 per
642 2102 749 2151 quas
768 2085 977 2133 transibat
994 2086 1085 2132 dux
1104 2085 1377 2132 consultiffi-

107 2178 232 2219 mus,
249 2158 454 2225 apposuit
481 2160 585 2206 fidei
613 2170 857 2222 compertae
877 2158 1122 2222 praefeclos.
1153 2160 1249 2205 Hae
1277 2159 1380 2204 ino-

107 2234 212 2297 pina
222 2234 441 2297 sequendi
470 2234 740 2283 confidentia
761 2233 937 2281 territus
957 2233 1192 2296 perduellis
1209 2271 1223 2290 ‚
1242 2233 1380 2279 servis

109 2307 426 2354 comitantibus
463 2308 650 2371 paucis,
689 2307 874 2370 digreffu
921 2307 1053 2354 celeri
1095 2307 1382 2355 consulturus

110 2379 263 2438 saluti‚·
292 2396 347 2426 ne
370 2385 469 2442 *quo
490 2381 806 2445 praepediretur
826 2380 1054 2428 obstaculo
1070 2417 1082 2439 ,
1103 2381 1263 2443 abjecit
1285 2396 1384 2442 pre-

109 2451 319 2501 tiosarum
353 2453 538 2505 sarcinas
565 2455 835 2520 specierum,
857 2472 964 2519 quas
994 2448 1205 2501 avexerat
1225 2453 1384 2500 secum.

1024 2529 1068 2574 N
1103 2546 1131 2586 4
