1626 2917
292 187 513 236 RERUM
546 188 881 238 GESTARUM
914 192 1018 240 LIB.
1047 192 1213 242 XXIII.
1302 208 1392 255 357

120 297 170 345 &
198 297 470 362 HydriacuS.
496 300 606 346 Sunt
641 299 774 347 etiam
804 300 1039 360 civitates,
1073 301 1178 350 licet
1202 319 1394 350 numero

121 388 303 433 paucae,
338 374 463 422 vifiu
495 387 643 422 tamen
674 377 721 423 &
753 376 875 422 cultu
912 371 1124 439 perquam
1169 375 1398 439 copiosae:

119 450 236 499 inter
264 464 372 511 quas
400 447 513 495 nitet
545 448 766 496 Carmana
797 449 1000 495 omnium
1022 460 1160 496 mater
1178 485 1192 508 ,
1213 451 1263 498 &
1287 451 1397 496 Por-

119 521 332 584 tospana,
367 520 419 567 &
452 519 721 567 Alexandria
740 556 753 579 ‚
785 522 835 568 δε
865 521 1181 584 Hermoupolis.
1210 522 1397 569 Interius

122 602 236 641 verb
268 592 470 655 pergenti
503 606 751 640 occurrunt
779 593 984 657 Hyrcani
1008 629 1022 652 ,
1052 610 1169 658 quos
1205 595 1398 656 ejusdem

120 667 318 715 nominis
333 667 458 714 alluit
479 684 614 715 mare.
634 667 764 731 Apud
780 684 896 731 quos
925 668 1066 731 glebae
1097 667 1239 715 macie
1261 668 1400 715 inter-

118 752 306 788 necante
337 739 552 787 sementes
571 775 585 799 ‚
626 741 739 787 ruris
766 740 947 788 colendi
983 757 1088 788 cura
1122 740 1183 787 est
1213 741 1396 787 levior:

110 812 195 860 ,sed
220 812 464 861 vescuntur
483 813 722 860 venatibus
742 849 756 873 ‚
785 830 979 877 quorum
1009 814 1222 861 varietate
1242 814 1400 860 imma-

120 903 177 933 ne
199 898 417 950 quantum
449 886 712 934 exuberant.
745 887 837 934 Ubi
868 887 1000 934 etiam
1023 887 1230 950 tigridum
1260 885 1398 932 millia

119 959 259 1006 multa
285 971 561 1015 cernuntur,
594 959 793 1024 feraeque
823 960 970 1007 bestiae
1000 961 1177 1023 plures:
1203 976 1302 1022 quae
1320 976 1398 1005 cu-

117 1031 311 1095 jusmodi
340 1032 483 1079 solent
511 1032 610 1095 capi
651 1033 919 1079 commentis
938 1069 951 1092 ,
989 1034 1158 1079 dudum
1189 1048 1272 1079 nos
1304 1048 1398 1078 me-

120 1104 329 1152 minimus
347 1104 551 1151 retuliffe.
570 1107 666 1151 Nec
687 1104 791 1152 ideo
815 1118 962 1152 tamen
983 1105 1143 1154 stivam
1162 1106 1396 1169 ignorant,

118 1180 191 1226 sed
231 1174 469 1226 seminibus
503 1191 715 1243 teguntur
751 1179 908 1243 aliquae
941 1194 1116 1243 partes,
1140 1181 1219 1228 ubi
1255 1180 1399 1226 solum

117 1253 178 1301 est
204 1252 438 1316 pinguius:
471 1270 554 1300 nec
588 1252 758 1299 arbusta
785 1253 942 1301 desunt
962 1255 1008 1300 in
1035 1254 1149 1301 locis
1178 1253 1400 1301 habilibus

118 1326 172 1374 ad
191 1326 511 1389 plantandunf,
539 1327 589 1373 &
625 1325 806 1372 marinis
843 1327 1063 1374 mercibus
1095 1327 1296 1391 plerique
1329 1326 1400 1373 su-

118 1399 380 1446 stentantur.
409 1399 495 1446 Hic
523 1415 675 1445 amnes
712 1400 802 1445 duo
830 1400 1085 1464 pervulgati
1116 1400 1217 1447 sunt
1248 1399 1397 1446 nomi·

117 1473 216 1528 nis,
249 1472 379 1518 Oxus
414 1472 464 1518 &
496 1472 705 1528 Maxera,
741 1488 857 1531 quos
880 1485 1066 1535 urgente
1098 1472 1246 1519 inedia
1272 1471 1400 1534 supe-

117 1556 265 1591 rantes
291 1555 445 1590 natatu
479 1542 715 1605 aliquoties
742 1543 897 1606 tigres,
928 1543 1186 1606 improvisae
1206 1542 1396 1592 finitima

117 1616 408 1681 populantur.
439 1614 619 1662 Habent
653 1614 783 1661 etiam
827 1615 1032 1662 civitates
1066 1616 1182 1664 inter
1221 1617 1398 1664 minora

117 1688 365 1752 municipia
383 1688 554 1736 validas
572 1723 586 1746 ‚
608 1688 715 1735 duas
734 1687 913 1751 quidem
934 1689 1175 1737 maritimas
1191 1725 1204 1747 ‚
1220 1691 1397 1738 Socun·

118 1763 173 1811 da
191 1764 240 1811 &
268 1764 533 1809 Saramanna
553 1798 567 1820 ,
600 1762 941 1810 mediterraneas
971 1763 1074 1811 alias
1090 1800 1103 1821 ‚
1124 1766 1397 1811 Azmornam

118 1838 176 1884 δε.
199 1835 335 1882 Solen
359 1871 373 1894 ‚
409 1836 459 1883 &
497 1834 568 1881 his
599 1835 874 1883 nobiliorem
910 1839 1181 1901 Hyrcanam.
1220 1838 1396 1884 Contra

116 1909 232 1956 hanc
256 1921 433 1972 gentem
464 1907 542 1956 sub
563 1910 788 1972 Aquilone
818 1911 1026 1957 dicuntur
1061 1911 1164 1959 Abii
1198 1911 1397 1969 versari,

114 1996 252 2046 genus
283 1980 548 2043 piiflimum‚
576 1981 739 2029 calcare
761 1982 919 2029 cuneta
957 1983 1163 2030 mortalia
1202 1982 1396 2030 consue-

117 2066 245 2101 tum:
270 2070 409 2117 qum,
425 2066 474 2101 ut
497 2055 721 2101 Homerus
743 2054 985 2103 fabulosius
1013 2057 1160 2115 canit,
1190 2056 1393 2120 Juppiter

119 2129 176 2177 ab
214 2129 337 2177 Idaeis
368 2129 599 2177 montibus
636 2140 888 2178 contuetur.
925 2130 1054 2176 Sedes
1086 2129 1258 2177 vicinas
1296 2127 1395 2191 post

119 2203 363 2267 Hyrcanos
397 2203 540 2252 sortiti
566 2205 666 2252 sunt
690 2203 906 2268 Margiani
926 2240 939 2263 ‚
960 2220 1118 2251 omnes
1152 2220 1279 2266 paene
1299 2200 1396 2249 col-

119 2273 236 2321 libus
267 2275 364 2323 altis
392 2277 593 2340 undique
628 2276 934 2340 circumsepti,
969 2277 1073 2323 ideo
1103 2293 1127 2323 a
1160 2275 1270 2322 mari
1309 2272 1396 2319 dis-

122 2346 248 2397 creti.
276 2349 331 2394 Et
352 2366 619 2413 quamquam
641 2349 851 2413 pleraque
881 2349 979 2397 sunt
1000 2349 1062 2396 ibi
1079 2348 1244 2396 deserta
1262 2363 1396 2411 aqua-

121 2435 220 2466 rum
250 2420 464 2481 penuria,
505 2422 708 2485 quaedam
734 2433 882 2468 tamen
903 2423 1067 2482 habent
1095 2422 1260 2485 oppida
1284 2438 1294 2466 :
1323 2419 1394 2464 sed

120 2490 331 2540 Iasonion
350 2528 367 2552 ,
391 2495 439 2543 &
470 2494 740 2556 Antiochia,
770 2496 819 2544 &
842 2495 970 2544 Nisea
992 2531 1007 2556 ,
1049 2497 1150 2542 sunt
1184 2494 1279 2542 aliis
1305 2508 1394 2540 no-
