<?xml version="1.0" encoding="UTF-8"?>
<!DOCTYPE html PUBLIC "-//W3C//DTD XHTML 1.0 Transitional//EN"
    "http://www.w3.org/TR/xhtml1/DTD/xhtml1-transitional.dtd">
<html xmlns="http://www.w3.org/1999/xhtml" xml:lang="en" lang="en">
 <head>
  <title>
</title>
<meta http-equiv="Content-Type" content="text/html;charset=utf-8" />
  <meta name='ocr-system' content='tesseract 3.04.00' />
  <meta name='ocr-capabilities' content='ocr_page ocr_carea ocr_par ocr_line ocrx_word'/>
</head>
<body>
  <div class='ocr_page' id='page_1' title='image "./rerumgestarumqui00ammiuoft_0058.png"; bbox 0 0 1626 2917; ppageno 0'>
   <div class='ocr_carea' id='block_1_1' title="bbox 272 157 1377 206">
    <p class='ocr_par' dir='ltr' id='par_1_1' title="bbox 272 157 1377 206">
     <span class='ocr_line' id='line_1_1' title="bbox 272 157 1377 206; baseline 0.002 -1"><span class='ocrx_word' id='word_1_1' title='bbox 272 169 441 206; x_wconf 75' lang='lat' dir='ltr'>XLvm</span> <span class='ocrx_word' id='word_1_2' title='bbox 541 158 858 204; x_wconf 84' lang='lat' dir='ltr'><em>STATUS</em></span> <span class='ocrx_word' id='word_1_3' title='bbox 909 157 1132 202; x_wconf 88' lang='lat' dir='ltr'>REIP.</span> <span class='ocrx_word' id='word_1_4' title='bbox 1183 160 1377 206; x_wconf 90' lang='lat' dir='ltr'><strong>ROM.</strong></span> 
     </span>
    </p>
   </div>
   <div class='ocr_carea' id='block_1_2' title="bbox 266 263 1556 686">
    <p class='ocr_par' dir='ltr' id='par_1_2' title="bbox 266 263 1556 686">
     <span class='ocr_line' id='line_1_2' title="bbox 271 263 1555 315; baseline -0.004 -7"><span class='ocrx_word' id='word_1_5' title='bbox 271 267 324 308; x_wconf 71' lang='lat' dir='ltr'>ad</span> <span class='ocrx_word' id='word_1_6' title='bbox 356 267 492 307; x_wconf 87' lang='lat' dir='ltr'>Decur.</span> <span class='ocrx_word' id='word_1_7' title='bbox 516 264 626 315; x_wconf 84' lang='lat' dir='ltr'>aspir.</span> <span class='ocrx_word' id='word_1_8' title='bbox 653 263 719 303; x_wconf 90' lang='lat' dir='ltr'>lib.</span> <span class='ocrx_word' id='word_1_9' title='bbox 744 264 798 303; x_wconf 91' lang='lat' dir='ltr'>X.</span> <span class='ocrx_word' id='word_1_10' title='bbox 829 264 922 304; x_wconf 90' lang='lat' dir='ltr'>Puto</span> <span class='ocrx_word' id='word_1_11' title='bbox 946 264 1060 304; x_wconf 85' lang='lat' dir='ltr'>etiam</span> <span class='ocrx_word' id='word_1_12' title='bbox 1087 266 1344 314; x_wconf 85' lang='lat' dir='ltr'>Duumviros‚</span> <span class='ocrx_word' id='word_1_13' title='bbox 1369 265 1443 305; x_wconf 81' lang='lat' dir='ltr'>five</span> <span class='ocrx_word' id='word_1_14' title='bbox 1471 263 1555 305; x_wconf 79' lang='lat' dir='ltr'>Ma-</span> 
     </span>
     <span class='ocr_line' id='line_1_3' title="bbox 269 324 1554 382; baseline -0.005 -12"><span class='ocrx_word' id='word_1_15' title='bbox 269 330 443 382; x_wconf 77' lang='lat' dir='ltr'>gistratus</span> <span class='ocrx_word' id='word_1_16' title='bbox 468 328 566 366; x_wconf 91' lang='lat' dir='ltr'>inter</span> <span class='ocrx_word' id='word_1_17' title='bbox 583 324 816 376; x_wconf 84' lang='lat' dir='ltr'>Principales</span> <span class='ocrx_word' id='word_1_18' title='bbox 833 336 1052 367; x_wconf 89' lang='lat' dir='ltr'>numeratos</span> <span class='ocrx_word' id='word_1_19' title='bbox 1071 328 1180 367; x_wconf 81' lang='lat' dir='ltr'>suiffe</span> <span class='ocrx_word' id='word_1_20' title='bbox 1193 358 1205 376; x_wconf 87' lang='lat'>‚</span> <span class='ocrx_word' id='word_1_21' title='bbox 1229 329 1314 378; x_wconf 77' lang='lat' dir='ltr'>quia</span> <span class='ocrx_word' id='word_1_22' title='bbox 1332 330 1373 366; x_wconf 89' lang='lat' dir='ltr'>in</span> <span class='ocrx_word' id='word_1_23' title='bbox 1394 326 1554 368; x_wconf 89' lang='lat' dir='ltr'>decursu</span> 
     </span>
     <span class='ocr_line' id='line_1_4' title="bbox 270 388 1556 441; baseline -0.005 -9"><span class='ocrx_word' id='word_1_24' title='bbox 270 403 476 435; x_wconf 83' lang='lat' dir='ltr'>munerum</span> <span class='ocrx_word' id='word_1_25' title='bbox 498 390 628 441; x_wconf 83' lang='lat' dir='ltr'>patriae</span> <span class='ocrx_word' id='word_1_26' title='bbox 647 395 750 428; x_wconf 85' lang='lat' dir='ltr'>vetat</span> <span class='ocrx_word' id='word_1_27' title='bbox 762 388 977 439; x_wconf 85' lang='lat' dir='ltr'>Imperator</span> <span class='ocrx_word' id='word_1_28' title='bbox 999 404 1021 429; x_wconf 90' lang='lat' dir='ltr'>a</span> <span class='ocrx_word' id='word_1_29' title='bbox 1041 390 1315 438; x_wconf 83' lang='lat' dir='ltr'>Duumviratu‚</span> <span class='ocrx_word' id='word_1_30' title='bbox 1339 389 1400 429; x_wconf 88' lang='lat' dir='ltr'>vel</span> <span class='ocrx_word' id='word_1_31' title='bbox 1424 391 1556 430; x_wconf 87' lang='lat' dir='ltr'>Sacer-</span> 
     </span>
     <span class='ocr_line' id='line_1_5' title="bbox 271 450 1555 503; baseline -0.005 -8"><span class='ocrx_word' id='word_1_32' title='bbox 271 457 385 497; x_wconf 84' lang='lat' dir='ltr'>dotio</span> <span class='ocrx_word' id='word_1_33' title='bbox 409 453 600 503; x_wconf 77' lang='lat' dir='ltr'><strong>incipere,</strong></span> <span class='ocrx_word' id='word_1_34' title='bbox 618 451 659 491; x_wconf 91' lang='lat' dir='ltr'>L.</span> <span class='ocrx_word' id='word_1_35' title='bbox 685 450 873 491; x_wconf 84' lang='lat' dir='ltr'>LXXVII</span> <span class='ocrx_word' id='word_1_36' title='bbox 899 451 940 492; x_wconf 94' lang='lat' dir='ltr'>C.</span> <span class='ocrx_word' id='word_1_37' title='bbox 965 452 1119 496; x_wconf 89' lang='lat' dir='ltr'>Theod.</span> <span class='ocrx_word' id='word_1_38' title='bbox 1144 454 1191 492; x_wconf 90' lang='lat' dir='ltr'>de</span> <span class='ocrx_word' id='word_1_39' title='bbox 1207 453 1344 492; x_wconf 92' lang='lat' dir='ltr'>Decur.</span> <span class='ocrx_word' id='word_1_40' title='bbox 1370 452 1421 492; x_wconf 92' lang='lat' dir='ltr'>Hi</span> <span class='ocrx_word' id='word_1_41' title='bbox 1441 465 1463 491; x_wconf 87' lang='lat' dir='ltr'>a</span> <span class='ocrx_word' id='word_1_42' title='bbox 1484 464 1555 490; x_wconf 87' lang='lat' dir='ltr'>nu·</span> 
     </span>
     <span class='ocr_line' id='line_1_6' title="bbox 268 513 1555 564; baseline -0.005 -6"><span class='ocrx_word' id='word_1_43' title='bbox 268 531 380 560; x_wconf 83' lang='lat' dir='ltr'>:mero</span> <span class='ocrx_word' id='word_1_44' title='bbox 413 517 462 555; x_wconf 82' lang='lat' dir='ltr'>fic</span> <span class='ocrx_word' id='word_1_45' title='bbox 496 515 700 561; x_wconf 81' lang='lat' dir='ltr'>dicuntur,</span> <span class='ocrx_word' id='word_1_46' title='bbox 727 513 960 564; x_wconf 86' lang='lat' dir='ltr'>Judicesque</span> <span class='ocrx_word' id='word_1_47' title='bbox 993 514 1104 562; x_wconf 75' lang='lat' dir='ltr'>sunt,</span> <span class='ocrx_word' id='word_1_48' title='bbox 1140 518 1175 556; x_wconf 74' lang='lat' dir='ltr'>Sc</span> <span class='ocrx_word' id='word_1_49' title='bbox 1212 515 1472 555; x_wconf 87' lang='lat' dir='ltr'>Decurionum</span> <span class='ocrx_word' id='word_1_50' title='bbox 1505 526 1555 552; x_wconf 76' lang='lat' dir='ltr'>ex</span> 
     </span>
     <span class='ocr_line' id='line_1_7' title="bbox 266 573 1554 627; baseline -0.005 -7"><span class='ocrx_word' id='word_1_51' title='bbox 266 580 406 619; x_wconf 78' lang='lat' dir='ltr'>ordine</span> <span class='ocrx_word' id='word_1_52' title='bbox 438 575 706 623; x_wconf 84' lang='lat' dir='ltr'>sumebantur,</span> <span class='ocrx_word' id='word_1_53' title='bbox 736 574 777 615; x_wconf 87' lang='lat' dir='ltr'>L.</span> <span class='ocrx_word' id='word_1_54' title='bbox 803 573 861 615; x_wconf 89' lang='lat' dir='ltr'>III</span> <span class='ocrx_word' id='word_1_55' title='bbox 887 575 928 616; x_wconf 93' lang='lat' dir='ltr'>C.</span> <span class='ocrx_word' id='word_1_56' title='bbox 956 575 1121 625; x_wconf 78' lang='lat' dir='ltr'>Quando</span> <span class='ocrx_word' id='word_1_57' title='bbox 1150 589 1305 627; x_wconf 79' lang='lat' dir='ltr'><strong>provee.</strong></span> <span class='ocrx_word' id='word_1_58' title='bbox 1345 574 1554 616; x_wconf 82' lang='lat' dir='ltr'>Denfenso·</span> 
     </span>
     <span class='ocr_line' id='line_1_8' title="bbox 268 633 1553 686; baseline -0.005 -6"><span class='ocrx_word' id='word_1_59' title='bbox 268 652 331 680; x_wconf 69' lang='lat' dir='ltr'>xes</span> <span class='ocrx_word' id='word_1_60' title='bbox 359 645 513 683; x_wconf 83' lang='lat' dir='ltr'>autem,</span> <span class='ocrx_word' id='word_1_61' title='bbox 536 635 696 686; x_wconf 87' lang='lat' dir='ltr'>Syndici</span> <span class='ocrx_word' id='word_1_62' title='bbox 716 647 760 674; x_wconf 84' lang='lat' dir='ltr'>ac</span> <span class='ocrx_word' id='word_1_63' title='bbox 786 633 892 675; x_wconf 86' lang='lat' dir='ltr'>velut</span> <span class='ocrx_word' id='word_1_64' title='bbox 922 635 1068 686; x_wconf 88' lang='lat' dir='ltr'>publici</span> <span class='ocrx_word' id='word_1_65' title='bbox 1097 637 1284 676; x_wconf 83' lang='lat' dir='ltr'>delatores</span> <span class='ocrx_word' id='word_1_66' title='bbox 1311 645 1437 684; x_wconf 85' lang='lat' dir='ltr'>erant,</span> <span class='ocrx_word' id='word_1_67' title='bbox 1465 637 1553 686; x_wconf 90' lang='lat' dir='ltr'>quia</span> 
     </span>
    </p>
   </div>
   <div class='ocr_carea' id='block_1_3' title="bbox 264 697 1626 874">
    <p class='ocr_par' dir='ltr' id='par_1_3' title="bbox 264 697 1626 874">
     <span class='ocr_line' id='line_1_9' title="bbox 264 697 1626 755; baseline -0.003 -13"><span class='ocrx_word' id='word_1_68' title='bbox 264 708 470 751; x_wconf 84' lang='lat' dir='ltr'>comperta</span> <span class='ocrx_word' id='word_1_69' title='bbox 492 698 690 738; x_wconf 84' lang='lat' dir='ltr'>referunt:</span> <span class='ocrx_word' id='word_1_70' title='bbox 725 697 1056 748; x_wconf 87' lang='lat' dir='ltr'>quemadmodum</span> <span class='ocrx_word' id='word_1_71' title='bbox 1080 699 1281 739; x_wconf 89' lang='lat' dir='ltr'>Duumviri</span> <span class='ocrx_word' id='word_1_72' title='bbox 1306 700 1423 739; x_wconf 82' lang='lat' dir='ltr'>relata</span> <span class='ocrx_word' id='word_1_73' title='bbox 1450 699 1555 749; x_wconf 85' lang='lat' dir='ltr'>judi·</span> <span class='ocrx_word' id='word_1_74' title='bbox 1624 750 1626 755; x_wconf 30' lang='grc' dir='ltr'>Ι</span> 
     </span>
     <span class='ocr_line' id='line_1_10' title="bbox 265 758 1626 812; baseline -0.001 -11"><span class='ocrx_word' id='word_1_75' title='bbox 265 771 386 810; x_wconf 78' lang='lat' dir='ltr'>cant,</span> <span class='ocrx_word' id='word_1_76' title='bbox 410 768 475 800; x_wconf 85' lang='lat' dir='ltr'>aut</span> <span class='ocrx_word' id='word_1_77' title='bbox 502 758 700 810; x_wconf 57' lang='lat' dir='ltr'>plectunt,</span> <span class='ocrx_word' id='word_1_78' title='bbox 731 760 773 799; x_wconf 94' lang='lat' dir='ltr'>L.</span> <span class='ocrx_word' id='word_1_79' title='bbox 796 759 876 799; x_wconf 90' lang='lat' dir='ltr'>XII</span> <span class='ocrx_word' id='word_1_80' title='bbox 908 758 951 799; x_wconf 92' lang='lat' dir='ltr'>C.</span> <span class='ocrx_word' id='word_1_81' title='bbox 983 759 1137 800; x_wconf 88' lang='lat' dir='ltr'>Theod.</span> <span class='ocrx_word' id='word_1_82' title='bbox 1166 761 1214 800; x_wconf 90' lang='lat' dir='ltr'>de</span> <span class='ocrx_word' id='word_1_83' title='bbox 1248 774 1336 812; x_wconf 85' lang='lat' dir='ltr'><strong>pag.</strong></span> <span class='ocrx_word' id='word_1_84' title='bbox 1365 759 1489 800; x_wconf 85' lang='lat' dir='ltr'>sacrif.</span> <span class='ocrx_word' id='word_1_85' title='bbox 1516 762 1554 800; x_wconf 69' lang='lat' dir='ltr'>Sc</span> <span class='ocrx_word' id='word_1_86' title='bbox 1621 763 1626 804; x_wconf 70' lang='lat' dir='ltr'>i</span> 
     </span>
     <span class='ocr_line' id='line_1_11' title="bbox 265 819 1626 874; baseline -0.002 -9"><span class='ocrx_word' id='word_1_87' title='bbox 265 822 404 874; x_wconf 79' lang='lat' dir='ltr'>templ.</span> <span class='ocrx_word' id='word_1_88' title='bbox 428 820 489 862; x_wconf 88' lang='lat' dir='ltr'>Illi</span> <span class='ocrx_word' id='word_1_89' title='bbox 515 829 646 860; x_wconf 88' lang='lat' dir='ltr'>tamen</span> <span class='ocrx_word' id='word_1_90' title='bbox 666 819 781 859; x_wconf 87' lang='lat' dir='ltr'>etiam</span> <span class='ocrx_word' id='word_1_91' title='bbox 803 821 852 859; x_wconf 92' lang='lat' dir='ltr'>de</span> <span class='ocrx_word' id='word_1_92' title='bbox 878 820 1107 871; x_wconf 88' lang='lat' dir='ltr'>quibusdam</span> <span class='ocrx_word' id='word_1_93' title='bbox 1129 821 1380 871; x_wconf 85' lang='lat' dir='ltr'>judicabant,</span> <span class='ocrx_word' id='word_1_94' title='bbox 1403 822 1443 862; x_wconf 93' lang='lat' dir='ltr'>L.</span> <span class='ocrx_word' id='word_1_95' title='bbox 1468 821 1484 862; x_wconf 90' lang='lat' dir='ltr'>I</span> <span class='ocrx_word' id='word_1_96' title='bbox 1509 822 1552 862; x_wconf 91' lang='lat' dir='ltr'>C.</span> <span class='ocrx_word' id='word_1_97' title='bbox 1622 819 1626 857; x_wconf 77' lang='grc' dir='ltr'>ι’</span> 
     </span>
    </p>
   </div>
   <div class='ocr_carea' id='block_1_4' title="bbox 267 882 1558 934">
    <p class='ocr_par' dir='ltr' id='par_1_4' title="bbox 267 882 1558 934">
     <span class='ocr_line' id='line_1_12' title="bbox 267 882 1558 934; baseline -0.004 -8"><span class='ocrx_word' id='word_1_98' title='bbox 267 887 318 926; x_wconf 84' lang='lat' dir='ltr'>de</span> <span class='ocrx_word' id='word_1_99' title='bbox 341 883 496 925; x_wconf 82' lang='lat' dir='ltr'>Defens.</span> <span class='ocrx_word' id='word_1_100' title='bbox 530 882 876 932; x_wconf 81' lang='lat' dir='ltr'>Quemadmodum</span> <span class='ocrx_word' id='word_1_101' title='bbox 907 884 942 922; x_wconf 70' lang='lat'>8&lt;</span> <span class='ocrx_word' id='word_1_102' title='bbox 964 882 1164 922; x_wconf 88' lang='lat' dir='ltr'>Duumviri</span> <span class='ocrx_word' id='word_1_103' title='bbox 1193 883 1447 934; x_wconf 88' lang='lat' dir='ltr'>Syndicorum</span> <span class='ocrx_word' id='word_1_104' title='bbox 1473 896 1558 922; x_wconf 83' lang='lat' dir='ltr'>mu·</span> 
     </span>
    </p>
   </div>
   <div class='ocr_carea' id='block_1_5' title="bbox 216 943 1626 1128">
    <p class='ocr_par' dir='ltr' id='par_1_5' title="bbox 216 943 1626 1128">
     <span class='ocr_line' id='line_1_13' title="bbox 266 943 1626 996; baseline 0 -8"><span class='ocrx_word' id='word_1_105' title='bbox 266 943 361 991; x_wconf 59' lang='lat' dir='ltr'>itera</span> <span class='ocrx_word' id='word_1_106' title='bbox 389 945 579 987; x_wconf 82' lang='lat' dir='ltr'>subibant.</span> <span class='ocrx_word' id='word_1_107' title='bbox 629 945 764 995; x_wconf 89' lang='lat' dir='ltr'>Itaque</span> <span class='ocrx_word' id='word_1_108' title='bbox 797 947 832 984; x_wconf 73' lang='grc' dir='ltr'>δε</span> <span class='ocrx_word' id='word_1_109' title='bbox 861 947 1060 996; x_wconf 83' lang='lat' dir='ltr'>negotium</span> <span class='ocrx_word' id='word_1_110' title='bbox 1090 946 1399 996; x_wconf 82' lang='lat' dir='ltr'>procuratoribus</span> <span class='ocrx_word' id='word_1_111' title='bbox 1429 947 1554 996; x_wconf 85' lang='lat' dir='ltr'>injun-</span> <span class='ocrx_word' id='word_1_112' title='bbox 1622 957 1626 988; x_wconf 73' lang='grc' dir='ltr'><strong>ἵ</strong></span> 
     </span>
     <span class='ocr_line' id='line_1_14' title="bbox 267 1006 1626 1062; baseline -0.002 -13"><span class='ocrx_word' id='word_1_113' title='bbox 267 1020 393 1062; x_wconf 65' lang='lat' dir='ltr'>gunt,</span> <span class='ocrx_word' id='word_1_114' title='bbox 422 1018 516 1059; x_wconf 86' lang='lat' dir='ltr'>puta</span> <span class='ocrx_word' id='word_1_115' title='bbox 548 1006 759 1056; x_wconf 80' lang='lat' dir='ltr'>tutoribus,</span> <span class='ocrx_word' id='word_1_116' title='bbox 788 1006 1125 1057; x_wconf 86' lang='lat' dir='ltr'>procuratoribus,</span> <span class='ocrx_word' id='word_1_117' title='bbox 1152 1007 1419 1055; x_wconf 86' lang='lat' dir='ltr'>curatoribus,</span> <span class='ocrx_word' id='word_1_118' title='bbox 1445 1007 1484 1048; x_wconf 92' lang='lat' dir='ltr'>L.</span> <span class='ocrx_word' id='word_1_119' title='bbox 1507 1008 1554 1048; x_wconf 78' lang='lat' dir='ltr'>V.</span> <span class='ocrx_word' id='word_1_120' title='bbox 1624 1009 1626 1013; x_wconf 89' lang='grc'><strong>’</strong></span> 
     </span>
     <span class='ocr_line' id='line_1_15' title="bbox 216 1068 1626 1128; baseline -0.004 -14"><span class='ocrx_word' id='word_1_121' title='bbox 216 1112 222 1128; x_wconf 44' lang='lat' dir='ltr'><em>s</em></span> <span class='ocrx_word' id='word_1_122' title='bbox 267 1075 308 1115; x_wconf 81' lang='lat' dir='ltr'>Si</span> <span class='ocrx_word' id='word_1_123' title='bbox 342 1071 447 1124; x_wconf 89' lang='lat' dir='ltr'>quid.</span> <span class='ocrx_word' id='word_1_124' title='bbox 481 1068 523 1110; x_wconf 83' lang='lat' dir='ltr'>ff.</span> <span class='ocrx_word' id='word_1_125' title='bbox 568 1070 687 1119; x_wconf 79' lang='lat' dir='ltr'>Quod</span> <span class='ocrx_word' id='word_1_126' title='bbox 710 1070 775 1118; x_wconf 84' lang='lat' dir='ltr'>vi,</span> <span class='ocrx_word' id='word_1_127' title='bbox 810 1083 875 1108; x_wconf 86' lang='lat' dir='ltr'>aut</span> <span class='ocrx_word' id='word_1_128' title='bbox 902 1069 1015 1109; x_wconf 88' lang='lat' dir='ltr'>clam.</span> <span class='ocrx_word' id='word_1_129' title='bbox 1057 1070 1169 1110; x_wconf 89' lang='lat' dir='ltr'>Unde</span> <span class='ocrx_word' id='word_1_130' title='bbox 1200 1082 1289 1109; x_wconf 91' lang='lat' dir='ltr'>vero</span> <span class='ocrx_word' id='word_1_131' title='bbox 1316 1069 1552 1109; x_wconf 86' lang='lat' dir='ltr'>sumerentur</span> <span class='ocrx_word' id='word_1_132' title='bbox 1624 1087 1626 1090; x_wconf 51' lang='lat'><strong>⁴</strong></span> 
     </span>
    </p>
   </div>
   <div class='ocr_carea' id='block_1_6' title="bbox 234 1131 1607 1808">
    <p class='ocr_par' dir='ltr' id='par_1_6' title="bbox 234 1131 1607 1808">
     <span class='ocr_line' id='line_1_16' title="bbox 267 1131 1552 1183; baseline -0.004 -5"><span class='ocrx_word' id='word_1_133' title='bbox 267 1134 520 1180; x_wconf 78' lang='lat' dir='ltr'>Defensores,</span> <span class='ocrx_word' id='word_1_134' title='bbox 539 1135 574 1173; x_wconf 88' lang='lat'>&amp;</span> <span class='ocrx_word' id='word_1_135' title='bbox 592 1145 674 1183; x_wconf 83' lang='lat' dir='ltr'>quae</span> <span class='ocrx_word' id='word_1_136' title='bbox 699 1131 789 1171; x_wconf 84' lang='lat' dir='ltr'>effet</span> <span class='ocrx_word' id='word_1_137' title='bbox 817 1132 934 1172; x_wconf 79' lang='lat' dir='ltr'>officii</span> <span class='ocrx_word' id='word_1_138' title='bbox 950 1145 1083 1172; x_wconf 88' lang='lat' dir='ltr'>eorum</span> <span class='ocrx_word' id='word_1_139' title='bbox 1111 1145 1157 1172; x_wconf 81' lang='lat' dir='ltr'>ac</span> <span class='ocrx_word' id='word_1_140' title='bbox 1181 1132 1451 1182; x_wconf 63' lang='lat' dir='ltr'>jurisdictionis</span> <span class='ocrx_word' id='word_1_141' title='bbox 1473 1135 1552 1173; x_wconf 89' lang='lat' dir='ltr'>for-</span> 
     </span>
     <span class='ocr_line' id='line_1_17' title="bbox 265 1194 1550 1247; baseline -0.001 -8"><span class='ocrx_word' id='word_1_142' title='bbox 265 1212 357 1247; x_wconf 75' lang='lat' dir='ltr'>ma,</span> <span class='ocrx_word' id='word_1_143' title='bbox 383 1197 473 1246; x_wconf 87' lang='lat' dir='ltr'>Jure</span> <span class='ocrx_word' id='word_1_144' title='bbox 499 1194 609 1234; x_wconf 91' lang='lat' dir='ltr'>Civili</span> <span class='ocrx_word' id='word_1_145' title='bbox 637 1194 919 1242; x_wconf 81' lang='lat' dir='ltr'>manifestatur,</span> <span class='ocrx_word' id='word_1_146' title='bbox 950 1196 987 1234; x_wconf 94' lang='lat' dir='ltr'>d.</span> <span class='ocrx_word' id='word_1_147' title='bbox 1013 1196 1092 1236; x_wconf 90' lang='lat' dir='ltr'>Tit.</span> <span class='ocrx_word' id='word_1_148' title='bbox 1118 1196 1160 1235; x_wconf 90' lang='lat' dir='ltr'>C.</span> <span class='ocrx_word' id='word_1_149' title='bbox 1189 1196 1236 1235; x_wconf 91' lang='lat' dir='ltr'>de</span> <span class='ocrx_word' id='word_1_150' title='bbox 1265 1196 1417 1236; x_wconf 83' lang='lat' dir='ltr'>Defens.</span> <span class='ocrx_word' id='word_1_151' title='bbox 1447 1198 1550 1238; x_wconf 77' lang='lat' dir='ltr'>civit.</span> 
     </span>
     <span class='ocr_line' id='line_1_18' title="bbox 264 1257 1553 1310; baseline -0.002 -8"><span class='ocrx_word' id='word_1_152' title='bbox 264 1260 423 1306; x_wconf 85' lang='lat' dir='ltr'>Novell.</span> <span class='ocrx_word' id='word_1_153' title='bbox 449 1259 535 1300; x_wconf 91' lang='lat' dir='ltr'>XV.</span> <span class='ocrx_word' id='word_1_154' title='bbox 574 1258 668 1297; x_wconf 80' lang='lat' dir='ltr'>Haec</span> <span class='ocrx_word' id='word_1_155' title='bbox 700 1257 863 1296; x_wconf 89' lang='lat' dir='ltr'>breviter</span> <span class='ocrx_word' id='word_1_156' title='bbox 890 1258 938 1297; x_wconf 89' lang='lat' dir='ltr'>de</span> <span class='ocrx_word' id='word_1_157' title='bbox 967 1258 1215 1310; x_wconf 85' lang='lat' dir='ltr'>potestatibus</span> <span class='ocrx_word' id='word_1_158' title='bbox 1240 1260 1553 1300; x_wconf 83' lang='lat' dir='ltr'>Ammianeorum</span> 
     </span>
     <span class='ocr_line' id='line_1_19' title="bbox 265 1319 1552 1375; baseline -0.002 -10"><span class='ocrx_word' id='word_1_159' title='bbox 265 1333 487 1375; x_wconf 84' lang='lat' dir='ltr'>temporum</span> <span class='ocrx_word' id='word_1_160' title='bbox 511 1333 532 1359; x_wconf 87' lang='lat' dir='ltr'>a</span> <span class='ocrx_word' id='word_1_161' title='bbox 555 1320 669 1359; x_wconf 90' lang='lat' dir='ltr'>nobis</span> <span class='ocrx_word' id='word_1_162' title='bbox 694 1319 796 1358; x_wconf 54' lang='lat' dir='ltr'>dit-”ta</span> <span class='ocrx_word' id='word_1_163' title='bbox 817 1319 926 1358; x_wconf 88' lang='lat' dir='ltr'>sunto</span> <span class='ocrx_word' id='word_1_164' title='bbox 945 1333 954 1359; x_wconf 74' lang='grc' dir='ltr'>ε</span> <span class='ocrx_word' id='word_1_165' title='bbox 975 1333 1022 1359; x_wconf 74' lang='lat' dir='ltr'>ex</span> <span class='ocrx_word' id='word_1_166' title='bbox 1047 1320 1185 1370; x_wconf 89' lang='lat' dir='ltr'>quibus</span> <span class='ocrx_word' id='word_1_167' title='bbox 1207 1321 1425 1372; x_wconf 76' lang='lat' dir='ltr'>reipublicae</span> <span class='ocrx_word' id='word_1_168' title='bbox 1449 1321 1552 1362; x_wconf 89' lang='lat' dir='ltr'>illius</span> 
     </span>
     <span class='ocr_line' id='line_1_20' title="bbox 265 1381 1552 1432; baseline -0.003 -4"><span class='ocrx_word' id='word_1_169' title='bbox 265 1389 395 1428; x_wconf 76' lang='lat' dir='ltr'>forma</span> <span class='ocrx_word' id='word_1_170' title='bbox 425 1383 585 1432; x_wconf 86' lang='lat' dir='ltr'>colligi,</span> <span class='ocrx_word' id='word_1_171' title='bbox 613 1389 679 1420; x_wconf 86' lang='lat' dir='ltr'>aut</span> <span class='ocrx_word' id='word_1_172' title='bbox 705 1381 838 1419; x_wconf 72' lang='lat' dir='ltr'>saitem</span> <span class='ocrx_word' id='word_1_173' title='bbox 866 1381 1084 1420; x_wconf 86' lang='lat' dir='ltr'>adumbrari</span> <span class='ocrx_word' id='word_1_174' title='bbox 1113 1383 1264 1432; x_wconf 84' lang='lat' dir='ltr'>poterit.</span> <span class='ocrx_word' id='word_1_175' title='bbox 1303 1384 1405 1424; x_wconf 90' lang='lat' dir='ltr'>Nam</span> <span class='ocrx_word' id='word_1_176' title='bbox 1429 1393 1552 1424; x_wconf 88' lang='lat' dir='ltr'>totam</span> 
     </span>
     <span class='ocr_line' id='line_1_21' title="bbox 269 1442 1553 1499; baseline -0.002 -16"><span class='ocrx_word' id='word_1_177' title='bbox 269 1447 455 1499; x_wconf 78' lang='lat' dir='ltr'>cujusque</span> <span class='ocrx_word' id='word_1_178' title='bbox 478 1444 674 1495; x_wconf 84' lang='lat' dir='ltr'>dignitatis</span> <span class='ocrx_word' id='word_1_179' title='bbox 703 1444 893 1482; x_wconf 84' lang='lat' dir='ltr'>rationem</span> <span class='ocrx_word' id='word_1_180' title='bbox 922 1442 1118 1493; x_wconf 86' lang='lat' dir='ltr'>persequi,</span> <span class='ocrx_word' id='word_1_181' title='bbox 1139 1443 1250 1482; x_wconf 91' lang='lat' dir='ltr'>nostri</span> <span class='ocrx_word' id='word_1_182' title='bbox 1275 1457 1352 1483; x_wconf 89' lang='lat' dir='ltr'>non</span> <span class='ocrx_word' id='word_1_183' title='bbox 1375 1445 1428 1484; x_wconf 87' lang='lat' dir='ltr'>est</span> <span class='ocrx_word' id='word_1_184' title='bbox 1452 1446 1553 1485; x_wconf 85' lang='lat' dir='ltr'>insti.</span> 
     </span>
     <span class='ocr_line' id='line_1_22' title="bbox 266 1505 1553 1561; baseline -0.005 -8"><span class='ocrx_word' id='word_1_185' title='bbox 266 1514 368 1554; x_wconf 88' lang='lat' dir='ltr'>tuti:</span> <span class='ocrx_word' id='word_1_186' title='bbox 401 1509 506 1561; x_wconf 87' lang='lat' dir='ltr'>quod</span> <span class='ocrx_word' id='word_1_187' title='bbox 529 1521 579 1547; x_wconf 79' lang='lat' dir='ltr'>ex</span> <span class='ocrx_word' id='word_1_188' title='bbox 608 1506 758 1547; x_wconf 87' lang='lat' dir='ltr'>Notitia</span> <span class='ocrx_word' id='word_1_189' title='bbox 785 1505 948 1545; x_wconf 88' lang='lat' dir='ltr'>Romani</span> <span class='ocrx_word' id='word_1_190' title='bbox 973 1505 1150 1556; x_wconf 83' lang='lat' dir='ltr'>imperii,</span> <span class='ocrx_word' id='word_1_191' title='bbox 1168 1507 1340 1556; x_wconf 81' lang='lat' dir='ltr'>quamvis</span> <span class='ocrx_word' id='word_1_192' title='bbox 1362 1507 1553 1548; x_wconf 85' lang='lat' dir='ltr'>Theodo-</span> 
     </span>
     <span class='ocr_line' id='line_1_23' title="bbox 270 1565 1549 1621; baseline -0.005 -6"><span class='ocrx_word' id='word_1_193' title='bbox 270 1576 372 1615; x_wconf 76' lang='lat' dir='ltr'>siana</span> <span class='ocrx_word' id='word_1_194' title='bbox 389 1581 563 1621; x_wconf 85' lang='lat' dir='ltr'>tempora</span> <span class='ocrx_word' id='word_1_195' title='bbox 580 1569 703 1618; x_wconf 86' lang='lat' dir='ltr'>magis</span> <span class='ocrx_word' id='word_1_196' title='bbox 725 1565 923 1616; x_wconf 85' lang='lat' dir='ltr'>respiciat,</span> <span class='ocrx_word' id='word_1_197' title='bbox 943 1567 1114 1616; x_wconf 88' lang='lat' dir='ltr'>itemque</span> <span class='ocrx_word' id='word_1_198' title='bbox 1136 1580 1183 1606; x_wconf 86' lang='lat' dir='ltr'>ex</span> <span class='ocrx_word' id='word_1_199' title='bbox 1205 1566 1311 1606; x_wconf 81' lang='lat' dir='ltr'>sexto</span> <span class='ocrx_word' id='word_1_200' title='bbox 1337 1570 1373 1608; x_wconf 74' lang='grc' dir='ltr'>ἂ</span> <span class='ocrx_word' id='word_1_201' title='bbox 1389 1567 1549 1619; x_wconf 87' lang='lat' dir='ltr'>septimo</span> 
     </span>
     <span class='ocr_line' id='line_1_24' title="bbox 234 1621 1607 1680; baseline -0.004 -5"><span class='ocrx_word' id='word_1_202' title='bbox 234 1655 242 1667; x_wconf 84' lang='lat'>=</span> <span class='ocrx_word' id='word_1_203' title='bbox 271 1636 373 1676; x_wconf 82' lang='lat' dir='ltr'>libro</span> <span class='ocrx_word' id='word_1_204' title='bbox 404 1631 599 1672; x_wconf 80' lang='lat' dir='ltr'>variarum</span> <span class='ocrx_word' id='word_1_205' title='bbox 637 1627 846 1668; x_wconf 83' lang='lat' dir='ltr'>Cassiodori</span> <span class='ocrx_word' id='word_1_206' title='bbox 865 1659 877 1676; x_wconf 83' lang='lat'>‚</span> <span class='ocrx_word' id='word_1_207' title='bbox 909 1630 946 1668; x_wconf 69' lang='grc' dir='ltr'>ἃ</span> <span class='ocrx_word' id='word_1_208' title='bbox 974 1628 1070 1668; x_wconf 92' lang='lat' dir='ltr'>Cod.</span> <span class='ocrx_word' id='word_1_209' title='bbox 1101 1628 1118 1667; x_wconf 94' lang='lat' dir='ltr'>I</span> <span class='ocrx_word' id='word_1_210' title='bbox 1143 1630 1178 1668; x_wconf 69' lang='lat' dir='ltr'>Sc</span> <span class='ocrx_word' id='word_1_211' title='bbox 1209 1628 1288 1668; x_wconf 92' lang='lat' dir='ltr'>XII</span> <span class='ocrx_word' id='word_1_212' title='bbox 1321 1629 1550 1680; x_wconf 75' lang='lat' dir='ltr'>justiniani,</span> <span class='ocrx_word' id='word_1_213' title='bbox 1600 1621 1607 1627; x_wconf 53' lang='lat'><strong><em>⁴</em></strong></span> 
     </span>
     <span class='ocr_line' id='line_1_25' title="bbox 271 1689 1548 1746; baseline -0.002 -9"><span class='ocrx_word' id='word_1_214' title='bbox 271 1697 431 1746; x_wconf 83' lang='lat' dir='ltr'>aliisque</span> <span class='ocrx_word' id='word_1_215' title='bbox 459 1691 676 1732; x_wconf 71' lang='lat' dir='ltr'>austoribus</span> <span class='ocrx_word' id='word_1_216' title='bbox 703 1691 956 1741; x_wconf 84' lang='lat' dir='ltr'>repetendum</span> <span class='ocrx_word' id='word_1_217' title='bbox 988 1689 1136 1730; x_wconf 91' lang='lat' dir='ltr'>censeo.</span> <span class='ocrx_word' id='word_1_218' title='bbox 1182 1691 1283 1731; x_wconf 73' lang='lat' dir='ltr'>Nam</span> <span class='ocrx_word' id='word_1_219' title='bbox 1317 1705 1548 1744; x_wconf 80' lang='lat' dir='ltr'>praeparare,</span> 
     </span>
     <span class='ocr_line' id='line_1_26' title="bbox 273 1752 1415 1808; baseline -0.005 -8"><span class='ocrx_word' id='word_1_220' title='bbox 273 1772 354 1801; x_wconf 84' lang='lat' dir='ltr'>non</span> <span class='ocrx_word' id='word_1_221' title='bbox 384 1755 535 1808; x_wconf 81' lang='lat' dir='ltr'>explere</span> <span class='ocrx_word' id='word_1_222' title='bbox 559 1753 768 1801; x_wconf 67' lang='lat' dir='ltr'>lestorem,</span> <span class='ocrx_word' id='word_1_223' title='bbox 794 1752 904 1792; x_wconf 85' lang='lat' dir='ltr'>nobis</span> <span class='ocrx_word' id='word_1_224' title='bbox 924 1753 1034 1792; x_wconf 90' lang='lat' dir='ltr'>initio</span> <span class='ocrx_word' id='word_1_225' title='bbox 1059 1752 1306 1794; x_wconf 79' lang='lat' dir='ltr'>constitutum</span> <span class='ocrx_word' id='word_1_226' title='bbox 1330 1753 1415 1794; x_wconf 88' lang='lat' dir='ltr'>fuit.</span> 
     </span>
    </p>
   </div>
   <div class='ocr_carea' id='block_1_7' title="bbox 1561 2095 1626 2917">
    <p class='ocr_par' dir='ltr' id='par_1_7' title="bbox 1561 2095 1626 2917">
     <span class='ocr_line' id='line_1_27' title="bbox 1561 2095 1626 2917; baseline 0 0"><span class='ocrx_word' id='word_1_227' title='bbox 1561 2095 1626 2917; x_wconf 95' lang='lat' dir='ltr'> </span> 
     </span>
    </p>
   </div>
  </div>
 </body>
</html>
