<?xml version="1.0" encoding="UTF-8"?>
<!DOCTYPE html PUBLIC "-//W3C//DTD XHTML 1.0 Transitional//EN"
    "http://www.w3.org/TR/xhtml1/DTD/xhtml1-transitional.dtd">
<html xmlns="http://www.w3.org/1999/xhtml" xml:lang="en" lang="en">
 <head>
  <title>
</title>
<meta http-equiv="Content-Type" content="text/html;charset=utf-8" />
  <meta name='ocr-system' content='tesseract 3.04.00' />
  <meta name='ocr-capabilities' content='ocr_page ocr_carea ocr_par ocr_line ocrx_word'/>
</head>
<body>
  <div class='ocr_page' id='page_1' title='image "./rerumgestarumqui00ammiuoft_0122.png"; bbox 0 0 1626 2917; ppageno 0'>
   <div class='ocr_carea' id='block_1_1' title="bbox 225 173 1298 236">
    <p class='ocr_par' dir='ltr' id='par_1_1' title="bbox 225 173 1298 236">
     <span class='ocr_line' id='line_1_1' title="bbox 225 173 1298 236; baseline -0.001 -15"><span class='ocrx_word' id='word_1_1' title='bbox 225 175 289 236; x_wconf 80' lang='lat'>64</span> <span class='ocrx_word' id='word_1_2' title='bbox 436 173 769 221; x_wconf 82' lang='lat' dir='ltr'>AMMIANI</span> <span class='ocrx_word' id='word_1_3' title='bbox 822 174 1298 221; x_wconf 81' lang='lat' dir='ltr'>MARCELLINI</span> 
     </span>
    </p>
   </div>
   <div class='ocr_carea' id='block_1_2' title="bbox 222 276 1510 638">
    <p class='ocr_par' dir='ltr' id='par_1_2' title="bbox 222 276 1510 638">
     <span class='ocr_line' id='line_1_2' title="bbox 225 276 1509 342; baseline -0.002 -16"><span class='ocrx_word' id='word_1_4' title='bbox 225 279 361 327; x_wconf 87' lang='lat' dir='ltr'>Unde</span> <span class='ocrx_word' id='word_1_5' title='bbox 390 278 654 342; x_wconf 79' lang='lat' dir='ltr'>apparebat,</span> <span class='ocrx_word' id='word_1_6' title='bbox 681 276 806 340; x_wconf 88' lang='lat' dir='ltr'>quod</span> <span class='ocrx_word' id='word_1_7' title='bbox 829 277 860 324; x_wconf 86' lang='lat' dir='ltr'>fi</span> <span class='ocrx_word' id='word_1_8' title='bbox 882 277 1143 340; x_wconf 68' lang='lat' dir='ltr'>praesumere</span> <span class='ocrx_word' id='word_1_9' title='bbox 1164 277 1358 325; x_wconf 83' lang='lat' dir='ltr'>fortunae</span> <span class='ocrx_word' id='word_1_10' title='bbox 1382 276 1509 340; x_wconf 83' lang='lat' dir='ltr'>supe-</span> 
     </span>
     <span class='ocr_line' id='line_1_3' title="bbox 225 351 1508 416; baseline -0.002 -17"><span class='ocrx_word' id='word_1_11' title='bbox 225 353 361 399; x_wconf 86' lang='lat' dir='ltr'>rioris</span> <span class='ocrx_word' id='word_1_12' title='bbox 400 351 588 415; x_wconf 79' lang='lat' dir='ltr'>insignia</span> <span class='ocrx_word' id='word_1_13' title='bbox 619 362 885 410; x_wconf 84' lang='lat' dir='ltr'><strong>conaretur,</strong></span> <span class='ocrx_word' id='word_1_14' title='bbox 917 352 1011 398; x_wconf 88' lang='lat' dir='ltr'>auri</span> <span class='ocrx_word' id='word_1_15' title='bbox 1048 365 1136 399; x_wconf 81' lang='lat' dir='ltr'>tam</span> <span class='ocrx_word' id='word_1_16' title='bbox 1167 368 1300 416; x_wconf 85' lang='lat' dir='ltr'>grave</span> <span class='ocrx_word' id='word_1_17' title='bbox 1329 351 1508 415; x_wconf 86' lang='lat' dir='ltr'>pondus</span> 
     </span>
     <span class='ocr_line' id='line_1_4' title="bbox 222 424 1509 491; baseline -0.002 -16"><span class='ocrx_word' id='word_1_18' title='bbox 222 428 458 491; x_wconf 78' lang='lat' dir='ltr'>largiretur</span> <span class='ocrx_word' id='word_1_19' title='bbox 494 437 543 472; x_wconf 88' lang='lat' dir='ltr'>ut</span> <span class='ocrx_word' id='word_1_20' title='bbox 576 424 715 474; x_wconf 87' lang='lat' dir='ltr'>suum.</span> <span class='ocrx_word' id='word_1_21' title='bbox 750 425 854 473; x_wconf 86' lang='lat' dir='ltr'>Post</span> <span class='ocrx_word' id='word_1_22' title='bbox 887 426 1008 474; x_wconf 89' lang='lat' dir='ltr'>hunc</span> <span class='ocrx_word' id='word_1_23' title='bbox 1043 427 1356 473; x_wconf 82' lang='lat' dir='ltr'>damnatorum</span> <span class='ocrx_word' id='word_1_24' title='bbox 1393 425 1509 473; x_wconf 87' lang='lat' dir='ltr'>sorte</span> 
     </span>
     <span class='ocr_line' id='line_1_5' title="bbox 224 499 1510 564; baseline -0.004 -14"><span class='ocrx_word' id='word_1_25' title='bbox 224 502 483 550; x_wconf 80' lang='lat' dir='ltr'>Poemenius</span> <span class='ocrx_word' id='word_1_26' title='bbox 517 512 667 563; x_wconf 81' lang='lat' dir='ltr'>raptus</span> <span class='ocrx_word' id='word_1_27' title='bbox 704 501 760 547; x_wconf 89' lang='lat' dir='ltr'>ad</span> <span class='ocrx_word' id='word_1_28' title='bbox 786 499 1052 563; x_wconf 87' lang='lat' dir='ltr'>supplicium</span> <span class='ocrx_word' id='word_1_29' title='bbox 1085 501 1254 547; x_wconf 88' lang='lat' dir='ltr'>interiit</span> <span class='ocrx_word' id='word_1_30' title='bbox 1284 516 1295 545; x_wconf 92' lang='lat'>:</span> <span class='ocrx_word' id='word_1_31' title='bbox 1321 500 1428 564; x_wconf 88' lang='lat' dir='ltr'>qui,</span> <span class='ocrx_word' id='word_1_32' title='bbox 1460 512 1510 546; x_wconf 91' lang='lat' dir='ltr'>ut</span> 
     </span>
     <span class='ocr_line' id='line_1_6' title="bbox 225 573 1510 638; baseline -0.002 -15"><span class='ocrx_word' id='word_1_33' title='bbox 225 577 354 638; x_wconf 85' lang='lat' dir='ltr'>supra</span> <span class='ocrx_word' id='word_1_34' title='bbox 400 574 663 633; x_wconf 78' lang='lat' dir='ltr'><strong>retulimus,</strong></span> <span class='ocrx_word' id='word_1_35' title='bbox 702 591 802 622; x_wconf 89' lang='lat' dir='ltr'>cum</span> <span class='ocrx_word' id='word_1_36' title='bbox 844 575 1038 622; x_wconf 85' lang='lat' dir='ltr'>Treveri</span> <span class='ocrx_word' id='word_1_37' title='bbox 1076 575 1307 622; x_wconf 85' lang='lat' dir='ltr'>civitatem</span> <span class='ocrx_word' id='word_1_38' title='bbox 1344 573 1510 621; x_wconf 81' lang='lat' dir='ltr'>Caesari</span> 
     </span>
    </p>
   </div>
   <div class='ocr_carea' id='block_1_3' title="bbox 196 649 1518 2468">
    <p class='ocr_par' dir='ltr' id='par_1_3' title="bbox 224 649 1511 932">
     <span class='ocr_line' id='line_1_7' title="bbox 224 649 1511 713; baseline -0.001 -16"><span class='ocrx_word' id='word_1_39' title='bbox 224 650 472 698; x_wconf 83' lang='lat' dir='ltr'>clausifl&#39;ent</span> <span class='ocrx_word' id='word_1_40' title='bbox 500 650 730 697; x_wconf 89' lang='lat' dir='ltr'>Decentio</span> <span class='ocrx_word' id='word_1_41' title='bbox 744 685 759 708; x_wconf 91' lang='lat'><strong><em>,</em></strong></span> <span class='ocrx_word' id='word_1_42' title='bbox 784 650 840 697; x_wconf 89' lang='lat' dir='ltr'>ad</span> <span class='ocrx_word' id='word_1_43' title='bbox 869 650 1189 697; x_wconf 67' lang='lat' dir='ltr'>defendendam</span> <span class='ocrx_word' id='word_1_44' title='bbox 1216 650 1391 713; x_wconf 81' lang='lat' dir='ltr'>plebem</span> <span class='ocrx_word' id='word_1_45' title='bbox 1423 649 1511 696; x_wconf 85' lang='lat' dir='ltr'>ele·</span> 
     </span>
     <span class='ocr_line' id='line_1_8' title="bbox 225 720 1511 785; baseline -0.002 -15"><span class='ocrx_word' id='word_1_46' title='bbox 225 724 319 770; x_wconf 67' lang='lat' dir='ltr'>ctus</span> <span class='ocrx_word' id='word_1_47' title='bbox 346 723 420 770; x_wconf 83' lang='lat' dir='ltr'>est.</span> <span class='ocrx_word' id='word_1_48' title='bbox 453 725 573 770; x_wconf 89' lang='lat' dir='ltr'>Tum</span> <span class='ocrx_word' id='word_1_49' title='bbox 610 721 977 785; x_wconf 85' lang='lat' dir='ltr'>Asclepiodotus,</span> <span class='ocrx_word' id='word_1_50' title='bbox 1000 724 1049 770; x_wconf 90' lang='lat'>&amp;</span> <span class='ocrx_word' id='word_1_51' title='bbox 1075 724 1214 780; x_wconf 92' lang='lat' dir='ltr'>Luto,</span> <span class='ocrx_word' id='word_1_52' title='bbox 1246 723 1296 769; x_wconf 65' lang='grc' dir='ltr'>ὅ(</span> <span class='ocrx_word' id='word_1_53' title='bbox 1322 720 1511 768; x_wconf 88' lang='lat' dir='ltr'>Maudio</span> 
     </span>
     <span class='ocr_line' id='line_1_9' title="bbox 225 794 1510 858; baseline 0.001 -17"><span class='ocrx_word' id='word_1_54' title='bbox 225 796 434 843; x_wconf 82' lang='lat' dir='ltr'><strong>Comites</strong></span> <span class='ocrx_word' id='word_1_55' title='bbox 453 794 680 842; x_wconf 80' lang='lat' dir='ltr'>interemti</span> <span class='ocrx_word' id='word_1_56' title='bbox 700 794 824 854; x_wconf 85' lang='lat' dir='ltr'>sunt,</span> <span class='ocrx_word' id='word_1_57' title='bbox 838 794 1003 857; x_wconf 86' lang='lat' dir='ltr'>aliique</span> <span class='ocrx_word' id='word_1_58' title='bbox 1023 795 1192 858; x_wconf 87' lang='lat' dir='ltr'>plures,</span> <span class='ocrx_word' id='word_1_59' title='bbox 1212 795 1307 842; x_wconf 70' lang='lat' dir='ltr'>haze</span> <span class='ocrx_word' id='word_1_60' title='bbox 1327 797 1377 843; x_wconf 85' lang='lat'>&amp;</span> <span class='ocrx_word' id='word_1_61' title='bbox 1396 794 1510 842; x_wconf 82' lang='lat' dir='ltr'>fimi-</span> 
     </span>
     <span class='ocr_line' id='line_1_10' title="bbox 225 868 1338 932; baseline 0 -16"><span class='ocrx_word' id='word_1_62' title='bbox 225 868 285 916; x_wconf 82' lang='lat' dir='ltr'>lia</span> <span class='ocrx_word' id='word_1_63' title='bbox 304 870 516 932; x_wconf 80' lang='lat' dir='ltr'>perplexe</span> <span class='ocrx_word' id='word_1_64' title='bbox 542 868 760 931; x_wconf 85' lang='lat' dir='ltr'>temporis</span> <span class='ocrx_word' id='word_1_65' title='bbox 783 868 1083 915; x_wconf 88' lang='lat' dir='ltr'>obstinatione</span> <span class='ocrx_word' id='word_1_66' title='bbox 1104 868 1338 917; x_wconf 81' lang='lat' dir='ltr'>scrutante.</span> 
     </span>
    </p>

    <p class='ocr_par' dir='ltr' id='par_1_4' title="bbox 196 940 1518 2468">
     <span class='ocr_line' id='line_1_11' title="bbox 306 940 1514 990; baseline 0 -2"><span class='ocrx_word' id='word_1_67' title='bbox 306 945 402 990; x_wconf 85' lang='lat' dir='ltr'>Vll.</span> <span class='ocrx_word' id='word_1_68' title='bbox 452 943 577 989; x_wconf 87' lang='lat' dir='ltr'>Dum</span> <span class='ocrx_word' id='word_1_69' title='bbox 613 942 689 987; x_wconf 86' lang='lat' dir='ltr'>has</span> <span class='ocrx_word' id='word_1_70' title='bbox 732 941 979 988; x_wconf 81' lang='lat' dir='ltr'>exitiorum</span> <span class='ocrx_word' id='word_1_71' title='bbox 1020 940 1331 988; x_wconf 89' lang='lat' dir='ltr'>communium</span> <span class='ocrx_word' id='word_1_72' title='bbox 1371 940 1514 988; x_wconf 79' lang='lat' dir='ltr'>clades</span> 
     </span>
     <span class='ocr_line' id='line_1_12' title="bbox 226 1013 1513 1069; baseline -0.003 -4"><span class='ocrx_word' id='word_1_73' title='bbox 226 1016 410 1065; x_wconf 84' lang='lat' dir='ltr'>suscitat</span> <span class='ocrx_word' id='word_1_74' title='bbox 438 1015 575 1061; x_wconf 88' lang='lat' dir='ltr'>turbo</span> <span class='ocrx_word' id='word_1_75' title='bbox 600 1013 767 1069; x_wconf 88' lang='lat' dir='ltr'>feralis,</span> <span class='ocrx_word' id='word_1_76' title='bbox 793 1013 947 1060; x_wconf 89' lang='lat' dir='ltr'>urbem</span> <span class='ocrx_word' id='word_1_77' title='bbox 975 1027 1182 1060; x_wconf 75' lang='lat' dir='ltr'>aeternam</span> <span class='ocrx_word' id='word_1_78' title='bbox 1210 1013 1425 1069; x_wconf 84' lang='lat' dir='ltr'>Leontius</span> <span class='ocrx_word' id='word_1_79' title='bbox 1447 1030 1513 1061; x_wconf 88' lang='lat' dir='ltr'>re·</span> 
     </span>
     <span class='ocr_line' id='line_1_13' title="bbox 227 1086 1514 1155; baseline -0.003 -18"><span class='ocrx_word' id='word_1_80' title='bbox 227 1107 365 1155; x_wconf 72' lang='lat' dir='ltr'>gens,</span> <span class='ocrx_word' id='word_1_81' title='bbox 395 1087 534 1134; x_wconf 84' lang='lat' dir='ltr'>multa</span> <span class='ocrx_word' id='word_1_82' title='bbox 561 1086 740 1149; x_wconf 64' lang='lat' dir='ltr'>speflati</span> <span class='ocrx_word' id='word_1_83' title='bbox 771 1086 932 1149; x_wconf 80' lang='lat' dir='ltr'>judicis</span> <span class='ocrx_word' id='word_1_84' title='bbox 959 1087 1231 1134; x_wconf 83' lang='lat' dir='ltr'>documenta</span> <span class='ocrx_word' id='word_1_85' title='bbox 1260 1087 1514 1149; x_wconf 78' lang='lat' dir='ltr'>praebebat,</span> 
     </span>
     <span class='ocr_line' id='line_1_14' title="bbox 229 1160 1514 1223; baseline -0.002 -12"><span class='ocrx_word' id='word_1_86' title='bbox 229 1164 281 1211; x_wconf 77' lang='lat' dir='ltr'>in</span> <span class='ocrx_word' id='word_1_87' title='bbox 301 1161 525 1210; x_wconf 85' lang='lat' dir='ltr'>audiendo</span> <span class='ocrx_word' id='word_1_88' title='bbox 547 1160 689 1219; x_wconf 81' lang='lat' dir='ltr'>celer,</span> <span class='ocrx_word' id='word_1_89' title='bbox 708 1160 752 1206; x_wconf 90' lang='lat' dir='ltr'>in</span> <span class='ocrx_word' id='word_1_90' title='bbox 774 1160 1066 1223; x_wconf 85' lang='lat' dir='ltr'>disceptando</span> <span class='ocrx_word' id='word_1_91' title='bbox 1088 1160 1363 1220; x_wconf 68' lang='lat' dir='ltr'>justissimus,</span> <span class='ocrx_word' id='word_1_92' title='bbox 1383 1174 1514 1208; x_wconf 88' lang='lat' dir='ltr'>natu-</span> 
     </span>
     <span class='ocr_line' id='line_1_15' title="bbox 231 1232 1516 1291; baseline -0.003 -7"><span class='ocrx_word' id='word_1_93' title='bbox 231 1254 280 1284; x_wconf 84' lang='lat' dir='ltr'>ra</span> <span class='ocrx_word' id='word_1_94' title='bbox 300 1234 549 1282; x_wconf 87' lang='lat' dir='ltr'>benevolus</span> <span class='ocrx_word' id='word_1_95' title='bbox 566 1271 578 1291; x_wconf 97' lang='lat'>,</span> <span class='ocrx_word' id='word_1_96' title='bbox 597 1233 701 1280; x_wconf 89' lang='lat' dir='ltr'>licet</span> <span class='ocrx_word' id='word_1_97' title='bbox 720 1233 994 1280; x_wconf 61' lang='lat' dir='ltr'>auctoritatis</span> <span class='ocrx_word' id='word_1_98' title='bbox 1020 1232 1146 1280; x_wconf 83' lang='lat' dir='ltr'>causa</span> <span class='ocrx_word' id='word_1_99' title='bbox 1166 1232 1394 1280; x_wconf 80' lang='lat' dir='ltr'>servandae</span> <span class='ocrx_word' id='word_1_100' title='bbox 1415 1250 1516 1280; x_wconf 84' lang='lat' dir='ltr'>acer</span> 
     </span>
     <span class='ocr_line' id='line_1_16' title="bbox 231 1306 1515 1373; baseline 0 -18"><span class='ocrx_word' id='word_1_101' title='bbox 231 1308 500 1373; x_wconf 82' lang='lat' dir='ltr'>quibusdam</span> <span class='ocrx_word' id='word_1_102' title='bbox 531 1307 794 1364; x_wconf 86' lang='lat' dir='ltr'>videbatur,</span> <span class='ocrx_word' id='word_1_103' title='bbox 815 1309 864 1354; x_wconf 88' lang='lat'>&amp;</span> <span class='ocrx_word' id='word_1_104' title='bbox 894 1306 1155 1352; x_wconf 75' lang='lat' dir='ltr'>inclinatior</span> <span class='ocrx_word' id='word_1_105' title='bbox 1180 1307 1234 1353; x_wconf 84' lang='lat' dir='ltr'>ad</span> <span class='ocrx_word' id='word_1_106' title='bbox 1261 1308 1515 1356; x_wconf 85' lang='lat' dir='ltr'>amandum.</span> 
     </span>
     <span class='ocr_line' id='line_1_17' title="bbox 229 1378 1518 1444; baseline -0.004 -14"><span class='ocrx_word' id='word_1_107' title='bbox 229 1383 380 1431; x_wconf 84' lang='lat' dir='ltr'>Prima</span> <span class='ocrx_word' id='word_1_108' title='bbox 415 1380 547 1444; x_wconf 78' lang='lat' dir='ltr'>igitur</span> <span class='ocrx_word' id='word_1_109' title='bbox 584 1378 713 1426; x_wconf 80' lang='lat' dir='ltr'>causa</span> <span class='ocrx_word' id='word_1_110' title='bbox 749 1378 980 1425; x_wconf 85' lang='lat' dir='ltr'>seditionis</span> <span class='ocrx_word' id='word_1_111' title='bbox 1018 1378 1064 1424; x_wconf 88' lang='lat' dir='ltr'>in</span> <span class='ocrx_word' id='word_1_112' title='bbox 1098 1394 1199 1424; x_wconf 87' lang='lat' dir='ltr'>eum</span> <span class='ocrx_word' id='word_1_113' title='bbox 1235 1379 1518 1425; x_wconf 84' lang='lat' dir='ltr'>concitandae</span> 
     </span>
     <span class='ocr_line' id='line_1_18' title="bbox 233 1449 1517 1513; baseline -0.003 -12"><span class='ocrx_word' id='word_1_114' title='bbox 233 1453 444 1502; x_wconf 85' lang='lat' dir='ltr'>viliffima</span> <span class='ocrx_word' id='word_1_115' title='bbox 472 1450 556 1496; x_wconf 81' lang='lat' dir='ltr'>suit</span> <span class='ocrx_word' id='word_1_116' title='bbox 589 1452 638 1498; x_wconf 86' lang='lat'>&amp;</span> <span class='ocrx_word' id='word_1_117' title='bbox 668 1449 798 1497; x_wconf 87' lang='lat' dir='ltr'>levis.</span> <span class='ocrx_word' id='word_1_118' title='bbox 827 1449 1142 1496; x_wconf 90' lang='lat' dir='ltr'>Philoromum</span> <span class='ocrx_word' id='word_1_119' title='bbox 1169 1450 1288 1496; x_wconf 91' lang='lat' dir='ltr'>enim</span> <span class='ocrx_word' id='word_1_120' title='bbox 1321 1450 1517 1513; x_wconf 86' lang='lat' dir='ltr'>aurigam</span> 
     </span>
     <span class='ocr_line' id='line_1_19' title="bbox 233 1523 1517 1589; baseline -0.002 -15"><span class='ocrx_word' id='word_1_121' title='bbox 233 1526 333 1589; x_wconf 74' lang='lat' dir='ltr'>rapi</span> <span class='ocrx_word' id='word_1_122' title='bbox 353 1523 806 1587; x_wconf 83' lang='lat' dir='ltr'>praeceptum,secuta</span> <span class='ocrx_word' id='word_1_123' title='bbox 829 1524 951 1586; x_wconf 88' lang='lat' dir='ltr'>plebs</span> <span class='ocrx_word' id='word_1_124' title='bbox 972 1523 1121 1572; x_wconf 89' lang='lat' dir='ltr'>omnis</span> <span class='ocrx_word' id='word_1_125' title='bbox 1142 1523 1267 1570; x_wconf 88' lang='lat' dir='ltr'>velut</span> <span class='ocrx_word' id='word_1_126' title='bbox 1286 1523 1517 1572; x_wconf 86' lang='lat' dir='ltr'>defensura</span> 
     </span>
     <span class='ocr_line' id='line_1_20' title="bbox 234 1596 1516 1664; baseline -0.002 -18"><span class='ocrx_word' id='word_1_127' title='bbox 234 1600 473 1664; x_wconf 80' lang='lat' dir='ltr'>proprium</span> <span class='ocrx_word' id='word_1_128' title='bbox 495 1598 678 1663; x_wconf 80' lang='lat' dir='ltr'>pignus,</span> <span class='ocrx_word' id='word_1_129' title='bbox 699 1598 890 1645; x_wconf 88' lang='lat' dir='ltr'>terribili</span> <span class='ocrx_word' id='word_1_130' title='bbox 917 1597 1086 1661; x_wconf 90' lang='lat' dir='ltr'>impetu</span> <span class='ocrx_word' id='word_1_131' title='bbox 1105 1596 1359 1661; x_wconf 68' lang='lat' dir='ltr'>praefeffitm</span> <span class='ocrx_word' id='word_1_132' title='bbox 1377 1597 1516 1646; x_wconf 88' lang='lat' dir='ltr'>inces-</span> 
     </span>
     <span class='ocr_line' id='line_1_21' title="bbox 234 1671 1516 1729; baseline -0.002 -9"><span class='ocrx_word' id='word_1_133' title='bbox 234 1673 357 1721; x_wconf 80' lang='lat' dir='ltr'>sebat</span> <span class='ocrx_word' id='word_1_134' title='bbox 375 1684 423 1720; x_wconf 84' lang='lat' dir='ltr'>ut</span> <span class='ocrx_word' id='word_1_135' title='bbox 439 1672 672 1719; x_wconf 84' lang='lat' dir='ltr'>timidum:</span> <span class='ocrx_word' id='word_1_136' title='bbox 693 1672 765 1719; x_wconf 90' lang='lat' dir='ltr'>sed</span> <span class='ocrx_word' id='word_1_137' title='bbox 782 1671 856 1718; x_wconf 89' lang='lat' dir='ltr'>ille</span> <span class='ocrx_word' id='word_1_138' title='bbox 883 1671 1044 1719; x_wconf 87' lang='lat' dir='ltr'>stabilis</span> <span class='ocrx_word' id='word_1_139' title='bbox 1061 1674 1110 1720; x_wconf 90' lang='lat'>&amp;</span> <span class='ocrx_word' id='word_1_140' title='bbox 1136 1674 1328 1729; x_wconf 66' lang='lat' dir='ltr'>ereCffls,</span> <span class='ocrx_word' id='word_1_141' title='bbox 1351 1671 1516 1719; x_wconf 86' lang='lat' dir='ltr'>immis-</span> 
     </span>
     <span class='ocr_line' id='line_1_22' title="bbox 237 1745 1517 1810; baseline 0 -18"><span class='ocrx_word' id='word_1_142' title='bbox 237 1746 291 1793; x_wconf 68' lang='lat' dir='ltr'>sis</span> <span class='ocrx_word' id='word_1_143' title='bbox 311 1745 666 1808; x_wconf 76' lang='lat' dir='ltr'>apparitoribuS,</span> <span class='ocrx_word' id='word_1_144' title='bbox 681 1762 918 1810; x_wconf 85' lang='lat' dir='ltr'>correptos</span> <span class='ocrx_word' id='word_1_145' title='bbox 935 1745 1106 1809; x_wconf 86' lang='lat' dir='ltr'>aliquot</span> <span class='ocrx_word' id='word_1_146' title='bbox 1125 1745 1401 1809; x_wconf 81' lang='lat' dir='ltr'>vexatosque</span> <span class='ocrx_word' id='word_1_147' title='bbox 1421 1758 1517 1792; x_wconf 87' lang='lat' dir='ltr'>tor·</span> 
     </span>
     <span class='ocr_line' id='line_1_23' title="bbox 237 1818 1516 1882; baseline 0 -15"><span class='ocrx_word' id='word_1_148' title='bbox 237 1820 425 1877; x_wconf 80' lang='lat' dir='ltr'>mentis,</span> <span class='ocrx_word' id='word_1_149' title='bbox 444 1835 528 1865; x_wconf 88' lang='lat' dir='ltr'>nec</span> <span class='ocrx_word' id='word_1_150' title='bbox 555 1818 772 1882; x_wconf 83' lang='lat' dir='ltr'>strepente</span> <span class='ocrx_word' id='word_1_151' title='bbox 797 1819 920 1877; x_wconf 89' lang='lat' dir='ltr'>ullo,</span> <span class='ocrx_word' id='word_1_152' title='bbox 948 1835 1031 1866; x_wconf 90' lang='lat' dir='ltr'>nec</span> <span class='ocrx_word' id='word_1_153' title='bbox 1056 1819 1318 1877; x_wconf 80' lang='lat' dir='ltr'>obsistente,</span> <span class='ocrx_word' id='word_1_154' title='bbox 1336 1819 1516 1867; x_wconf 75' lang='lat' dir='ltr'>insulari</span> 
     </span>
     <span class='ocr_line' id='line_1_24' title="bbox 237 1891 1517 1957; baseline 0.002 -20"><span class='ocrx_word' id='word_1_155' title='bbox 237 1909 375 1955; x_wconf 85' lang='lat' dir='ltr'>poena</span> <span class='ocrx_word' id='word_1_156' title='bbox 398 1891 645 1941; x_wconf 67' lang='lat' dir='ltr'>mulctavit.</span> <span class='ocrx_word' id='word_1_157' title='bbox 671 1892 931 1957; x_wconf 88' lang='lat' dir='ltr'>Diebusque</span> <span class='ocrx_word' id='word_1_158' title='bbox 951 1892 1102 1956; x_wconf 86' lang='lat' dir='ltr'>paucis</span> <span class='ocrx_word' id='word_1_159' title='bbox 1122 1892 1301 1952; x_wconf 87' lang='lat' dir='ltr'>secutis,</span> <span class='ocrx_word' id='word_1_160' title='bbox 1320 1910 1420 1941; x_wconf 91' lang='lat' dir='ltr'>cum</span> <span class='ocrx_word' id='word_1_161' title='bbox 1443 1892 1517 1940; x_wconf 89' lang='lat' dir='ltr'>iti-</span> 
     </span>
     <span class='ocr_line' id='line_1_25' title="bbox 238 1965 1517 2030; baseline 0.002 -20"><span class='ocrx_word' id='word_1_162' title='bbox 238 1966 341 2011; x_wconf 76' lang='lat' dir='ltr'>dem</span> <span class='ocrx_word' id='word_1_163' title='bbox 370 1965 494 2028; x_wconf 85' lang='lat' dir='ltr'>plebs</span> <span class='ocrx_word' id='word_1_164' title='bbox 518 1965 659 2013; x_wconf 87' lang='lat' dir='ltr'>excita</span> <span class='ocrx_word' id='word_1_165' title='bbox 687 1966 865 2023; x_wconf 88' lang='lat' dir='ltr'>calore,</span> <span class='ocrx_word' id='word_1_166' title='bbox 884 1982 975 2030; x_wconf 90' lang='lat' dir='ltr'>quo</span> <span class='ocrx_word' id='word_1_167' title='bbox 996 1965 1260 2024; x_wconf 86' lang='lat' dir='ltr'>consuevit,</span> <span class='ocrx_word' id='word_1_168' title='bbox 1289 1966 1384 2014; x_wconf 88' lang='lat' dir='ltr'>vini</span> <span class='ocrx_word' id='word_1_169' title='bbox 1413 1983 1517 2014; x_wconf 86' lang='lat' dir='ltr'>cau-</span> 
     </span>
     <span class='ocr_line' id='line_1_26' title="bbox 239 2038 1517 2102; baseline 0.001 -17"><span class='ocrx_word' id='word_1_170' title='bbox 239 2038 381 2085; x_wconf 70' lang='lat' dir='ltr'>{ando</span> <span class='ocrx_word' id='word_1_171' title='bbox 409 2038 609 2102; x_wconf 83' lang='lat' dir='ltr'>inopiam</span> <span class='ocrx_word' id='word_1_172' title='bbox 626 2075 639 2098; x_wconf 90' lang='lat'>‚</span> <span class='ocrx_word' id='word_1_173' title='bbox 660 2039 714 2086; x_wconf 87' lang='lat' dir='ltr'>ad</span> <span class='ocrx_word' id='word_1_174' title='bbox 741 2038 1096 2102; x_wconf 86' lang='lat' dir='ltr'>Septemzodium</span> <span class='ocrx_word' id='word_1_175' title='bbox 1121 2038 1421 2096; x_wconf 80' lang='lat' dir='ltr'>convenisset,</span> <span class='ocrx_word' id='word_1_176' title='bbox 1442 2056 1517 2086; x_wconf 88' lang='lat' dir='ltr'>ce-</span> 
     </span>
     <span class='ocr_line' id='line_1_27' title="bbox 241 2110 1517 2174; baseline 0.002 -19"><span class='ocrx_word' id='word_1_177' title='bbox 241 2110 411 2156; x_wconf 80' lang='lat' dir='ltr'>lebrem</span> <span class='ocrx_word' id='word_1_178' title='bbox 453 2112 634 2170; x_wconf 82' lang='lat' dir='ltr'>locum,</span> <span class='ocrx_word' id='word_1_179' title='bbox 669 2111 747 2159; x_wconf 84' lang='lat' dir='ltr'>ubi</span> <span class='ocrx_word' id='word_1_180' title='bbox 776 2111 923 2174; x_wconf 89' lang='lat' dir='ltr'>operis</span> <span class='ocrx_word' id='word_1_181' title='bbox 959 2110 1179 2157; x_wconf 80' lang='lat' dir='ltr'>ambitiosi</span> <span class='ocrx_word' id='word_1_182' title='bbox 1211 2112 1517 2174; x_wconf 80' lang='lat' dir='ltr'>Nymphaeum</span> 
     </span>
     <span class='ocr_line' id='line_1_28' title="bbox 196 2183 1517 2249; baseline 0.002 -19"><span class='ocrx_word' id='word_1_183' title='bbox 196 2183 205 2197; x_wconf 76' lang='lat'><strong><em>&#39;</em></strong></span> <span class='ocrx_word' id='word_1_184' title='bbox 242 2184 424 2231; x_wconf 81' lang='lat' dir='ltr'>Marcus</span> <span class='ocrx_word' id='word_1_185' title='bbox 448 2185 652 2232; x_wconf 88' lang='lat' dir='ltr'>condidit</span> <span class='ocrx_word' id='word_1_186' title='bbox 679 2188 953 2248; x_wconf 88' lang='lat' dir='ltr'>Imperator:</span> <span class='ocrx_word' id='word_1_187' title='bbox 975 2184 1080 2232; x_wconf 89' lang='lat' dir='ltr'>illuc</span> <span class='ocrx_word' id='word_1_188' title='bbox 1102 2185 1155 2231; x_wconf 89' lang='lat' dir='ltr'>de</span> <span class='ocrx_word' id='word_1_189' title='bbox 1174 2185 1385 2232; x_wconf 82' lang='lat' dir='ltr'>industria</span> <span class='ocrx_word' id='word_1_190' title='bbox 1414 2202 1517 2249; x_wconf 87' lang='lat' dir='ltr'>per·</span> 
     </span>
     <span class='ocr_line' id='line_1_29' title="bbox 244 2256 1518 2322; baseline 0.003 -21"><span class='ocrx_word' id='word_1_191' title='bbox 244 2272 353 2321; x_wconf 85' lang='lat' dir='ltr'>gens</span> <span class='ocrx_word' id='word_1_192' title='bbox 381 2256 635 2319; x_wconf 66' lang='lat' dir='ltr'>praefectus,</span> <span class='ocrx_word' id='word_1_193' title='bbox 662 2258 717 2305; x_wconf 88' lang='lat' dir='ltr'>ab</span> <span class='ocrx_word' id='word_1_194' title='bbox 743 2258 871 2305; x_wconf 91' lang='lat' dir='ltr'>omni</span> <span class='ocrx_word' id='word_1_195' title='bbox 905 2269 1008 2322; x_wconf 86' lang='lat' dir='ltr'>toga</span> <span class='ocrx_word' id='word_1_196' title='bbox 1039 2257 1408 2322; x_wconf 87' lang='lat' dir='ltr'>apparitioneque</span> <span class='ocrx_word' id='word_1_197' title='bbox 1439 2274 1518 2305; x_wconf 92' lang='lat' dir='ltr'>ro-</span> 
     </span>
     <span class='ocr_line' id='line_1_30' title="bbox 246 2331 1517 2396; baseline 0.002 -19"><span class='ocrx_word' id='word_1_198' title='bbox 246 2331 429 2394; x_wconf 82' lang='lat' dir='ltr'>gabatur</span> <span class='ocrx_word' id='word_1_199' title='bbox 459 2331 645 2390; x_wconf 80' lang='lat' dir='ltr'>enisius,</span> <span class='ocrx_word' id='word_1_200' title='bbox 672 2350 727 2379; x_wconf 92' lang='lat' dir='ltr'>ne</span> <span class='ocrx_word' id='word_1_201' title='bbox 749 2333 794 2380; x_wconf 89' lang='lat' dir='ltr'>in</span> <span class='ocrx_word' id='word_1_202' title='bbox 814 2332 1143 2380; x_wconf 86' lang='lat' dir='ltr'>multitudinem</span> <span class='ocrx_word' id='word_1_203' title='bbox 1169 2331 1210 2378; x_wconf 90' lang='lat' dir='ltr'>se</span> <span class='ocrx_word' id='word_1_204' title='bbox 1234 2344 1517 2396; x_wconf 85' lang='lat' dir='ltr'>arrogantem</span> 
     </span>
     <span class='ocr_line' id='line_1_31' title="bbox 245 2403 1518 2468; baseline 0 -18"><span class='ocrx_word' id='word_1_205' title='bbox 245 2403 506 2451; x_wconf 85' lang='lat' dir='ltr'>immitteret</span> <span class='ocrx_word' id='word_1_206' title='bbox 544 2407 593 2452; x_wconf 65' lang='grc' dir='ltr'>ὃ(</span> <span class='ocrx_word' id='word_1_207' title='bbox 621 2405 870 2463; x_wconf 88' lang='lat' dir='ltr'>minacem,</span> <span class='ocrx_word' id='word_1_208' title='bbox 906 2423 961 2454; x_wconf 86' lang='lat' dir='ltr'>ex</span> <span class='ocrx_word' id='word_1_209' title='bbox 995 2405 1305 2453; x_wconf 85' lang='lat' dir='ltr'>commotione</span> <span class='ocrx_word' id='word_1_210' title='bbox 1337 2404 1518 2468; x_wconf 85' lang='lat' dir='ltr'>pristina</span> 
     </span>
    </p>
   </div>
   <div class='ocr_carea' id='block_1_4' title="bbox 247 2476 1517 2546">
    <p class='ocr_par' dir='ltr' id='par_1_5' title="bbox 247 2476 1517 2546">
     <span class='ocr_line' id='line_1_32' title="bbox 247 2476 1517 2546; baseline -0.004 -16"><span class='ocrx_word' id='word_1_211' title='bbox 247 2476 531 2531; x_wconf 75' lang='lat' dir='ltr'>saevientem:</span> <span class='ocrx_word' id='word_1_212' title='bbox 552 2477 830 2545; x_wconf 75' lang='lat' dir='ltr'>difficilisque</span> <span class='ocrx_word' id='word_1_213' title='bbox 855 2480 907 2535; x_wconf 83' lang='lat' dir='ltr'>ad</span> <span class='ocrx_word' id='word_1_214' title='bbox 927 2495 1147 2546; x_wconf 83' lang='lat' dir='ltr'>pavorem</span> <span class='ocrx_word' id='word_1_215' title='bbox 1166 2479 1281 2531; x_wconf 58' lang='lat' dir='ltr'>rede</span> <span class='ocrx_word' id='word_1_216' title='bbox 1301 2477 1517 2540; x_wconf 84' lang='lat' dir='ltr'>tetendit,</span> 
     </span>
    </p>
   </div>
  </div>
 </body>
</html>
