1626 2917
538 151 804 196 VITA.
1285 164 1320 198 v

35 254 212 303 siluisset
231 257 308 314 jus
334 260 603 305 Buleutarum
620 293 632 313 ,
657 257 712 303 ad
737 254 989 317 exemplum
1010 255 1132 303 urbis
1152 257 1320 303 Roma-
1343 269 1351 274 ’

35 339 106 368 nae
133 339 158 368 a
185 322 362 370 Iuliano
383 322 612 387 Byzantiis
634 323 811 379 datum,
835 321 1007 382 aliaque
1038 321 1084 367 in
1119 337 1196 368 eos
1221 321 1320 369 col-

0 405 8 417 ‘
33 387 123 433 lata
161 386 408 446 beneficia,
439 405 538 451 quae
567 387 770 434 Zofimus
809 386 1015 448 expreffit
1035 400 1124 436 :ut
1159 404 1319 434 verum

33 452 116 524 fit,
141 453 268 516 quod
296 453 430 501 initio
461 452 586 512 dixi,
620 453 808 516 patriam
851 451 947 514 ejus
983 452 1234 516 ambiguam
1269 454 1322 501 &t

34 530 270 565 mcertam.

98 582 172 628 Ab
199 579 498 630 adolescentia
530 582 672 646 prima
692 582 946 630 liberalibus
975 582 1218 645 disciplinis
1235 581 1321 629 im-

34 646 169 695 butus
204 647 328 695 fuisse
369 649 552 695 videtur
574 684 588 707 ‚
624 650 675 695 &
706 648 921 695 sermonis
967 647 1200 713 utriusque
1235 665 1321 695 co-

33 713 176 776 piam,
195 712 398 774 adjunE‘ta
424 731 571 760 rerum
603 714 819 776 gestarum
859 713 1039 760 scientia
1061 750 1073 769 ‚
1103 713 1323 760 consecu-

33 791 120 826 tus.
148 779 294 826 Unius
323 779 422 825 sane
443 778 681 826 Ciceronis
703 779 896 824 lectione
917 778 1200 837 delefilatum,
1220 778 1319 841 pas-

33 843 116 890 fim
149 855 247 890 tota
275 843 468 891 Historia
494 844 689 890 indicat:
712 842 838 901 cujus
865 842 1035 890 utinam
1065 842 1211 890 stilum
1229 879 1241 902 ,
1269 855 1322 892 ut

37 907 306 968 sententias,
338 925 446 970 quas
470 907 695 972 saepiffime
726 906 972 966 interserit,
1001 907 1145 955 fuiffet
1177 909 1320 956 imita-

36 972 145 1024 tus!
177 974 256 1020 His
285 974 484 1021 adducor
505 1009 518 1031 ,
549 986 599 1019 ut
637 974 813 1020 credam
836 1009 850 1030 ,
886 990 910 1019 a
946 973 1088 1035 prima
1126 975 1321 1037 pueritia

39 1040 355 1096 Marcellinum,
376 1038 582 1101 quamvis
606 1050 710 1086 ortu
737 1040 946 1085 Graecum
964 1075 977 1095 ,
999 1039 1044 1084 in
1066 1040 1326 1088 Occidente

34 1102 221 1162 vixiffe,
249 1104 401 1167 ibique
434 1104 602 1151 Latinae
635 1103 882 1151 locutionis
910 1103 1166 1151 facultatem
1203 1123 1322 1153 con-

36 1167 247 1215 secutum.
273 1170 389 1215 Nam
420 1168 605 1231 sequens
635 1167 728 1230 ejus
752 1184 855 1215 aetas
874 1170 1140 1232 provectior
1160 1173 1208 1219 &
1231 1189 1323 1218 ma-

36 1232 183 1279 turior
201 1269 216 1291 ‚
245 1234 380 1281 toties
411 1234 539 1281 bellis
567 1236 616 1282 &
644 1235 775 1280 rebus
808 1235 1009 1297 gerendis
1041 1236 1323 1299 interpellata

36 1313 91 1345 ac
116 1298 327 1360 impedita
347 1335 361 1357 ,
395 1299 435 1345 ei
467 1300 531 1346 rei
561 1299 642 1345 vix
677 1299 922 1346 suffecisset.
953 1300 1161 1348 Militiam
1199 1302 1322 1350 enim

38 1377 251 1410 armatam
283 1363 426 1410 statim
471 1364 653 1411 sectatus
683 1365 744 1410 est
764 1400 777 1422 ,
813 1365 1098 1428 primumque
1133 1384 1156 1413 a
1189 1368 1323 1413 Con-

39 1426 205 1474 stantio
236 1428 492 1475 adolescens
522 1429 794 1483 admodum,
824 1430 871 1476 in
902 1431 1097 1477 cohorte
1126 1432 1323 1480 Ursicini

41 1491 238 1554 Magistri
282 1493 479 1556 equitum
506 1492 591 1540 fuit
623 1493 892 1556 adscriptus;
919 1512 1052 1558 quem
1076 1497 1208 1543 etiarn
1239 1497 1324 1544 sae-

41 1557 210 1618 piffime
254 1557 493 1606 occasione
524 1559 623 1604 data
663 1561 975 1619 commendat,
1019 1578 1069 1607 ac
1110 1561 1203 1623 ejus
1236 1563 1326 1610 mi-

40 1621 189 1669 litares
222 1622 412 1670 virtutes
441 1623 495 1669 ad
527 1623 741 1670 invidiam
769 1623 908 1688 usque
935 1627 1164 1688 praeclaras
1204 1629 1324 1676 cele-

40 1687 152 1733 brat.
181 1688 292 1746 Quo
322 1689 377 1734 ab
407 1688 596 1735 Oriente
620 1702 869 1748 revocato,
898 1690 1014 1737 inter
1037 1692 1324 1743 Protectores

41 1751 332 1811 Domesticos=
360 1753 612 1800 Constantii
646 1756 831 1822 equestres
851 1790 863 1812 ,
894 1769 944 1801 ut
982 1769 1096 1819 puto
1118 1792 1131 1814 ,
1170 1760 1327 1821 potius

40 1832 174 1878 quam
197 1819 382 1879 pedites,
408 1832 607 1866 retentus
636 1820 719 1866 fuit
750 1823 1052 1880 Marcellinus,
1084 1822 1226 1870 homo
1246 1826 1326 1871 ad-

42 1880 132 1928 huc
161 1882 451 1939 adolescens;
481 1885 690 1947 quamvis
722 1885 815 1946 ejus
854 1888 1025 1933 ordinis
1058 1887 1148 1933 viri
1178 1905 1234 1935 ex
1270 1891 1327 1938 iis

43 1946 200 1993 deleffi
220 1947 382 2003 effent,
398 1949 475 2012 qui
501 1966 622 1996 arma
647 1949 732 2007 jam
755 1952 971 2005 tulerant,
992 1952 1205 2005 bellisque
1225 1955 1329 2004 aliis

43 2012 94 2058 δε
127 2013 491 2072 expeditionibus
518 2014 812 2063 interfuerant
831 2052 846 2073 ,
875 2030 923 2063 ut
949 2018 1113 2065 Juliani
1138 2021 1246 2082 Imp.
1270 2021 1330 2068 ad

43 2077 285 2124 Leontium
316 2079 512 2141 Epistola
540 2081 714 2142 probat.
742 2085 779 2128 Is
807 2082 936 2129 locus
972 2085 1021 2131 &
1050 2084 1209 2148 gradus
1237 2086 1327 2132 mi-

42 2140 152 2187 liriae
178 2158 229 2188 ea
251 2144 508 2206 tempestate
533 2145 646 2192 adeo
669 2145 752 2193 fuit
771 2147 1008 2204 honestus,
1030 2161 1078 2194 ut
1107 2149 1329 2198 Jovianus

44 2221 100 2251 ex
144 2207 411 2255 Domestico
449 2211 738 2269 protectore,
770 2215 819 2259 ὃς
855 2213 1081 2260 Ammiani
1114 2214 1328 2278 collega,

46 2269 183 2318 faetus
217 2275 375 2320 scholae
406 2277 666 2322 Primicerius
684 2312 697 2332 ,
719 2294 774 2322 ex
808 2278 1070 2325 Primicerio
1099 2283 1333 2340 Imperator

47 2347 221 2383 creatus
253 2338 330 2394 fit3
367 2339 502 2403 idque
540 2338 641 2387 finis
683 2341 786 2389 libri
825 2344 970 2402 XXI,
1010 2347 1059 2393 &
1095 2343 1332 2410 sequentes

46 2399 225 2447 docent.

89 2466 266 2514 ·Miffus
294 2467 449 2532 postea
477 2468 526 2517 in
555 2470 751 2520 Galliam
782 2472 1013 2523 Urficinus
1030 2509 1044 2531 ‚
1078 2474 1200 2537 quasi
1225 2473 1329 2528 suco,

1025 2556 1050 2586 a
1075 2557 1100 2586 2.
