1626 2917
194 216 287 266 320
415 198 754 247 AMMIANt
789 181 1269 246 mmmmm

189 307 346 353 dantes
379 305 425 352 in
462 305 672 352 traffibus
704 303 792 350 illis
822 321 900 366 per
931 304 1058 352 aestus
1094 307 1293 354 torridos
1322 306 1480 355 cadere

190 390 530 434 memorantur,
551 375 881 422 exundationes
910 376 1004 436 ejus
1033 376 1143 441 erigi
1162 379 1268 426 anni
1296 390 1479 441 tempo-

190 450 316 497 ribus
345 448 537 494 afferunt
559 447 632 494 alii
659 446 916 509 praestitutis
938 465 948 493 ε
975 449 1101 512 quod
1133 461 1370 514 utrumque
1391 450 1480 495 dis-

191 521 352 569 sonare
371 521 553 568 videtur
572 537 597 566 a
612 519 818 567 veritate.
835 520 1001 567 Imbres
1020 520 1138 567 enim
1167 521 1286 584 apud
1303 521 1481 568 AEthio-
1538 540 1543 544 ·

190 611 271 657 pas
302 606 378 641 aut
409 610 639 656 nunquam
669 629 684 650 ,
722 604 797 640 aut
836 609 914 656 per
952 593 1188 641 inter'valla
1224 607 1480 657 temporum

189 668 357 732 longa,
391 668 549 714 cadere
580 680 906 714 memorantur.
947 666 1124 730 Opinio
1160 667 1220 714 est
1261 668 1482 715 celebrior

189 742 279 789 alia
294 778 306 799 ‚
328 742 454 805 quod
479 741 749 805 spirantibus
770 741 1052 804 prodromis,
1074 759 1238 806 perque
1257 743 1348 790 dies
1369 759 1482 810 qua-

191 816 399 880 draginta
433 818 482 864 &
519 816 721 879 quinque
757 815 998 862 Etesiarum
1036 815 1267 863 continuis
1302 816 1482 862 flatibus

192 888 514 951 repellentibus
541 889 637 949 ejus
664 901 884 945 meatum,
907 889 1152 936 velocitate
1183 889 1383 936 cohibita
1410 888 1482 935 su-

194 960 383 1025 perfusis
414 960 621 1008 fluffibus
657 961 942 1008 intumescit:
975 964 1023 1009 &
1055 962 1298 1009 relufitante
1330 962 1486 1025 spiritu

194 1033 501 1081 controverso
531 1032 788 1080 adolescens
822 1033 867 1078 in
897 1031 1033 1095 majus
1052 1070 1065 1090 ‚
1094 1032 1199 1080 hinc
1234 1033 1282 1079 vi
1326 1049 1484 1078 rever-

193 1107 380 1154 berante
418 1119 659 1153 ventorum
684 1142 697 1163 ‚
735 1106 838 1152 inde
875 1119 1059 1168 urgente
1097 1105 1224 1153 cursu
1267 1123 1483 1153 venarum

195 1179 463 1242 perennium
480 1214 493 1235 ‚
511 1178 801 1242 progrediens
823 1177 867 1223 in
884 1178 1069 1224 sublime
1096 1178 1203 1241 tegit
1226 1177 1380 1224 omnia
1399 1213 1411 1235 ,
1435 1179 1486 1226 &

195 1252 342 1298 humo
382 1250 636 1313 suppressa,
677 1267 755 1313 per
792 1250 944 1313 supina
986 1268 1250 1313 camporum
1292 1251 1483 1315 speciem

195 1324 379 1370 exhibet
409 1324 556 1371 maris.
583 1325 682 1370 Rex
713 1336 857 1370 autem
886 1325 996 1372 Juba
1019 1325 1295 1372 Punicorum
1334 1324 1481 1373 confi·

195 1395 270 1443 sus
299 1409 426 1443 textu
464 1396 683 1443 librorum
705 1431 718 1454 ‚
751 1413 774 1442 a
810 1410 966 1443 monte
1002 1397 1200 1459 quodam
1239 1397 1350 1452 oriri
1381 1414 1486 1444 eum

195 1469 391 1532 exponit
411 1506 424 1528 ‚
453 1470 531 1533 qui
563 1469 667 1516 situs
705 1470 750 1515 in
788 1470 1058 1518 Mauritania
1099 1471 1316 1533 despefi'tat
1347 1487 1483 1519 ocea-

197 1559 307 1589 num
326 1560 336 1590 :
358 1541 513 1606 hisque
541 1542 718 1590 indiciis
746 1544 835 1590 hoc
872 1543 1101 1605 proditum
1129 1543 1224 1603 ait,
1253 1545 1377 1608 quod
1419 1543 1486 1607 pi-

196 1617 290 1665 sces
310 1617 361 1665 &
380 1617 531 1663 herbae
551 1654 565 1674 ,
585 1619 633 1665 &
655 1616 815 1663 belluae
840 1617 998 1663 fimiles
1018 1633 1098 1680 per
1119 1634 1190 1666 eas
1218 1618 1399 1681 paludes
1418 1618 1488 1681 gi-

198 1704 416 1753 gnuntur.
449 1689 694 1752 AEthiopiae
723 1702 870 1736 autem
902 1702 1046 1752 partes
1073 1702 1384 1754 praetermeans
1406 1690 1484 1737 Ni·

198 1766 269 1810 lus
287 1799 302 1822 ,
331 1764 569 1810 nominum
608 1763 860 1811 diversitate
894 1764 1104 1823 decursa,
1137 1781 1238 1828 quae
1259 1763 1300 1810 ei
1328 1765 1487 1811 orbem

151 1849 161 1861 ¹
199 1839 455 1901 peragranti
495 1838 703 1886 nationes
741 1839 941 1886 indidere
974 1839 1228 1902 complures
1252 1874 1265 1895 ,
1298 1838 1485 1884 aestuans

198 1912 501 1960 inundatione
530 1913 736 1960 ditiflima
765 1914 819 1960 ad
850 1914 1114 1970 cataraftas,
1132 1914 1175 1960 id
1208 1913 1292 1972 est,
1311 1930 1485 1976 praeru-

199 2000 307 2051 ptos
334 1987 544 2050 scopulos
574 1988 723 2046 venit,
753 2005 776 2034 e
798 1988 960 2049 quibus
983 1987 1266 2050 praecipitans
1291 1986 1378 2031 ruit
1398 2002 1486 2048 po·
1559 1985 1565 1994 ‘

201 2060 292 2107 tius
309 2096 322 2118 ,
353 2060 608 2123 quamvssuit
631 2079 641 2108 z
664 2062 780 2107 unde
801 2062 916 2108 Atos
941 2062 1051 2107 olim
1072 2060 1272 2115 accola5‚
1295 2059 1372 2105 usu
1403 2076 1484 2105 au·-

201 2132 319 2180 rium
353 2132 530 2196 fragore
559 2133 729 2181 affiduo
762 2135 1023 2187 deminuto,
1053 2132 1279 2179 neceffitas
1304 2145 1481 2178 vertere

202 2205 349 2252 solum
369 2206 424 2251 ad
440 2205 661 2268 quietiora
686 2206 850 2270 coegit.
873 2205 1045 2252 Exinde
1066 2204 1210 2250 lenius
1230 2221 1382 2250 means
1404 2218 1484 2265 per

202 2278 314 2326 ostia
333 2279 521 2342 septem,
544 2297 738 2343 quorum
759 2281 925 2344 fingula
946 2290 1264 2341 perpetuorum
1286 2277 1486 2323 amnium

202 2353 331 2399 usum
351 2354 399 2399 ὅ(
419 2351 578 2399 faciem
600 2352 827 2416 praebent,
846 2352 980 2400 nullis
999 2368 1077 2413 per
1096 2351 1342 2414 AEgyptum
1360 2348 1486 2412 aquis

200 2425 400 2474 externis
430 2425 604 2487 adjutus
642 2426 862 2488 ejeElatur.
895 2429 949 2472 Et
977 2437 1136 2488 praeter
1164 2441 1315 2471 amnes
1341 2423 1486 2486 pluri-

203 2518 308 2550 mos
343 2518 399 2549 ex
432 2501 566 2553 alveo
597 2502 830 2554 derivatos
862 2500 1076 2560 auctore,
1113 2496 1402 2562 cadentesque
1438 2494 1486 2544 in
