1626 2917
290 186 353 224 (v
390 199 403 221 ·.
451 173 838 220 AMMIANI
883 171 1426 217 MARCELLINI

297 281 354 328 de
382 279 595 326 honorar.
618 279 670 326 C.
691 295 790 341 quae
817 277 916 324 data
933 277 994 324 est
1020 277 1270 341 Acindyno
1300 279 1351 326 &
1374 276 1575 325 Proculo

298 344 422 392 Coff.
456 343 648 390 Invenio
669 346 718 391 &
743 346 1035 390 Marcellinum
1054 343 1266 406 appellari
1287 361 1311 390 a
1329 345 1466 389 Sexto
1489 342 1575 388 Vi·
1598 366 1605 375 ·

295 412 420 458 {lore
439 443 454 464 ,
481 408 526 454 in
561 408 786 455 veteribus
806 408 936 453 etiam
959 407 1108 464 libris,
1129 408 1207 472 qui
1233 425 1334 455 cum
1365 406 1576 454 Chrestio

295 477 348 523 δέ
374 474 639 538 Magnentio
661 473 707 518 in
725 472 981 519 Constantis
998 489 1152 519 necem
1173 473 1449 536 conspiravit
1470 489 1482 519 ε
1503 470 1577 518 sed

295 557 393 588 non
423 539 551 586 facile
585 537 796 594 dixerim,
816 555 871 584 an
901 537 957 584 ad
977 540 1259 584 Ammianum
1285 536 1576 600 pertinuerit,

296 621 430 667 quem
468 601 651 650 nomine
689 615 817 649 tenus
854 602 1001 648 refert.
1036 602 1251 664 Conjicio
1281 618 1429 649 tamen
1461 616 1577 648 eun-

237 669 244 677 ’
296 670 399 716 dem
429 668 511 715 effe
531 703 543 724 ,
568 683 662 730 quo
691 667 803 715 duce
832 667 1114 730 Magnentius
1146 668 1451 730 Nepotianum
1473 702 1486 721 ‚
1505 681 1578 712 res

298 750 444 781 novas
483 735 642 778 Romae
673 733 934 778 molientem
955 769 971 789 ‚
1004 732 1248 794 oppreffi13
1285 749 1418 795 quem
1448 731 1578 780 Zofi-

297 815 396 846 mus
433 799 674 863 Alagistrum
714 800 960 862 Officiorum
995 797 1202 859 appellat.
1233 797 1306 844 De
1342 797 1412 844 his
1437 796 1582 860 igitur⁴

296 864 412 911 nihil
439 864 562 909 aliud
587 863 752 921 habeo,
775 863 899 924 quod
927 861 1070 908 dicam
1091 897 1106 918 ,
1130 879 1262 925 quam
1283 861 1580 909 Marcellino-

296 945 397 976 rum
426 927 662 985 famifiam,
697 928 814 974 unde
844 926 1102 972 Ammianus
1123 962 1137 982 ‚
1174 926 1261 973 illis
1296 926 1579 988 temporibus

298 993 517 1041 illustrem
538 993 661 1040 fuisse
679 1029 692 1050 ,
722 994 771 1040 δὲ
794 991 1039 1039 Comitivae
1059 1027 1073 1047 ‚
1094 992 1144 1039 &
1167 991 1408 1055 Magisterii
1429 991 1580 1054 digni-

298 1059 463 1107 tatibus
503 1059 770 1106 decoratam.
805 1059 874 1102 Ex
912 1055 1006 1117 ejus
1049 1055 1167 1102 forte
1207 1055 1394 1118 posteris
1432 1054 1580 1114 (nihil

298 1124 419 1172 enirn
450 1136 609 1186 praeter
645 1122 842 1169 nominis
879 1120 1182 1183 conje&uram
1215 1120 1392 1185 habeo)
1417 1119 1610 1178 est‘iss

300 1189 358 1236 ad
386 1205 519 1252 quem
549 1187 796 1234 rescribunt
834 1186 1070 1233 Honorius
1103 1187 1153 1233 &
1185 1185 1469 1232 Theodosius
1503 1184 1578 1246 ju-

299 1254 406 1300 nior
434 1254 481 1299 in
508 1255 556 1300 L.
587 1254 655 1300 111.
687 1254 739 1300 C.
765 1251 946 1298 Theod.
975 1251 1029 1297 de
1058 1250 1250 1313 religios.
1274 1250 1352 1313 qui
1381 1249 1491 1296 mihi
1509 1249 1579 1296 vi·

299 1319 431 1366 detur
454 1318 572 1364 idem
603 1317 686 1363 effe
715 1334 817 1363 cum
847 1316 926 1362 illo
949 1320 1196 1362 Marcellino
1218 1318 1400 1362 Tribuno
1420 1313 1463 1362 δ’
1481 1318 1578 1361 Νο-

300 1386 431 1439 tari0‚
456 1399 589 1446 quem
621 1383 666 1427 in
698 1381 941 1428 collatione
967 1380 1314 1427 Catholicorum
1338 1382 1389 1428 &
1417 1382 1583 1439 Dona-¹

300 1448 498 1495 tistarum
530 1449 823 1509 Imperatores
846 1445 978 1492 iidem
1006 1445 1292 1509 cognitorem
1312 1447 1360 1493 &
1384 1442 1584 1505 judicem

301 1513 554 1567 dederunt3
598 1511 723 1571 cujus
758 1509 960 1558 meminit
1001 1510 1190 1557 Orosius
1231 1509 1309 1557 lib.
1353 1512 1435 1556 vll
1477 1526 1578 1572 cap.

299 1577 594 1635 XXXHs&
615 1576 766 1638 paffim
796 1575 842 1621 in
873 1575 1082 1637 Epistolis
1115 1575 1246 1622 divus
1279 1573 1584 1638 Augustinus,

302 1644 356 1688 ad
375 1659 507 1704 quem
528 1642 661 1687 etiam
688 1641 863 1687 videtur
883 1640 1043 1687 dedisse
1075 1639 1265 1703 insignes
1297 1640 1351 1686 de
1377 1639 1580 1687 Civitate

303 1708 398 1756 Dei
423 1706 578 1754 libros.
616 1707 732 1752 Nam
757 1721 812 1752 ne
833 1705 1022 1751 eundem
1055 1703 1214 1750 faciam
1245 1721 1346 1751 cum
1376 1704 1467 1752 hoc
1488 1720 1580 1759 noe-

301 1772 393 1818 stro
412 1805 426 1828 ,
450 1787 672 1817 annorum
701 1770 816 1817 ratio
837 1782 1066 1833 repugnat.
1090 1769 1308 1833 Alioquin
1338 1770 1581 1817 dicendum

303 1836 438 1892 effer,
475 1839 753 1882 Ammianum
781 1835 1040 1881 centenario
1066 1835 1202 1896 paulo
1236 1834 1457 1881 minorem
1485 1846 1579 1882 tam

302 1902 452 1947 arduae
481 1902 528 1948 δι
558 1899 793 1946 laboriosae
820 1899 1072 1962 cognitioni
1103 1899 1334 1962 praefuiffe.
1365 1899 1579 1960 Denique

303 1965 425 2012 illius
443 1965 651 2027 epistola,
671 1966 786 2011 inter
810 1964 1148 2026 Augustinianas
1168 1977 1322 2028 quarta
1336 2001 1352 2022 ‚
1372 1965 1428 2012 ab
1448 1965 1578 2025 hujus

304 2030 406 2077 stilo
439 2030 725 2076 remotiffima
761 2030 837 2077 est.
884 2031 983 2076 fuit
1019 2029 1155 2093 igitur
1185 2031 1240 2077 de
1274 2030 1459 2077 nomine
1482 2029 1579 2090 ejus

303 2096 356 2142 &
378 2094 567 2150 familia;
598 2106 658 2140 ut.
675 2097 724 2142 &
749 2095 858 2140 alter
886 2099 1154 2142 Marcellinus
1179 2098 1317 2142 Comes
1347 2097 1578 2161 Iustiniani

302 2162 414 2220 Imp.
435 2179 462 2205 a
489 2162 678 2206 cancellis
695 2195 707 2216 ‚
729 2158 853 2217 cuius
881 2160 1149 2207 Chronicon
1179 2159 1399 2206 laudabile
1422 2159 1577 2206 exstat.

369 2226 515 2271 Porro
542 2225 621 2287 qui
644 2227 921 2271 Ammianum
939 2224 1493 2287 Constantinopolitanum
1512 2222 1579 2270 fa·

301 2290 461 2346 ciunt,
490 2305 622 2351 quem
652 2288 789 2335 secuti
831 2290 912 2334 sint
944 2306 1039 2336 non
1068 2289 1243 2336 video:
1271 2306 1373 2335 nam
1406 2289 1453 2336 in
1487 2286 1579 2335 fine

300 2353 456 2418 operis
482 2366 652 2400 tantum
684 2353 725 2399 se
751 2355 938 2399 Graecum
962 2352 1222 2416 profitetur;
1244 2354 1401 2400 nullibi
1432 2355 1579 2402 Thra-

300 2437 400 2467 cem
425 2436 437 2465 :
466 2419 589 2482 quod
621 2418 660 2463 ei
687 2417 815 2465 facile
844 2418 986 2464 fuiffet
1013 2419 1059 2464 in
1091 2419 1382 2465 Thraciarum
1412 2418 1579 2465 descri-

302 2485 489 2549 ptione,
514 2485 564 2533 ὃ(
597 2483 803 2548 Byzantii
829 2484 1075 2533 mentione.
1104 2484 1271 2533 Procul
1307 2483 1448 2533 dubio
1479 2499 1577 2532 non
