1626 2917
138 209 226 254 124
350 195 683 242 AMMIANI
731 197 1191 245 MARCELLINI

129 299 268 362 usque
298 299 412 346 diem
431 335 444 355 ‚
478 299 582 362 quia
616 300 660 346 id
689 301 852 348 nostris
885 302 1115 365 placuerat
1134 339 1146 358 ‚
1170 321 1274 352 cum
1310 321 1412 351 mu·-

128 374 333 419 nimento
379 373 635 420 servaturos
675 375 845 422 inta&o
872 412 886 434 ‚
927 376 1164 440 frugesque
1209 390 1413 441 portatu-

126 461 203 491 ros
231 445 426 492 humeris
445 481 458 502 ‚
481 446 511 492 s1
534 445 718 494 defuisse
753 449 832 494 fibi
863 449 1102 496 docuerint
1134 450 1411 498 defensores:

125 521 251 582 quod
277 533 518 582 utrumque
546 535 668 567 metu
701 521 931 585 perfidiam
959 522 1161 570 frenante
1195 523 1412 570 fecerunt.

125 594 227 639 Hoc
252 592 535 638 memorabili
559 593 707 652 bello,
737 596 1044 658 comparando
1071 597 1251 659 quidem
1272 596 1412 643 Puni-

123 666 186 713 cis
220 666 269 712 &
288 666 560 713 Teutonicis
577 703 588 723 ,
614 666 687 713 sed
709 666 947 730 dispendiis
974 669 1036 714 rei
1055 669 1274 716 Romanae
1308 686 1413 731 per-

124 739 222 784 auo
250 738 506 798 leviffimis,
542 752 593 786 ut
623 739 786 787 faustus
809 740 959 788 Caesar
989 740 1237 789 exsultabat
1269 743 1317 788 &
1353 741 1415 788 fe-

122 810 187 856 lix
209 829 219 857 :
245 812 457 875 credique
483 813 860 860 obtrectatoribus
879 814 1032 878 potuit
1049 850 1063 872 ,
1095 813 1200 861 ideo
1232 813 1413 860 fortiter

121 899 224 929 eum
256 883 424 947 ubique
445 884 594 932 fecisse
620 885 920 949 fingentibus,
950 887 1074 950 quod
1108 899 1323 950 oppetere
1344 886 1415 932 di-

122 955 333 1003 micando
364 958 559 1020 gloriose
591 958 731 1022 magis
766 960 984 1021 optabat,
1006 977 1142 1024 quam
1179 960 1415 1006 damnato-

122 1048 225 1076 rum
255 1030 401 1088 sorte,
435 1032 547 1080 ficut
576 1033 838 1095 sperabant,
858 1048 906 1080 ut
930 1033 1065 1080 frater
1097 1035 1256 1081 Gallus
1288 1034 1415 1081 occi·

123 1103 200 1149 di:
235 1103 280 1149 ni
303 1104 397 1165 pari
429 1104 665 1166 propofito
697 1104 798 1166 post
827 1105 1052 1151 excessum
1073 1122 1258 1169 quoque
1282 1107 1415 1152 Con-

122 1176 269 1222 stantii
300 1177 466 1223 affitibus
496 1176 709 1223 mirandis
738 1177 1023 1224 inclaruisset.

191 1252 241 1297 Il.
267 1252 448 1310 Quibus
468 1286 482 1309 ‚
509 1263 559 1298 ut
593 1251 638 1298 in
663 1251 740 1297 tali
768 1268 814 1297 re
835 1287 850 1308 ,
887 1250 1151 1313 compositis
1187 1249 1376 1298 firmiter
1396 1287 1412 1310 ‚

124 1321 178 1368 ad
204 1321 323 1369 sedes
355 1336 584 1370 revertens
609 1322 816 1369 hibernas
833 1359 848 1381 ,
870 1322 1086 1369 sudorum
1109 1322 1318 1386 reliquias
1337 1341 1412 1370 re-

123 1395 241 1458 perit
278 1395 401 1442 tales.
431 1396 600 1441 Remos
636 1396 830 1442 Severus
864 1396 1070 1457 magister
1103 1397 1307 1459 equitum
1333 1414 1411 1458 per

123 1472 426 1535 Agrippinam
446 1482 601 1532 petens
617 1470 667 1516 ὅ(
684 1468 922 1524 Juliacum,
939 1472 1213 1515 Francorum
1233 1469 1414 1516 validis-

123 1548 260 1594 simos
283 1559 454 1592 cuneos
480 1543 527 1590 in
554 1542 773 1590 sexcentis
797 1543 1012 1590 velitibus
1030 1579 1044 1601 ,
1071 1556 1119 1588 ut
1149 1544 1302 1606 postea
1324 1545 1415 1591 cla-

123 1620 237 1674 ruit,
267 1634 411 1665 vacua
442 1615 658 1678 praesidiis
687 1615 789 1662 loca
821 1615 1044 1663 vastantes
1068 1615 1286 1663 offendit:
1330 1618 1414 1664 hac

127 1690 475 1756 opportunitate
504 1689 550 1736 in
583 1689 722 1737 scelus
760 1689 990 1736 audaciam
1026 1690 1223 1753 erigente
1246 1726 1258 1747 ,
1288 1692 1414 1754 quod

125 1765 302 1811 Caesare
328 1764 374 1810 in
406 1764 761 1810 Alamannorum
785 1763 1018 1810 seceffibus
1038 1777 1292 1825 occupato,
1314 1765 1415 1811 nul·

125 1840 266 1900 loque
286 1849 494 1894 vetante,
513 1853 567 1883 ex
577 1836 687 1898 pleri
706 1836 747 1883 se
766 1837 888 1900 poffe
908 1837 1158 1900 praedarum
1177 1837 1413 1898 opimitate

125 1911 227 1958 sunt
249 1909 467 1957 arbitrati.
492 1909 577 1955 Sed
599 1922 721 1956 metu
742 1908 827 1970 jam
845 1908 1014 1955 reverfi
1035 1908 1258 1955 exercitus
1274 1945 1287 1965 ‚
1308 1925 1428 1956 mua

129 1983 339 2030 nimentis
369 1982 574 2040 duobus,
593 1998 693 2044 quae
715 1982 826 2028 olim
857 1981 1082 2028 exinanita
1101 1980 1199 2027 sunt
1219 2016 1233 2038 ‚
1269 1997 1413 2028 occu-

124 2059 241 2122 patis
260 2094 274 2116 ,
294 2057 363 2115 se,
383 2056 537 2119 quoad
555 2054 651 2102 fieri
670 2068 861 2118 poterat,
882 2055 1134 2102 tuebantur.
1160 2057 1256 2102 Hac
1274 2057 1412 2103 Julia-

130 2147 214 2176 nus
237 2130 301 2176 rei
326 2129 534 2175 novitate
557 2128 804 2191 perculsus,
824 2130 874 2176 &
900 2126 1172 2190 conjiciens,
1193 2129 1411 2191 quorsum

129 2216 408 2265 erumperet,
429 2202 460 2248 fi
483 2202 634 2248 iisdem
658 2202 871 2249 tranfiffet
893 2201 1067 2248 intaffis
1083 2237 1097 2258 ,
1119 2216 1298 2248 retento
1323 2203 1411 2249 mi-

131 2275 208 2321 lite
229 2274 570 2322 circumvallare
590 2274 807 2337 disposuit
825 2310 836 2321 .
855 2309 867 2321 .
887 2309 898 2321 .
918 2309 928 2321 .
956 2272 1082 2319 Mosa
1103 2273 1273 2321 fluvius
1296 2292 1412 2336 prae-

131 2355 356 2403 terlambit
375 2390 388 2411 ,
409 2355 458 2401 &
476 2354 672 2417 adusque
691 2367 899 2417 quartum
928 2355 976 2400 &
995 2352 1412 2416 quinquagesimum

133 2429 250 2476 diem
271 2464 285 2485 ,
314 2427 559 2475 Decembri
587 2428 752 2475 scilicet
780 2430 831 2475 &
849 2426 1056 2476 Januario
1090 2427 1266 2485 mense,
1294 2427 1412 2473 obfi-

136 2502 339 2550 dionales
365 2502 511 2551 tra&ae
541 2500 641 2548 sunt
671 2498 810 2549 niorae
827 2536 844 2561 ,
876 2499 1099 2548 destinatis
1120 2501 1414 2548 barbarorum
