1626 2917
192 115 255 166 18
404 108 746 158 AMMIANI
794 106 1279 153 MARCELLINI

193 221 350 269 rietate
386 217 564 265 casuum
599 213 899 263 obsidentium
930 214 1085 273 labor,
1121 213 1486 275 obsessorumque

194 291 408 340 industria
436 326 448 348 ‚
479 288 670 338 viciffim
714 285 991 334 facinoribus
1024 285 1227 347 speciosis
1263 285 1488 334 inclaruit.

195 366 323 415 Nihil
359 363 479 411 enim
507 361 710 424 asperum
743 360 808 408 ira
839 362 889 407 &
922 359 1084 406 dolore
1111 358 1324 408 succenso
1357 360 1489 406 militi

195 439 468 487 videbatur:
508 435 620 482 nihil
652 433 960 481 munitoribus
985 444 1078 479 erat
1107 449 1192 495 pro
1226 432 1360 479 salute
1386 450 1489 480 cur-

194 511 397 561 rentibus
422 509 712 558 metuendum
749 523 825 556 aut
865 508 1029 555 dirum.
1053 507 1168 553 Nam
1194 524 1298 554 cum
1327 524 1491 569 anceps

196 602 350 651 pugna
383 584 552 632 diutius
586 582 801 640 fervens,
837 580 1052 645 sanguine
1093 579 1303 643 utrinque
1337 581 1490 627 multis

197 659 398 707 caedibus
431 657 530 704 fuso
549 692 564 716 ,
591 655 678 704 diei
708 654 869 701 finisset
897 653 1060 703 occasu
1083 689 1096 712 ,
1121 655 1301 701 tandem
1335 655 1491 718 fatiga-

194 734 314 781 tioni
354 731 614 781 consulitur.
649 731 870 793 Dumque
906 729 1000 777 haec
1039 729 1140 777 luce
1169 741 1406 794 agerentur
1439 747 1493 778 ac

197 807 344 869 palam
369 842 383 864 ‚
411 804 643 852 nuntiatur
671 800 936 866 Imperatori
961 800 1173 865 pervigili
1198 818 1303 849 cura
1328 801 1494 848 disten-

197 890 248 923 to
267 912 280 932 ‚
310 875 588 939 legionarios
615 874 781 922 milites
800 909 814 932 ‚
839 873 1002 936 quibus
1024 873 1346 922 cuniculorum
1366 885 1494 921 erant

197 948 370 996 fodinae
410 948 631 994 mandatae
652 983 666 1006 ‚
701 946 874 994 cavatis
917 945 1166 994 tramitibus
1194 946 1494 994 subterraneis

197 1021 528 1083 sublicibusque
549 1019 762 1082 suspensis
784 1054 797 1076 ‚
819 1019 921 1064 -ima
949 1018 1194 1080 penetrasse
1226 1019 1494 1067 fundamen-

196 1109 353 1142 torum
370 1130 385 1151 ,
406 1092 492 1154 jam
507 1127 521 1151 ‚
542 1091 574 1138 fi
600 1090 690 1154 ipse
710 1089 1004 1154 disposuerit,
1022 1089 1251 1139 evasuros.
1273 1092 1389 1137 Cum
1407 1091 1494 1138 ita-

199 1185 289 1232 que
321 1167 466 1214 noffis
488 1165 752 1228 plerumque
775 1163 1047 1227 proceffiffet
1070 1199 1085 1223 ,
1118 1175 1393 1212 aeneatorum
1415 1183 1492 1213 ac-

201 1256 338 1292 centu
366 1243 494 1306 figno
527 1242 634 1288 dato
662 1239 986 1304 progrediendi
1006 1239 1062 1286 ad
1081 1257 1279 1303 pugnam
1300 1276 1315 1298 ‚
1340 1242 1394 1287 ad
1421 1259 1495 1288 ar-

200 1334 274 1364 ma
294 1315 564 1364 concursum
584 1312 669 1362 est:
701 1315 753 1362 &
773 1313 983 1362 consulto
1010 1330 1246 1360 murorum
1266 1313 1495 1363 invadun-

199 1403 275 1438 tur
295 1388 506 1453 utrinque
528 1387 730 1445 frontes,
752 1401 825 1441 ut,
846 1386 953 1433 dum
975 1386 1277 1449 propulsaturi
1299 1387 1497 1450 peric-ula

202 1460 461 1509 defensores
503 1460 626 1508 ultro
673 1459 882 1522 citroque
910 1458 1191 1518 discurrunt,
1217 1476 1301 1507 nec
1340 1461 1498 1523 proxi-

201 1551 275 1583 ma
310 1533 525 1582 fodientis
557 1532 785 1580 audiretur
821 1531 927 1579 ferri
964 1531 1154 1578 tinnitus
1188 1568 1203 1590 ‚
1246 1549 1332 1580 nec
1373 1549 1496 1596 quo·

201 1625 337 1672 quam
353 1606 618 1654 intrinsecus
639 1605 878 1654 obsistente
899 1641 913 1664 ,
943 1605 1326 1655 cuniculariorum
1344 1606 1494 1656 subito

203 1699 359 1730 manus
381 1694 590 1745 emergat.
616 1681 802 1743 Quibus
821 1681 879 1728 ita
895 1694 968 1739 ‚ut
988 1691 1291 1738 convenerat,
1314 1683 1495 1729 ordina-

201 1756 257 1805 tis
290 1756 339 1803 &
373 1755 609 1819 occupatis
644 1755 1040 1819 prohibitoribus,
1075 1755 1391 1820 patefaffisque
1427 1759 1494 1803 la-

134 1842 137 1844 ·
202 1827 341 1876 tebris
360 1864 374 1890 ,
412 1828 566 1875 evolat
606 1827 876 1891 Exsuperius
923 1828 977 1875 de
1026 1828 1252 1876 viiiorutn
1302 1847 1493 1877 numero

202 1901 332 1949 miles
351 1937 363 1958 ,
393 1900 492 1963 post
528 1918 661 1965 quem
693 1904 885 1966 Magnus
914 1901 1122 1949 tribunus
1142 1937 1156 1961 ‚
1192 1903 1244 1950 &
1275 1903 1495 1951 Iovianus

206 1973 439 2021 notarius:
469 1991 586 2038 quos
616 1975 762 2022 audax
794 1975 1038 2022 multitudo
1060 1973 1203 2022 secuta
1226 2011 1240 2033 ,
1274 1976 1344 2023 his
1369 1978 1495 2040 prius

206 2044 423 2095 confoffis
439 2082 452 2104 ‚
471 2063 586 2109 quos
606 2047 651 2093 in
672 2047 789 2105 aede,
813 2064 892 2110 per
912 2064 1044 2111 quam
1065 2047 1111 2094 in
1134 2047 1279 2095 lucem
1307 2049 1494 2112 prodie—

206 2134 338 2176 rant,
371 2119 679 2176 invenerunt,
713 2119 926 2183 suspenfis
958 2120 1164 2183 gradibus
1195 2122 1493 2182 procedentes

205 2192 538 2238 obtruncarunt
569 2191 729 2254 vigiles
759 2208 949 2248 omnes,
981 2208 1036 2237 ex
1064 2191 1141 2240 usu
1163 2193 1302 2239 moris
1324 2193 1494 2257 gentici

204 2262 417 2325 justitiam
444 2262 793 2327 felicitatemque
825 2263 942 2326 regis
976 2262 1040 2309 sui
1085 2265 1262 2311 canoris
1298 2258 1493 2312 vocibus

204 2336 490 2383 extollentes.
536 2336 879 2383 Existimabatur
915 2338 1036 2383 Mars
1084 2335 1208 2399 ipse,
1247 2338 1277 2383 fi
1318 2337 1494 2385 misceri

204 2410 466 2460 hominibus
498 2410 684 2458 numina
713 2410 948 2475 majestatis
979 2409 1077 2474 jura
1095 2410 1390 2475 permittunt,
1422 2409 1492 2459 af·
