1626 2917
235 178 324 224 116
443 175 782 222 AMMIANI
829 175 1303 224 MARCELLINI

230 283 315 330 bus
337 281 586 328 aemulanda
607 282 740 327 bonae
761 280 939 328 fiduciae
960 282 1142 345 reliquit
1161 282 1361 345 exempla
1381 315 1393 340 ‚
1415 283 1515 330 nus-

230 373 365 419 quam
391 372 414 400 a
437 354 546 400 statu
574 363 743 400 naturae
768 353 993 401 discedens
1021 354 1278 417 intrepidae,
1306 355 1378 402 sed
1401 373 1516 402 con-

229 427 344 473 stans
376 426 546 488 semper
580 426 814 489 legumque
851 426 1025 483 fimilis,
1048 443 1157 490 quas
1185 428 1395 474 omnibus
1427 445 1515 474 una

228 500 475 562 eademque
505 516 622 547 voce
651 500 778 562 loqui
808 499 853 545 in
894 499 1215 562 multiplicibus
1244 501 1513 548 advertimus

225 571 401 618 causis:
438 572 514 633 qui
553 585 661 619 tunc
694 571 832 635 magis
870 571 914 617 in
943 570 1143 634 suscepta
1172 584 1294 635 parte
1335 572 1512 634 justitiae

226 644 519 707 permanebat
537 680 547 700 ‚
575 661 676 690 cum
708 661 809 690 eum
838 644 953 690 recta
980 657 1239 690 monentem
1268 646 1512 709 exagitaret

224 718 380 764 minax
412 720 658 780 Imperator
679 720 726 764 &
749 717 924 764 nimius.
954 717 1302 764 Consurre6h1m
1328 718 1387 764 est
1411 718 1511 781 post

224 790 321 836 haec
350 790 394 835 in
428 791 576 836 laudes
607 790 788 851 majoris
811 789 1030 852 Principis
1064 792 1111 837 δέ
1141 789 1342 837 novelli:
1369 792 1511 836 maxi-

222 878 388 924 meque
433 864 562 924 pueri
598 899 611 919 ,
643 879 776 924 quem
833 864 1076 910 oculorum
1128 863 1391 926 flagrantior
1433 864 1510 909 lux

222 936 596 993 commendabat,
617 936 853 999 vultusque
871 939 920 985 &
940 937 1098 1000 reliqui
1119 937 1328 999 corporis
1345 935 1509 999 jucun-

221 1010 421 1058 diflimus
437 1012 561 1058 nitor
576 1047 589 1069 ‚
612 1013 661 1059 ὅ(
680 1013 850 1075 egregia
870 1012 1061 1075 pectoris
1080 1012 1285 1058 indoles:
1305 1029 1404 1075 quae
1426 1015 1510 1058 lm·

219 1098 477 1147 peratorem
509 1084 726 1146 impleffet
750 1101 851 1131 cum
880 1097 1081 1131 veterum
1113 1084 1346 1131 lecliffimis
1378 1101 1509 1132 com-

220 1157 468 1222 parandum
491 1193 503 1215 ,
537 1157 565 1202 sl
595 1174 672 1219 per
705 1157 791 1204 fata
823 1157 1142 1220 proximosque
1173 1157 1362 1203 licuisset
1385 1193 1397 1215 ‚
1430 1159 1506 1221 qui

219 1232 439 1279 virtutem
487 1228 581 1291 ejus
625 1231 854 1276 etiamtum
899 1230 1146 1276 instabilem
1182 1230 1508 1278 obnubilarunt

218 1304 389 1350 aclibus
426 1302 587 1364 pravis.
617 1305 665 1348 In
697 1303 786 1349 hoc
824 1319 971 1349 tamen
1007 1304 1193 1365 negotio
1226 1305 1507 1351 Valentinia-

218 1394 303 1424 nus
333 1393 505 1423 morem
527 1376 773 1423 institutum
796 1377 1043 1441 antiquitus
1071 1377 1386 1440 supergressus,
1408 1397 1502 1427 non

220 1449 433 1506 Caesares,
455 1449 525 1494 sed
545 1449 783 1512 Augustos,
805 1466 1058 1512 germanum
1079 1450 1359 1512 nuncupavit
1379 1453 1427 1499 &
1445 1452 1501 1498 fi·

217 1526 360 1581 lium,
381 1523 606 1570 benevole
639 1524 752 1571 satis.
786 1526 880 1571 Nec
901 1524 1018 1570 enim
1048 1523 1280 1587 quisquam
1316 1527 1500 1574 antehac

217 1596 377 1644 ascivit
408 1595 486 1641 fibi
512 1595 604 1656 pari
630 1595 845 1658 potestate
876 1595 1092 1658 collegam
1110 1629 1123 1649 ‚
1145 1606 1304 1656 praeter
1331 1595 1503 1643 Princi-

216 1686 319 1733 pem
351 1670 551 1714 Marcum
573 1701 586 1723 ‚
619 1667 696 1730 qui
727 1669 893 1713 Verum
913 1666 1178 1728 adoptivum
1201 1664 1379 1712 fratrem
1403 1668 1503 1714 abs-

216 1759 306 1806 que
343 1738 645 1786 diminutione
696 1739 844 1803 aliqua
884 1737 1158 1786 auctoritatis
1198 1741 1501 1802 Imperatoriae

216 1816 388 1864 socium
425 1813 546 1861 fecit.

280 1892 374 1935 Vll.
410 1888 489 1934 His
522 1903 578 1933 ex
613 1882 827 1930 sententia
855 1883 1041 1930 rectoris
1067 1885 1117 1933 &
1151 1884 1342 1932 militum
1371 1887 1498 1934 ordi·

214 1960 330 2008 natis
352 1996 366 2018 ,
393 1960 472 2004 vix
503 1958 594 2004 dies
622 1956 900 2003 interceffere
929 1957 1060 2018 pauci
1084 1993 1099 2014 ,
1131 1973 1230 2003 cum
1264 1959 1498 2006 Mamerti-

213 2051 321 2082 num
355 2031 612 2094 praefectum
648 2029 864 2092 praetorio
895 2030 950 2076 ab
976 2030 1083 2076 urbe
1114 2030 1345 2092 regressum
1369 2068 1380 2089 ‚
1402 2049 1495 2096 quo

211 2106 417 2170 quaedam
451 2116 706 2167 perrexerat
735 2103 1017 2150 correcturus
1038 2138 1051 2159 ,
1085 2103 1323 2150 Avitianus
1345 2123 1399 2151 ex
1421 2107 1496 2154 vi-

210 2180 338 2226 cario
369 2177 596 2238 peculatus
614 2175 831 2222 detulerat
858 2192 994 2222 reum.
1023 2174 1110 2222 Cui
1133 2175 1235 2221 ideo
1258 2178 1494 2225 Vulcatius

211 2252 414 2300 succeffit
446 2249 631 2297 Rufinus
662 2250 788 2296 omni
809 2268 863 2296 ex
891 2262 1012 2313 parte
1038 2248 1278 2311 perfectus,
1299 2251 1494 2298 &velut

213 2326 385 2391 apicem
404 2325 633 2371 senectutis
653 2325 888 2370 honoratae
909 2324 1210 2385 praetendens,
1231 2323 1301 2368 sed
1320 2323 1491 2370 lucran-

212 2402 259 2446 di
294 2412 576 2460 opportunas
615 2396 874 2442 occasiones
911 2395 1228 2442 occultationis
1264 2394 1336 2456 spe
1371 2413 1491 2442 nun-

212 2488 344 2535 quam
361 2470 716 2535 praetermittens.
745 2468 842 2530 Qua
860 2468 1012 2516 nactus
1042 2467 1220 2531 copiam
1242 2467 1488 2532 Principis,
