<?xml version="1.0" encoding="UTF-8"?>
<!DOCTYPE html PUBLIC "-//W3C//DTD XHTML 1.0 Transitional//EN"
    "http://www.w3.org/TR/xhtml1/DTD/xhtml1-transitional.dtd">
<html xmlns="http://www.w3.org/1999/xhtml" xml:lang="en" lang="en">
 <head>
  <title>
</title>
<meta http-equiv="Content-Type" content="text/html;charset=utf-8" />
  <meta name='ocr-system' content='tesseract 3.04.00' />
  <meta name='ocr-capabilities' content='ocr_page ocr_carea ocr_par ocr_line ocrx_word'/>
</head>
<body>
  <div class='ocr_page' id='page_1' title='image "./rerumgestarumqui00ammiuoft_0423.png"; bbox 0 0 1626 2917; ppageno 0'>
   <div class='ocr_carea' id='block_1_1' title="bbox 343 159 1412 224">
    <p class='ocr_par' dir='ltr' id='par_1_1' title="bbox 343 159 1412 224">
     <span class='ocr_line' id='line_1_1' title="bbox 343 159 1412 224; baseline 0 -19"><span class='ocrx_word' id='word_1_1' title='bbox 343 159 560 206; x_wconf 73' lang='lat' dir='ltr'>RERUM</span> <span class='ocrx_word' id='word_1_2' title='bbox 589 159 920 206; x_wconf 68' lang='lat' dir='ltr'>GESTARUM</span> <span class='ocrx_word' id='word_1_3' title='bbox 948 161 1051 206; x_wconf 66' lang='lat' dir='ltr'>Lm.</span> <span class='ocrx_word' id='word_1_4' title='bbox 1079 160 1243 207; x_wconf 63' lang='lat' dir='ltr'>xxiii.</span> <span class='ocrx_word' id='word_1_5' title='bbox 1321 178 1412 224; x_wconf 60' lang='lat'>35⁶&gt;</span> 
     </span>
    </p>
   </div>
   <div class='ocr_carea' id='block_1_2' title="bbox 135 266 1413 1320">
    <p class='ocr_par' dir='ltr' id='par_1_2' title="bbox 135 266 1413 1320">
     <span class='ocr_line' id='line_1_2' title="bbox 142 266 1410 332; baseline 0 -17"><span class='ocrx_word' id='word_1_6' title='bbox 142 283 338 332; x_wconf 85' lang='lat' dir='ltr'>quorum</span> <span class='ocrx_word' id='word_1_7' title='bbox 355 268 523 314; x_wconf 78' lang='lat' dir='ltr'><strong>radices</strong></span> <span class='ocrx_word' id='word_1_8' title='bbox 537 303 551 326; x_wconf 86' lang='lat'>‚</span> <span class='ocrx_word' id='word_1_9' title='bbox 571 270 618 315; x_wconf 88' lang='lat'>&amp;</span> <span class='ocrx_word' id='word_1_10' title='bbox 643 266 795 313; x_wconf 89' lang='lat' dir='ltr'>vicum</span> <span class='ocrx_word' id='word_1_11' title='bbox 808 303 820 324; x_wconf 93' lang='lat'><strong>‚</strong></span> <span class='ocrx_word' id='word_1_12' title='bbox 843 285 974 330; x_wconf 86' lang='lat' dir='ltr'>quem</span> <span class='ocrx_word' id='word_1_13' title='bbox 993 267 1206 314; x_wconf 74' lang='lat' dir='ltr'>Lithinon</span> <span class='ocrx_word' id='word_1_14' title='bbox 1226 284 1410 330; x_wconf 78' lang='lat' dir='ltr'>pyrgon</span> 
     </span>
     <span class='ocr_line' id='line_1_3' title="bbox 139 339 1409 403; baseline -0.001 -17"><span class='ocrx_word' id='word_1_15' title='bbox 139 340 363 403; x_wconf 86' lang='lat' dir='ltr'>appellant</span> <span class='ocrx_word' id='word_1_16' title='bbox 377 376 389 396; x_wconf 91' lang='lat'>,</span> <span class='ocrx_word' id='word_1_17' title='bbox 408 340 490 386; x_wconf 88' lang='lat' dir='ltr'>iter</span> <span class='ocrx_word' id='word_1_18' title='bbox 511 339 807 402; x_wconf 73' lang='lat' dir='ltr'>longissimum</span> <span class='ocrx_word' id='word_1_19' title='bbox 829 352 947 402; x_wconf 83' lang='lat' dir='ltr'>patet</span> <span class='ocrx_word' id='word_1_20' title='bbox 970 341 1290 386; x_wconf 78' lang='lat' dir='ltr'>mercatoribus</span> <span class='ocrx_word' id='word_1_21' title='bbox 1312 357 1409 402; x_wconf 84' lang='lat' dir='ltr'>per-</span> 
     </span>
     <span class='ocr_line' id='line_1_4' title="bbox 138 412 1411 469; baseline 0 -11"><span class='ocrx_word' id='word_1_22' title='bbox 138 412 293 469; x_wconf 87' lang='lat' dir='ltr'>vium,</span> <span class='ocrx_word' id='word_1_23' title='bbox 318 412 373 458; x_wconf 88' lang='lat' dir='ltr'>ad</span> <span class='ocrx_word' id='word_1_24' title='bbox 402 413 523 459; x_wconf 85' lang='lat' dir='ltr'>Seras</span> <span class='ocrx_word' id='word_1_25' title='bbox 554 412 736 458; x_wconf 82' lang='lat' dir='ltr'>subinde</span> <span class='ocrx_word' id='word_1_26' title='bbox 764 413 1134 460; x_wconf 73' lang='lat' dir='ltr'>commeantibus.</span> <span class='ocrx_word' id='word_1_27' title='bbox 1169 413 1300 459; x_wconf 87' lang='lat' dir='ltr'>Circa</span> <span class='ocrx_word' id='word_1_28' title='bbox 1330 413 1411 458; x_wconf 84' lang='lat' dir='ltr'>de-</span> 
     </span>
     <span class='ocr_line' id='line_1_5' title="bbox 137 481 1410 548; baseline 0.002 -20"><span class='ocrx_word' id='word_1_29' title='bbox 137 481 281 529; x_wconf 63' lang='lat' dir='ltr'>festus</span> <span class='ocrx_word' id='word_1_30' title='bbox 296 485 345 530; x_wconf 87' lang='lat'>&amp;</span> <span class='ocrx_word' id='word_1_31' title='bbox 368 484 614 546; x_wconf 78' lang='lat' dir='ltr'>crepidines</span> <span class='ocrx_word' id='word_1_32' title='bbox 637 483 857 530; x_wconf 82' lang='lat' dir='ltr'>montium</span> <span class='ocrx_word' id='word_1_33' title='bbox 874 520 890 542; x_wconf 86' lang='lat'>,</span> <span class='ocrx_word' id='word_1_34' title='bbox 908 501 1022 548; x_wconf 88' lang='lat' dir='ltr'>quos</span> <span class='ocrx_word' id='word_1_35' title='bbox 1042 487 1221 531; x_wconf 80' lang='lat' dir='ltr'>Imavos</span> <span class='ocrx_word' id='word_1_36' title='bbox 1248 486 1297 531; x_wconf 88' lang='lat'>&amp;</span> <span class='ocrx_word' id='word_1_37' title='bbox 1316 485 1410 531; x_wconf 86' lang='lat' dir='ltr'>Ta-</span> 
     </span>
     <span class='ocr_line' id='line_1_6' title="bbox 136 555 1411 620; baseline 0.001 -18"><span class='ocrx_word' id='word_1_38' title='bbox 136 555 292 619; x_wconf 87' lang='lat' dir='ltr'>purios</span> <span class='ocrx_word' id='word_1_39' title='bbox 326 570 522 615; x_wconf 87' lang='lat' dir='ltr'>vocant,</span> <span class='ocrx_word' id='word_1_40' title='bbox 554 558 734 620; x_wconf 80' lang='lat' dir='ltr'>Scythae</span> <span class='ocrx_word' id='word_1_41' title='bbox 768 557 864 603; x_wconf 87' lang='lat' dir='ltr'>sunt</span> <span class='ocrx_word' id='word_1_42' title='bbox 896 557 1012 603; x_wconf 87' lang='lat' dir='ltr'>intra</span> <span class='ocrx_word' id='word_1_43' title='bbox 1044 557 1240 604; x_wconf 74' lang='lat' dir='ltr'>Persicos</span> <span class='ocrx_word' id='word_1_44' title='bbox 1265 556 1375 603; x_wconf 85' lang='lat' dir='ltr'>fines</span> <span class='ocrx_word' id='word_1_45' title='bbox 1395 592 1411 614; x_wconf 88' lang='lat'><em>‚</em></span> 
     </span>
     <span class='ocr_line' id='line_1_7' title="bbox 139 628 1411 690; baseline -0.002 -13"><span class='ocrx_word' id='word_1_46' title='bbox 139 629 312 677; x_wconf 77' lang='lat' dir='ltr'>Asianis.</span> <span class='ocrx_word' id='word_1_47' title='bbox 342 629 611 675; x_wconf 82' lang='lat' dir='ltr'>contermini</span> <span class='ocrx_word' id='word_1_48' title='bbox 654 628 888 684; x_wconf 79' lang='lat' dir='ltr'>Sarmatis,</span> <span class='ocrx_word' id='word_1_49' title='bbox 926 628 1262 690; x_wconf 77' lang='lat' dir='ltr'>Alanorumque</span> <span class='ocrx_word' id='word_1_50' title='bbox 1299 629 1411 674; x_wconf 80' lang='lat' dir='ltr'>latus</span> 
     </span>
     <span class='ocr_line' id='line_1_8' title="bbox 138 701 1411 764; baseline -0.002 -17"><span class='ocrx_word' id='word_1_51' title='bbox 138 714 369 764; x_wconf 76' lang='lat' dir='ltr'>tangentes¹</span> <span class='ocrx_word' id='word_1_52' title='bbox 389 715 648 746; x_wconf 79' lang='lat' dir='ltr'>extremum.</span> <span class='ocrx_word' id='word_1_53' title='bbox 682 701 774 760; x_wconf 84' lang='lat' dir='ltr'>Qui</span> <span class='ocrx_word' id='word_1_54' title='bbox 796 701 918 747; x_wconf 86' lang='lat' dir='ltr'>velut</span> <span class='ocrx_word' id='word_1_55' title='bbox 940 710 1117 762; x_wconf 79' lang='lat' dir='ltr'>agentes</span> <span class='ocrx_word' id='word_1_56' title='bbox 1137 701 1332 762; x_wconf 82' lang='lat' dir='ltr'>quodam</span> <span class='ocrx_word' id='word_1_57' title='bbox 1363 701 1411 745; x_wconf 84' lang='lat' dir='ltr'>in</span> 
     </span>
     <span class='ocr_line' id='line_1_9' title="bbox 138 770 1412 833; baseline -0.002 -14"><span class='ocrx_word' id='word_1_58' title='bbox 138 773 332 831; x_wconf 74' lang='lat' dir='ltr'>secessu,</span> <span class='ocrx_word' id='word_1_59' title='bbox 347 772 588 833; x_wconf 74' lang='lat' dir='ltr'>coalitique</span> <span class='ocrx_word' id='word_1_60' title='bbox 608 771 868 828; x_wconf 86' lang='lat' dir='ltr'>solitudine,</span> <span class='ocrx_word' id='word_1_61' title='bbox 884 788 962 833; x_wconf 86' lang='lat' dir='ltr'>per</span> <span class='ocrx_word' id='word_1_62' title='bbox 983 772 1214 817; x_wconf 86' lang='lat' dir='ltr'>intervalla</span> <span class='ocrx_word' id='word_1_63' title='bbox 1235 770 1412 832; x_wconf 69' lang='lat' dir='ltr'>dispersi</span> 
     </span>
     <span class='ocr_line' id='line_1_10' title="bbox 137 842 1411 905; baseline -0.002 -16"><span class='ocrx_word' id='word_1_64' title='bbox 137 843 240 889; x_wconf 81' lang='lat' dir='ltr'>sunt</span> <span class='ocrx_word' id='word_1_65' title='bbox 262 843 420 905; x_wconf 83' lang='lat' dir='ltr'>longa,</span> <span class='ocrx_word' id='word_1_66' title='bbox 441 843 592 887; x_wconf 57' lang='lat' dir='ltr'>afflicti</span> <span class='ocrx_word' id='word_1_67' title='bbox 617 842 737 888; x_wconf 70' lang='lat' dir='ltr'>viEtu</span> <span class='ocrx_word' id='word_1_68' title='bbox 756 843 838 888; x_wconf 91' lang='lat' dir='ltr'>vili</span> <span class='ocrx_word' id='word_1_69' title='bbox 860 845 909 890; x_wconf 72' lang='lat' dir='ltr'>«Sc</span> <span class='ocrx_word' id='word_1_70' title='bbox 927 843 1207 905; x_wconf 76' lang='lat' dir='ltr'>paupertino.</span> <span class='ocrx_word' id='word_1_71' title='bbox 1225 844 1278 887; x_wconf 87' lang='lat' dir='ltr'>Et</span> <span class='ocrx_word' id='word_1_72' title='bbox 1298 859 1411 904; x_wconf 84' lang='lat' dir='ltr'>gen-</span> 
     </span>
     <span class='ocr_line' id='line_1_11' title="bbox 137 911 1413 975; baseline 0.001 -18"><span class='ocrx_word' id='word_1_73' title='bbox 137 923 202 958; x_wconf 85' lang='lat' dir='ltr'>tes</span> <span class='ocrx_word' id='word_1_74' title='bbox 230 912 407 974; x_wconf 89' lang='lat' dir='ltr'>quidem</span> <span class='ocrx_word' id='word_1_75' title='bbox 435 912 570 958; x_wconf 84' lang='lat' dir='ltr'>variae</span> <span class='ocrx_word' id='word_1_76' title='bbox 593 912 675 957; x_wconf 88' lang='lat' dir='ltr'>hos</span> <span class='ocrx_word' id='word_1_77' title='bbox 703 911 910 958; x_wconf 88' lang='lat' dir='ltr'>incolunt</span> <span class='ocrx_word' id='word_1_78' title='bbox 934 913 1123 968; x_wconf 52' lang='lat' dir='ltr'>traftus„</span> <span class='ocrx_word' id='word_1_79' title='bbox 1153 929 1259 975; x_wconf 83' lang='lat' dir='ltr'>quas</span> <span class='ocrx_word' id='word_1_80' title='bbox 1288 929 1413 958; x_wconf 85' lang='lat' dir='ltr'>nunc·</span> 
     </span>
     <span class='ocr_line' id='line_1_12' title="bbox 135 982 1410 1046; baseline 0.001 -18"><span class='ocrx_word' id='word_1_81' title='bbox 135 982 363 1028; x_wconf 88' lang='lat' dir='ltr'>recensere</span> <span class='ocrx_word' id='word_1_82' title='bbox 387 983 476 1029; x_wconf 84' lang='lat' dir='ltr'>alio</span> <span class='ocrx_word' id='word_1_83' title='bbox 497 999 739 1045; x_wconf 85' lang='lat' dir='ltr'>properans</span> <span class='ocrx_word' id='word_1_84' title='bbox 758 983 1024 1044; x_wconf 86' lang='lat' dir='ltr'>superfluum</span> <span class='ocrx_word' id='word_1_85' title='bbox 1045 995 1171 1046; x_wconf 76' lang='lat' dir='ltr'>puto,</span> <span class='ocrx_word' id='word_1_86' title='bbox 1200 984 1311 1030; x_wconf 86' lang='lat' dir='ltr'>Illud</span> <span class='ocrx_word' id='word_1_87' title='bbox 1340 996 1410 1029; x_wconf 82' lang='lat' dir='ltr'>ta-</span> 
     </span>
     <span class='ocr_line' id='line_1_13' title="bbox 135 1055 1410 1118; baseline 0.001 -17"><span class='ocrx_word' id='word_1_88' title='bbox 135 1073 239 1101; x_wconf 86' lang='lat' dir='ltr'>men</span> <span class='ocrx_word' id='word_1_89' title='bbox 261 1055 483 1102; x_wconf 88' lang='lat' dir='ltr'>sciendum</span> <span class='ocrx_word' id='word_1_90' title='bbox 504 1055 582 1113; x_wconf 84' lang='lat' dir='ltr'>est,</span> <span class='ocrx_word' id='word_1_91' title='bbox 597 1055 712 1101; x_wconf 91' lang='lat' dir='ltr'>inter</span> <span class='ocrx_word' id='word_1_92' title='bbox 733 1056 810 1103; x_wconf 84' lang='lat' dir='ltr'>has</span> <span class='ocrx_word' id='word_1_93' title='bbox 828 1056 1050 1111; x_wconf 84' lang='lat' dir='ltr'>nationes,</span> <span class='ocrx_word' id='word_1_94' title='bbox 1069 1072 1196 1118; x_wconf 85' lang='lat' dir='ltr'>paene</span> <span class='ocrx_word' id='word_1_95' title='bbox 1214 1057 1273 1101; x_wconf 89' lang='lat' dir='ltr'>ob</span> <span class='ocrx_word' id='word_1_96' title='bbox 1289 1056 1410 1116; x_wconf 80' lang='lat' dir='ltr'>aspe-</span> 
     </span>
     <span class='ocr_line' id='line_1_14' title="bbox 137 1126 1411 1189; baseline 0 -16"><span class='ocrx_word' id='word_1_97' title='bbox 137 1126 309 1174; x_wconf 78' lang='lat' dir='ltr'>ritatem</span> <span class='ocrx_word' id='word_1_98' title='bbox 340 1126 521 1172; x_wconf 78' lang='lat' dir='ltr'>nimiam</span> <span class='ocrx_word' id='word_1_99' title='bbox 553 1127 818 1184; x_wconf 74' lang='lat' dir='ltr'>inaccefl&#39;as,</span> <span class='ocrx_word' id='word_1_100' title='bbox 846 1126 1050 1173; x_wconf 87' lang='lat' dir='ltr'>homines</span> <span class='ocrx_word' id='word_1_101' title='bbox 1083 1127 1165 1173; x_wconf 69' lang='lat' dir='ltr'>ess&#39;e</span> <span class='ocrx_word' id='word_1_102' title='bbox 1194 1126 1411 1189; x_wconf 90' lang='lat' dir='ltr'>quosdam</span> 
     </span>
     <span class='ocr_line' id='line_1_15' title="bbox 137 1199 1409 1265; baseline 0.005 -21"><span class='ocrx_word' id='word_1_103' title='bbox 137 1200 265 1245; x_wconf 86' lang='lat' dir='ltr'>mites</span> <span class='ocrx_word' id='word_1_104' title='bbox 280 1200 329 1246; x_wconf 86' lang='lat'>&amp;</span> <span class='ocrx_word' id='word_1_105' title='bbox 344 1199 441 1262; x_wconf 88' lang='lat' dir='ltr'>pios</span> <span class='ocrx_word' id='word_1_106' title='bbox 455 1217 467 1255; x_wconf 88' lang='lat'>;</span> <span class='ocrx_word' id='word_1_107' title='bbox 486 1211 533 1245; x_wconf 88' lang='lat' dir='ltr'>ut</span> <span class='ocrx_word' id='word_1_108' title='bbox 551 1200 730 1246; x_wconf 80' lang='lat' dir='ltr'>J-axartae</span> <span class='ocrx_word' id='word_1_109' title='bbox 748 1199 844 1246; x_wconf 86' lang='lat' dir='ltr'>sunt</span> <span class='ocrx_word' id='word_1_110' title='bbox 863 1202 912 1248; x_wconf 84' lang='lat'>&amp;</span> <span class='ocrx_word' id='word_1_111' title='bbox 927 1200 1271 1265; x_wconf 66' lang='lat' dir='ltr'>Galatstophagi,</span> <span class='ocrx_word' id='word_1_112' title='bbox 1288 1216 1409 1264; x_wconf 58' lang='lat' dir='ltr'>quo-2</span> 
     </span>
     <span class='ocr_line' id='line_1_16' title="bbox 135 1272 1215 1320; baseline 0.002 -2"><span class='ocrx_word' id='word_1_113' title='bbox 135 1288 234 1318; x_wconf 86' lang='lat' dir='ltr'>rum</span> <span class='ocrx_word' id='word_1_114' title='bbox 253 1272 456 1319; x_wconf 85' lang='lat' dir='ltr'>meminit</span> <span class='ocrx_word' id='word_1_115' title='bbox 482 1284 605 1320; x_wconf 88' lang='lat' dir='ltr'>vates</span> <span class='ocrx_word' id='word_1_116' title='bbox 630 1275 854 1320; x_wconf 87' lang='lat' dir='ltr'>Homerus</span> <span class='ocrx_word' id='word_1_117' title='bbox 875 1275 921 1319; x_wconf 90' lang='lat' dir='ltr'>in</span> <span class='ocrx_word' id='word_1_118' title='bbox 940 1273 1029 1320; x_wconf 83' lang='lat' dir='ltr'>hoc</span> <span class='ocrx_word' id='word_1_119' title='bbox 1051 1272 1183 1319; x_wconf 86' lang='lat' dir='ltr'>versu</span> <span class='ocrx_word' id='word_1_120' title='bbox 1202 1291 1215 1320; x_wconf 70' lang='grc' dir='ltr'>ε</span> 
     </span>
    </p>
   </div>
   <div class='ocr_carea' id='block_1_3' title="bbox 192 1385 1195 1441">
    <p class='ocr_par' dir='ltr' id='par_1_3' title="bbox 192 1385 1195 1441">
     <span class='ocr_line' id='line_1_17' title="bbox 192 1385 1195 1441; baseline 0 -16"><span class='ocrx_word' id='word_1_121' title='bbox 192 1387 481 1441; x_wconf 69' lang='grc' dir='ltr'>Γλακτοφέιγων</span> <span class='ocrx_word' id='word_1_122' title='bbox 508 1386 666 1433; x_wconf 68' lang='grc' dir='ltr'><em>ἁβίωντε</em></span> <span class='ocrx_word' id='word_1_123' title='bbox 691 1386 951 1428; x_wconf 52' lang='grc' dir='ltr'>δικαιοτάτων</span> <span class='ocrx_word' id='word_1_124' title='bbox 976 1385 1195 1440; x_wconf 56' lang='grc' dir='ltr'>ιῖινὲρώντωνὓ</span> 
     </span>
    </p>
   </div>
   <div class='ocr_carea' id='block_1_4' title="bbox 134 1491 1421 2498">
    <p class='ocr_par' dir='ltr' id='par_1_4' title="bbox 134 1491 1421 2498">
     <span class='ocr_line' id='line_1_18' title="bbox 139 1491 1411 1557; baseline 0.005 -21"><span class='ocrx_word' id='word_1_125' title='bbox 139 1492 258 1537; x_wconf 85' lang='lat' dir='ltr'>Inter</span> <span class='ocrx_word' id='word_1_126' title='bbox 281 1491 463 1538; x_wconf 85' lang='lat' dir='ltr'>flumina</span> <span class='ocrx_word' id='word_1_127' title='bbox 495 1509 609 1539; x_wconf 87' lang='lat' dir='ltr'>vero</span> <span class='ocrx_word' id='word_1_128' title='bbox 635 1493 797 1553; x_wconf 82' lang='lat' dir='ltr'>multa,</span> <span class='ocrx_word' id='word_1_129' title='bbox 828 1511 928 1557; x_wconf 78' lang='lat' dir='ltr'>quae</span> <span class='ocrx_word' id='word_1_130' title='bbox 957 1510 1035 1556; x_wconf 86' lang='lat' dir='ltr'>per</span> <span class='ocrx_word' id='word_1_131' title='bbox 1062 1493 1138 1539; x_wconf 83' lang='lat' dir='ltr'>has</span> <span class='ocrx_word' id='word_1_132' title='bbox 1169 1506 1302 1541; x_wconf 77' lang='lat' dir='ltr'>terras</span> <span class='ocrx_word' id='word_1_133' title='bbox 1336 1495 1411 1542; x_wconf 76' lang='lat' dir='ltr'>vel</span> 
     </span>
     <span class='ocr_line' id='line_1_19' title="bbox 138 1564 1414 1629; baseline 0.003 -19"><span class='ocrx_word' id='word_1_134' title='bbox 138 1565 392 1627; x_wconf 83' lang='lat' dir='ltr'>potioribus</span> <span class='ocrx_word' id='word_1_135' title='bbox 426 1564 573 1629; x_wconf 80' lang='lat' dir='ltr'>jungit</span> <span class='ocrx_word' id='word_1_136' title='bbox 606 1578 789 1623; x_wconf 81' lang='lat' dir='ltr'>natura,</span> <span class='ocrx_word' id='word_1_137' title='bbox 818 1567 893 1612; x_wconf 90' lang='lat' dir='ltr'>vel</span> <span class='ocrx_word' id='word_1_138' title='bbox 922 1567 1041 1627; x_wconf 83' lang='lat' dir='ltr'>lapsu</span> <span class='ocrx_word' id='word_1_139' title='bbox 1069 1567 1167 1629; x_wconf 90' lang='lat' dir='ltr'>post</span> <span class='ocrx_word' id='word_1_140' title='bbox 1195 1569 1333 1613; x_wconf 86' lang='lat' dir='ltr'>trahit</span> <span class='ocrx_word' id='word_1_141' title='bbox 1364 1567 1414 1614; x_wconf 71' lang='lat' dir='ltr'>in·</span> 
     </span>
     <span class='ocr_line' id='line_1_20' title="bbox 139 1638 1412 1697; baseline 0.002 -15"><span class='ocrx_word' id='word_1_142' title='bbox 139 1653 288 1692; x_wconf 85' lang='lat' dir='ltr'>mare,</span> <span class='ocrx_word' id='word_1_143' title='bbox 309 1638 528 1684; x_wconf 83' lang='lat' dir='ltr'>Roemnus</span> <span class='ocrx_word' id='word_1_144' title='bbox 562 1639 744 1686; x_wconf 86' lang='lat' dir='ltr'>celebris</span> <span class='ocrx_word' id='word_1_145' title='bbox 777 1639 864 1697; x_wconf 85' lang='lat' dir='ltr'>est,</span> <span class='ocrx_word' id='word_1_146' title='bbox 885 1642 933 1686; x_wconf 59' lang='grc' dir='ltr'>δέ</span> <span class='ocrx_word' id='word_1_147' title='bbox 963 1641 1156 1686; x_wconf 78' lang='lat' dir='ltr'>Jaxartes</span> <span class='ocrx_word' id='word_1_148' title='bbox 1173 1676 1186 1695; x_wconf 92' lang='lat'>,</span> <span class='ocrx_word' id='word_1_149' title='bbox 1208 1642 1255 1687; x_wconf 65' lang='grc' dir='ltr'>ὃς</span> <span class='ocrx_word' id='word_1_150' title='bbox 1285 1639 1412 1685; x_wconf 87' lang='lat' dir='ltr'>Tali·</span> 
     </span>
     <span class='ocr_line' id='line_1_21' title="bbox 140 1711 1412 1760; baseline 0.001 -3"><span class='ocrx_word' id='word_1_151' title='bbox 140 1726 230 1758; x_wconf 82' lang='lat' dir='ltr'>cus.</span> <span class='ocrx_word' id='word_1_152' title='bbox 256 1711 477 1759; x_wconf 82' lang='lat' dir='ltr'>Civitates</span> <span class='ocrx_word' id='word_1_153' title='bbox 501 1725 645 1759; x_wconf 87' lang='lat' dir='ltr'>autem</span> <span class='ocrx_word' id='word_1_154' title='bbox 667 1729 761 1758; x_wconf 91' lang='lat' dir='ltr'>non</span> <span class='ocrx_word' id='word_1_155' title='bbox 782 1713 861 1759; x_wconf 74' lang='lat' dir='ltr'>nisi</span> <span class='ocrx_word' id='word_1_156' title='bbox 890 1727 975 1760; x_wconf 84' lang='lat' dir='ltr'>tres</span> <span class='ocrx_word' id='word_1_157' title='bbox 1004 1713 1117 1759; x_wconf 85' lang='lat' dir='ltr'>solas</span> <span class='ocrx_word' id='word_1_158' title='bbox 1138 1714 1299 1759; x_wconf 89' lang='lat' dir='ltr'>habere</span> <span class='ocrx_word' id='word_1_159' title='bbox 1322 1729 1412 1758; x_wconf 86' lang='lat' dir='ltr'>no-</span> 
     </span>
     <span class='ocr_line' id='line_1_22' title="bbox 139 1782 1415 1849; baseline 0.005 -21"><span class='ocrx_word' id='word_1_160' title='bbox 139 1782 348 1841; x_wconf 85' lang='lat' dir='ltr'>scuntur,</span> <span class='ocrx_word' id='word_1_161' title='bbox 377 1783 629 1847; x_wconf 82' lang='lat' dir='ltr'>Aspabota,</span> <span class='ocrx_word' id='word_1_162' title='bbox 664 1787 713 1833; x_wconf 58' lang='grc' dir='ltr'>δέ</span> <span class='ocrx_word' id='word_1_163' title='bbox 743 1786 1018 1841; x_wconf 81' lang='lat' dir='ltr'>Chauriana,</span> <span class='ocrx_word' id='word_1_164' title='bbox 1050 1788 1097 1834; x_wconf 86' lang='lat'>&amp;</span> <span class='ocrx_word' id='word_1_165' title='bbox 1131 1785 1250 1849; x_wconf 81' lang='lat' dir='ltr'>Saga.</span> <span class='ocrx_word' id='word_1_166' title='bbox 1286 1787 1415 1834; x_wconf 80' lang='lat' dir='ltr'>Ultra</span> 
     </span>
     <span class='ocr_line' id='line_1_23' title="bbox 139 1854 1415 1921; baseline 0.004 -21"><span class='ocrx_word' id='word_1_167' title='bbox 139 1854 234 1903; x_wconf 80' lang='lat' dir='ltr'>haec</span> <span class='ocrx_word' id='word_1_168' title='bbox 250 1856 479 1920; x_wconf 88' lang='lat' dir='ltr'>utriusque</span> <span class='ocrx_word' id='word_1_169' title='bbox 499 1857 699 1921; x_wconf 84' lang='lat' dir='ltr'>Scythiae</span> <span class='ocrx_word' id='word_1_170' title='bbox 717 1858 840 1914; x_wconf 86' lang='lat' dir='ltr'>loca,</span> <span class='ocrx_word' id='word_1_171' title='bbox 859 1870 1020 1905; x_wconf 82' lang='lat' dir='ltr'>contra</span> <span class='ocrx_word' id='word_1_172' title='bbox 1037 1858 1298 1905; x_wconf 88' lang='lat' dir='ltr'>orientalem</span> <span class='ocrx_word' id='word_1_173' title='bbox 1317 1859 1415 1921; x_wconf 81' lang='lat' dir='ltr'>pla-</span> 
     </span>
     <span class='ocr_line' id='line_1_24' title="bbox 137 1927 1413 1993; baseline 0.003 -21"><span class='ocrx_word' id='word_1_174' title='bbox 137 1943 235 1990; x_wconf 80' lang='lat' dir='ltr'>gam</span> <span class='ocrx_word' id='word_1_175' title='bbox 256 1927 302 1972; x_wconf 89' lang='lat' dir='ltr'>in</span> <span class='ocrx_word' id='word_1_176' title='bbox 331 1929 454 1975; x_wconf 88' lang='lat' dir='ltr'>orbis</span> <span class='ocrx_word' id='word_1_177' title='bbox 488 1928 677 1991; x_wconf 90' lang='lat' dir='ltr'>speciem</span> <span class='ocrx_word' id='word_1_178' title='bbox 710 1929 925 1976; x_wconf 83' lang='lat' dir='ltr'>consertae</span> <span class='ocrx_word' id='word_1_179' title='bbox 959 1928 1174 1976; x_wconf 85' lang='lat' dir='ltr'>celsorum</span> <span class='ocrx_word' id='word_1_180' title='bbox 1203 1947 1413 1993; x_wconf 73' lang='lat' dir='ltr'>aggerum</span> 
     </span>
     <span class='ocr_line' id='line_1_25' title="bbox 137 1998 1415 2064; baseline 0.004 -20"><span class='ocrx_word' id='word_1_181' title='bbox 137 1998 414 2046; x_wconf 79' lang='lat' dir='ltr'>summitates</span> <span class='ocrx_word' id='word_1_182' title='bbox 446 2000 650 2047; x_wconf 86' lang='lat' dir='ltr'>ambiunt</span> <span class='ocrx_word' id='word_1_183' title='bbox 686 2001 811 2048; x_wconf 84' lang='lat' dir='ltr'>Seras</span> <span class='ocrx_word' id='word_1_184' title='bbox 850 2001 1048 2048; x_wconf 84' lang='lat' dir='ltr'>ubertate</span> <span class='ocrx_word' id='word_1_185' title='bbox 1088 1999 1323 2064; x_wconf 79' lang='lat' dir='ltr'>regionum</span> <span class='ocrx_word' id='word_1_186' title='bbox 1363 2004 1415 2049; x_wconf 72' lang='grc' dir='ltr'>δε</span> 
     </span>
     <span class='ocr_line' id='line_1_26' title="bbox 140 2071 1415 2135; baseline 0.002 -20"><span class='ocrx_word' id='word_1_187' title='bbox 140 2071 431 2132; x_wconf 79' lang='lat' dir='ltr'>amplitudine</span> <span class='ocrx_word' id='word_1_188' title='bbox 467 2072 807 2135; x_wconf 59' lang='lat' dir='ltr'>circumspefiios</span> <span class='ocrx_word' id='word_1_189' title='bbox 838 2091 851 2119; x_wconf 87' lang='lat'>:</span> <span class='ocrx_word' id='word_1_190' title='bbox 885 2073 939 2118; x_wconf 85' lang='lat' dir='ltr'>ab</span> <span class='ocrx_word' id='word_1_191' title='bbox 974 2071 1242 2119; x_wconf 88' lang='lat' dir='ltr'>occidentali</span> <span class='ocrx_word' id='word_1_192' title='bbox 1279 2073 1415 2119; x_wconf 83' lang='lat' dir='ltr'>latere</span> 
     </span>
     <span class='ocr_line' id='line_1_27' title="bbox 134 2143 1415 2208; baseline 0.001 -19"><span class='ocrx_word' id='word_1_193' title='bbox 134 2143 316 2207; x_wconf 76' lang='lat' dir='ltr'>Scythis</span> <span class='ocrx_word' id='word_1_194' title='bbox 345 2162 544 2192; x_wconf 83' lang='lat' dir='ltr'>annexos</span> <span class='ocrx_word' id='word_1_195' title='bbox 565 2164 575 2193; x_wconf 75' lang='grc' dir='ltr'><strong><em>ε</em></strong></span> <span class='ocrx_word' id='word_1_196' title='bbox 596 2163 618 2192; x_wconf 86' lang='lat' dir='ltr'>a</span> <span class='ocrx_word' id='word_1_197' title='bbox 651 2145 965 2208; x_wconf 85' lang='lat' dir='ltr'>septemtrione</span> <span class='ocrx_word' id='word_1_198' title='bbox 999 2146 1048 2191; x_wconf 86' lang='lat'>&amp;</span> <span class='ocrx_word' id='word_1_199' title='bbox 1077 2144 1315 2201; x_wconf 72' lang='lat' dir='ltr'>orientali,</span> <span class='ocrx_word' id='word_1_200' title='bbox 1348 2145 1415 2191; x_wconf 88' lang='lat' dir='ltr'>ni-</span> 
     </span>
     <span class='ocr_line' id='line_1_28' title="bbox 141 2215 1413 2280; baseline 0.001 -18"><span class='ocrx_word' id='word_1_201' title='bbox 141 2215 264 2262; x_wconf 83' lang='lat' dir='ltr'>vosae</span> <span class='ocrx_word' id='word_1_202' title='bbox 280 2215 509 2263; x_wconf 74' lang='lat' dir='ltr'>solitudini</span> <span class='ocrx_word' id='word_1_203' title='bbox 528 2219 827 2264; x_wconf 86' lang='lat' dir='ltr'>cohaerentes:</span> <span class='ocrx_word' id='word_1_204' title='bbox 845 2234 931 2280; x_wconf 82' lang='lat' dir='ltr'>qua</span> <span class='ocrx_word' id='word_1_205' title='bbox 949 2217 1175 2263; x_wconf 88' lang='lat' dir='ltr'>meridiem</span> <span class='ocrx_word' id='word_1_206' title='bbox 1198 2216 1413 2279; x_wconf 54' lang='lat' dir='ltr'>speciant,</span> 
     </span>
     <span class='ocr_line' id='line_1_29' title="bbox 143 2286 1416 2352; baseline 0 -19"><span class='ocrx_word' id='word_1_207' title='bbox 143 2286 333 2349; x_wconf 87' lang='lat' dir='ltr'>adusque</span> <span class='ocrx_word' id='word_1_208' title='bbox 355 2289 519 2334; x_wconf 87' lang='lat' dir='ltr'>Indiam</span> <span class='ocrx_word' id='word_1_209' title='bbox 542 2290 773 2350; x_wconf 61' lang='lat' dir='ltr'>porrectos</span> <span class='ocrx_word' id='word_1_210' title='bbox 796 2290 846 2336; x_wconf 66' lang='grc' dir='ltr'>δέ</span> <span class='ocrx_word' id='word_1_211' title='bbox 876 2290 1092 2352; x_wconf 83' lang='lat' dir='ltr'>Gangem.</span> <span class='ocrx_word' id='word_1_212' title='bbox 1121 2289 1416 2352; x_wconf 83' lang='lat' dir='ltr'>Appellantur</span> 
     </span>
     <span class='ocr_line' id='line_1_30' title="bbox 146 2360 1417 2425; baseline 0.002 -20"><span class='ocrx_word' id='word_1_213' title='bbox 146 2371 294 2406; x_wconf 86' lang='lat' dir='ltr'>autem</span> <span class='ocrx_word' id='word_1_214' title='bbox 323 2360 452 2425; x_wconf 82' lang='lat' dir='ltr'>iidem</span> <span class='ocrx_word' id='word_1_215' title='bbox 485 2375 690 2420; x_wconf 85' lang='lat' dir='ltr'>montes,</span> <span class='ocrx_word' id='word_1_216' title='bbox 711 2362 922 2419; x_wconf 88' lang='lat' dir='ltr'>Anniva,</span> <span class='ocrx_word' id='word_1_217' title='bbox 942 2363 991 2408; x_wconf 88' lang='lat'>&amp;</span> <span class='ocrx_word' id='word_1_218' title='bbox 1018 2361 1335 2416; x_wconf 81' lang='lat' dir='ltr'>Nazavicium,</span> <span class='ocrx_word' id='word_1_219' title='bbox 1367 2362 1417 2407; x_wconf 79' lang='lat'>&amp;3</span> 
     </span>
     <span class='ocr_line' id='line_1_31' title="bbox 141 2431 1421 2498; baseline 0.001 -19"><span class='ocrx_word' id='word_1_220' title='bbox 141 2431 311 2480; x_wconf 86' lang='lat' dir='ltr'>Asmira</span> <span class='ocrx_word' id='word_1_221' title='bbox 326 2468 344 2493; x_wconf 78' lang='lat'>,‚</span> <span class='ocrx_word' id='word_1_222' title='bbox 363 2435 412 2482; x_wconf 74' lang='grc' dir='ltr'>δε</span> <span class='ocrx_word' id='word_1_223' title='bbox 447 2435 683 2496; x_wconf 82' lang='lat' dir='ltr'>Emodon,</span> <span class='ocrx_word' id='word_1_224' title='bbox 709 2438 757 2485; x_wconf 65' lang='grc' dir='ltr'>δέ</span> <span class='ocrx_word' id='word_1_225' title='bbox 781 2436 1082 2498; x_wconf 84' lang='lat' dir='ltr'>Opurocarra.</span> <span class='ocrx_word' id='word_1_226' title='bbox 1114 2437 1241 2483; x_wconf 87' lang='lat' dir='ltr'>Hanc</span> <span class='ocrx_word' id='word_1_227' title='bbox 1267 2436 1421 2497; x_wconf 73' lang='lat' dir='ltr'>itaque.</span> 
     </span>
    </p>
   </div>
   <div class='ocr_carea' id='block_1_5' title="bbox 1047 2508 1136 2566">
    <p class='ocr_par' dir='ltr' id='par_1_5' title="bbox 1047 2508 1136 2566">
     <span class='ocr_line' id='line_1_32' title="bbox 1047 2508 1136 2566; baseline 0.045 -4"><span class='ocrx_word' id='word_1_228' title='bbox 1047 2508 1136 2566; x_wconf 72' lang='lat'>24</span> 
     </span>
    </p>
   </div>
  </div>
 </body>
</html>
