1626 2917
174 218 238 282 96
391 211 724 263 ΑΜΜΙΑΝΙ
760 207 1247 262 MARCELLFNI

170 323 412 389 aliquoties
441 322 632 385 superati
653 320 942 368 multitudine
963 323 1157 370 militum
1176 322 1464 379 amittebant}

171 397 395 444 interdum
417 394 527 442 nihil
554 388 811 457 prospicere
831 395 1037 457 prorsus,
1055 397 1178 459 quod
1198 409 1373 459 poterat
1394 413 1467 442 ra·

170 472 248 535 pi,
277 468 662 534 permittebantur.
704 469 999 517 Musonianus
1040 482 1189 516 tamen
1230 470 1467 534 praefeffius

170 543 415 608 praetorio,
444 541 629 600 multis,
661 554 710 588 ut
740 558 843 589 ante
873 542 1096 598 diximus,
1127 542 1261 589 bonis
1296 544 1465 590 artibus

172 618 374 664 eruditus
390 651 403 672 ,
426 613 499 661 sed
518 614 709 672 venalis,
729 617 777 663 ὅ(
793 615 910 662 flea-i
930 633 954 661 a
975 616 1165 663 veritate
1187 617 1378 679 pecunia
1400 615 1465 663 fa-

171 691 294 748 cilis,
325 706 405 752 per
438 688 683 735 emissarios
711 688 926 753 quosdam
952 688 1133 736 fallendi
1160 690 1466 753 perstringen-

172 764 309 827 dique
341 779 527 826 gnaroe,
561 764 790 810 Persarum
815 762 1116 810 sciscitabatur
1146 763 1329 810 consilia
1351 799 1365 821 ‚
1402 761 1469 809 as*

171 838 321 884 sumto
354 836 400 883 in
432 836 779 884 deliberationes
823 834 1084 896 hujusmodi
1121 837 1326 884 Caffiano
1365 838 1468 884 Me-

176 912 443 974 sopotamiae
473 912 587 959 duce
605 948 618 970 ,
638 911 869 975 stipendiis
895 912 944 957 &
974 910 1302 959 discriminibus
1335 911 1471 958 indu-

174 999 277 1033 rato
308 986 507 1033 diversis.
528 987 626 1047 Qui
663 1004 765 1033 cum
792 984 879 1032 fide
907 985 1179 1032 concinente
1211 984 1470 1048 speculato-

172 1077 274 1107 rum
304 1072 456 1122 aperte
480 1059 835 1123 cognoscerent,
860 1060 1076 1121 Saporem
1099 1058 1143 1103 in
1167 1060 1378 1106 extremis
1398 1076 1470 1106 re-

172 1131 250 1196 gni
279 1130 495 1178 limitibus
523 1131 702 1177 suorum
733 1131 944 1194 sanguine
965 1130 1063 1176 fuso
1083 1131 1324 1192 multiplici
1351 1146 1469 1194 aegre

173 1203 436 1268 propulsare
457 1216 608 1267 gentes
627 1203 801 1250 infestas
816 1222 829 1260 ;
847 1203 1167 1265 Tamsaporem
1190 1204 1351 1249 ducem
1372 1217 1470 1265 par-

174 1278 212 1326 ti
245 1277 410 1324 nostrae
439 1277 740 1340 contiguum,
762 1276 957 1324 occultis
990 1294 1068 1339 per
1088 1277 1272 1340 ignotos
1306 1276 1469 1323 milites

175 1364 410 1399 tentavere
433 1351 679 1413 colloquiis
698 1387 710 1407 ‚
734 1364 812 1410 ut,
843 1351 874 1396 s1
908 1350 1088 1412 copiam
1119 1350 1213 1397 fors
1248 1351 1430 1397 dedisset
1452 1386 1469 1409 ,

175 1425 377 1473 suaderet
407 1423 499 1488 regi
529 1439 608 1487 per
636 1423 783 1470 literas
813 1439 969 1485 pacem
1004 1423 1183 1469 tandem
1217 1423 1466 1485 aliquando

175 1515 281 1547 cum
311 1497 518 1561 principe
552 1497 768 1542 Romano
800 1494 977 1541 firmare
1000 1532 1016 1553 ,
1051 1511 1102 1543 ut
1136 1496 1226 1543 hoc
1255 1495 1374 1543 faite
1402 1496 1470 1543 la·

176 1587 269 1619 tere
293 1570 349 1618 ab
371 1570 500 1617 omni
519 1569 714 1629 securus,
736 1572 985 1634 perduelles
1007 1571 1241 1619 advolaret
1259 1573 1471 1619 assiduos.

174 1646 326 1693 Paruit
353 1645 635 1708 Tamsapor‚
669 1645 825 1708 hisque
859 1644 998 1692 fretus
1038 1645 1174 1691 refert
1197 1647 1251 1692 ad
1283 1663 1430 1710 regem
1451 1678 1466 1704 ‚

177 1719 305 1784 quod
329 1719 458 1766 bellis
491 1717 721 1765 acerrimis
750 1717 1041 1765 Constantius
1072 1717 1326 1780 implicatus
1349 1753 1363 1775 ,
1384 1735 1467 1780 pa-
1511 1739 1522 1752 ·

176 1810 275 1841 cem
302 1793 498 1856 postulat
523 1792 815 1856 precativam.
838 1792 1051 1854 Dumque
1078 1791 1131 1836 ad
1158 1792 1397 1838 Chionitas
1418 1794 1470 1840 &

175 1867 381 1914 Eusenos
417 1867 513 1912 haec
542 1864 702 1926 scripta
741 1863 1010 1918 mittuntur,
1038 1863 1085 1909 in
1118 1879 1315 1926 quorum
1351 1880 1468 1910 con-

178 1938 299 1986 finiis
353 1938 508 2002 agebat
550 1938 742 1984 hiemem
781 1938 924 2000 Sapor
956 1972 971 1996 ‚
1015 1948 1191 2000 tempus
1239 1936 1467 1984 interstitit

180 2013 385 2076 longum.
801 2006 803 2008 ¹

238 2087 299 2132 X.
318 2086 426 2132 Haec
445 2085 550 2131 dum
569 2101 646 2148 per
667 2086 782 2130 ans
803 2095 947 2146 partes
965 2084 1015 2130 &
1032 2081 1202 2130 Gallias
1221 2098 1307 2145 pro
1329 2094 1465 2144 captu

175 2170 434 2221 temporum
466 2158 767 2221 disponuntur
789 2191 802 2214 ‚
831 2156 1122 2205 Constantius
1147 2169 1362 2219 tanquam
1391 2172 1467 2202 re-

179 2232 305 2281 cluso
326 2232 422 2280 Jani
447 2234 618 2295 templo
634 2267 648 2289 ‚
671 2231 899 2295 stratisque
927 2229 1131 2277 hostibus
1155 2230 1348 2285 ειιηξὶίς,
1367 2230 1467 2275 Ro-

179 2321 297 2352 mam
324 2304 465 2352 visere
492 2305 702 2368 gestiebat
720 2340 734 2362 ‚
763 2303 861 2367 post
893 2302 1140 2367 Magnentii
1159 2303 1343 2348 exitium
1367 2300 1470 2348 abs·

179 2395 270 2441 que
305 2379 490 2424 nomine
527 2395 582 2424 ex
620 2378 827 2440 sanguine
860 2378 1071 2423 Romano
1101 2376 1468 2438 triumphaturus.

181 2452 283 2497 Nec
309 2449 428 2496 enim
450 2463 626 2513 gentem
649 2450 783 2495 ullam
814 2450 928 2495 bella
951 2450 1141 2495 cientem
1164 2464 1241 2510 per
1269 2447 1309 2494 se
1335 2447 1466 2510 supe·-

180 2521 303 2574 ravit
323 2558 339 2585 ,
370 2536 443 2571 aut
466 2523 629 2573 vistam
647 2522 912 2573 fortitudine
932 2522 1115 2571 suorum
1135 2521 1360 2586 comperit
1382 2522 1469 2578 du·⁴
