1626 2917
198 254 291 304 304
416 235 757 284 AMMIANI
805 234 1274 283 MARCELLINI

195 344 488 392 dominorum
513 344 562 390 δε
592 342 726 388 rebus
745 358 755 386 τ
775 342 938 405 quibus
958 342 1194 403 subjeElum
1228 341 1390 405 gracile
1421 338 1480 386 lid

195 433 294 477 tus,
315 417 548 465 Achilleos
570 427 742 463 vocant
766 415 988 478 indigenae
1016 418 1236 474 dromon,
1256 413 1481 462 exercitiis

195 493 321 540 ducis
354 491 584 554 quondam
608 489 803 536 Theffali
825 490 1175 538 memorabilem.
1207 491 1348 554 Eique
1370 504 1480 551 pro·-

195 566 318 613 xima
338 563 398 610 est
429 563 590 610 civitas
616 562 801 626 Tyros,
819 562 1004 609 colonia
1026 563 1287 611 Phoenicum
1304 596 1319 619 ‚
1343 578 1478 624 quam

197 635 470 701 praestringit
496 634 664 680 fluvius
695 635 861 698 TyraS.
894 637 944 680 In
972 636 1124 682 medio
1157 649 1302 683 autem
1335 635 1479 698 spatio

194 728 346 767 arcus,
374 710 500 773 quod
522 707 714 771 prolixae
743 708 1035 755 rotunditatis
1054 709 1137 755 effe
1165 709 1479 773 praediximus,

195 784 414 848 quodque
445 781 659 844 expedito
693 781 863 828 viatori
898 781 1054 828 diebus
1082 781 1321 829 conficitur
1344 784 1482 846 quin-

195 855 371 914 decim,
401 853 615 916 Enropaei
645 851 746 898 sunt
779 852 941 911 Alani,
962 854 1013 900 &
1038 853 1311 901 Costobocae
1328 891 1341 912 ‚
1371 873 1482 919 gen-

196 928 349 991 tesque
368 926 638 989 Scytharum
657 923 908 971 innumerae
927 960 939 980 ‚
966 941 1065 987 quae
1086 925 1378 989 porriguntur
1401 928 1482 972 ad-

200 999 338 1064 usque
372 1012 509 1046 terras
547 998 638 1044 fine
678 996 866 1061 cognito
897 995 985 1044 fine
1018 998 1254 1045 distentas:
1292 1018 1484 1063 quarum

197 1090 301 1138 pars
330 1073 490 1135 exigua
520 1070 719 1134 frugibus
748 1071 880 1117 alitur
905 1088 916 1116 :
939 1071 1120 1117 residuae
1151 1087 1310 1118 omnes
1330 1073 1484 1135 palan-

198 1162 264 1196 tes
285 1163 364 1209 per
380 1144 640 1192 solitudines
667 1144 808 1192 vastas
822 1179 844 1203 λ
860 1161 942 1191 nec
961 1144 1115 1191 stivam
1138 1145 1378 1208 aliquando
1399 1164 1483 1196 nec

198 1223 440 1271 sementem
477 1232 703 1284 expertas,
744 1219 817 1266 sed
853 1219 1101 1282 squalentes
1136 1223 1185 1269 &
1219 1223 1488 1292 pruinosas9·

198 1295 393 1344 ferarum
419 1305 553 1339 taetro
583 1293 675 1338 ritu
695 1291 937 1339 vescuntur
959 1307 969 1335 :
991 1292 1142 1355 eisque
1171 1293 1372 1342 caritates
1387 1331 1400 1353 ,
1433 1298 1485 1344 &

199 1367 476 1424 habitacula,
502 1365 702 1428 vilesque
723 1365 1014 1428 supelleffiles
1034 1366 1238 1428 plaustris
1263 1369 1484 1431 impofitae

204 1441 305 1489 sunt
322 1438 567 1487 corticibus
588 1438 714 1485 testis
735 1457 747 1485 τ
765 1442 813 1486 &
840 1455 944 1485 cum
965 1437 1205 1501 placuerit,
1224 1441 1315 1487 fine
1334 1443 1486 1490 obsta-

204 1512 312 1561 culo
326 1511 536 1574 migrant,
555 1509 708 1555 eadem
726 1522 956 1572 carpenta,
972 1526 1064 1572 quo
1077 1510 1487 1570 libuerit,·convol-

201 1597 378 1632 ventes.
413 1583 533 1629 Cum
558 1596 704 1629 autem
730 1582 784 1629 ad
810 1584 947 1629 alium
974 1583 1241 1646 portuosum
1268 1585 1487 1634 ambitum

203 1658 339 1705 fuerit
370 1668 559 1702 ventum
575 1691 588 1712 ,
611 1654 691 1718 qui
719 1671 848 1702 arcus
872 1654 1061 1718 figuram
1089 1656 1355 1704 determinat
1378 1658 1488 1704 ulti-

202 1748 321 1779 mam
337 1766 352 1787 ‚
370 1731 515 1777 Peuce
543 1728 775 1791 prominet
801 1727 941 1775 insula
956 1765 969 1786 ‚
992 1746 1128 1793 quam
1155 1730 1490 1779 circumcolunt

202 1804 508 1868 Troglodytae
532 1806 581 1850 &
604 1803 736 1849 Peuci
757 1838 769 1860 ,
790 1803 1075 1866 minoresque
1105 1803 1203 1850 aliae
1224 1818 1376 1867 gentes
1395 1822 1406 1850 :
1436 1808 1489 1854 &

205 1878 380 1926 Histros
397 1876 626 1938 quondam
653 1876 954 1938 potentiffima
980 1877 1169 1934 civitas,
1188 1879 1237 1925 &
1254 1878 1414 1935 Tomi,
1440 1880 1491 1929 &

206 1950 456 2014 Apollonia
472 1985 486 2006 ,
507 1951 557 1996 δε
575 1949 842 2005 Anchialos,
862 1950 910 1996 ὃ(
925 1949 1105 1995 Odiffos
1125 1967 1135 1996 :
1157 1950 1254 1996 aliae
1277 1963 1492 2012 praeterea

206 2024 388 2079 muhae,
417 2039 526 2085 quas
560 2021 695 2068 litora
725 2021 964 2068 continent
991 2022 1300 2069 Thraciarum.
1332 2023 1492 2069 Amnis

206 2113 320 2145 vero
360 2095 603 2144 Danubius
644 2095 796 2142 oriens
837 2112 980 2158 prope
1024 2097 1250 2142 Rauracos
1285 2110 1491 2155 montes,

206 2170 410 2220 confines
427 2171 645 2217 limitibus
660 2169 844 2217 Raeticis
857 2207 869 2227 ‚
884 2187 964 2235 per
982 2169 1185 2216 latiorem
1205 2170 1361 2216 orbem
1379 2188 1490 2232 prae-

208 2256 392 2300 tentus,
430 2260 482 2290 ac
522 2242 745 2305 sexaginta
783 2242 1059 2306 navigabiles
1105 2259 1232 2304 paene
1271 2243 1491 2305 recipiens

209 2316 406 2374 fluvios,
447 2315 611 2379 septem
658 2315 780 2362 ostiis
820 2332 899 2377 per
945 2316 1033 2361 hoc
1068 2314 1333 2378 Scythicum
1376 2314 1492 2361 latus

211 2389 408 2451 erumpit
445 2389 491 2434 in
526 2405 660 2435 mare.
685 2390 899 2449 Quorum
930 2388 1122 2450 primum
1152 2387 1212 2434 est
1246 2389 1388 2435 Peuce
1419 2389 1492 2433 in·

213 2463 304 2510 sula
323 2462 450 2525 supra
468 2462 604 2516 dieta,
625 2474 673 2508 ut
693 2463 977 2525 interpretata
1000 2461 1097 2507 sunt
1119 2461 1343 2508 vocabula
1364 2462 1494 2507 Grae-

213 2553 272 2586 co
300 2536 532 2597 sermone,
560 2537 802 2586 secundum
831 2535 1180 2593 Naracustoma,
1201 2534 1379 2583 tertium
1400 2534 1491 2581 Ca-
