1626 2917
223 92 286 155 96
435 90 775 136 AMMIANI
822 89 1302 137 MARCELLINI

223 194 491 241 Gothorum
518 193 600 239 tria
638 192 775 240 mi‘llia
810 193 985 257 regibus
1015 193 1099 255 jam
1136 195 1284 242 lenitis
1306 195 1361 242 ad
1383 193 1514 242 auxi-

223 269 334 314 lium
363 279 488 313 erant
510 266 631 312 miffa
647 267 880 328 Procopio
897 303 911 325 ,
927 266 1297 315 Constantianam
1319 283 1515 331 praeten-

224 339 349 385 denti
382 338 764 390 neceffitudinem‚
791 356 890 401 quae
909 339 963 385 ad
982 339 1240 387 societatem
1267 340 1385 387 suam
1410 358 1514 404 par-

226 429 288 458 va
309 413 513 457 mercede
535 412 707 458 traduci
729 412 851 473 pofi'e
880 412 1152 458 existimabat
1171 431 1181 458 :
1202 414 1415 477 quodque
1438 430 1517 477 ge-

224 485 287 532 sta
322 485 366 531 in
401 484 589 548 Illyrico
619 484 850 530 etiamtum
883 484 1091 532 latebant.
1138 487 1256 532 Inter
1287 502 1389 547 quae
1426 499 1515 530 tam

226 558 400 621 trepida
418 593 432 615 ‚
464 557 844 620 speculationibus
875 557 972 604 fidis
1001 558 1202 621 Equitius
1227 558 1381 606 doctus
1404 575 1520 605 con-

230 630 404 678 versam
433 629 600 677 molem
635 630 741 676 belli
768 630 908 677 totius
928 630 976 676 in
1000 631 1171 688 Asiam,
1203 631 1412 695 digreffus
1441 646 1520 693 per

228 706 402 750 Succos
445 702 802 766 Philippopolim
839 703 1029 750 clausam
1055 705 1266 767 praeficliis
1297 706 1521 761 hostium,

230 776 572 839 Eumolpiadam
594 788 791 823 veterem
807 777 998 824 reserare
1018 795 1173 841 magna
1194 778 1242 824 vi
1257 779 1523 832 conabatur,

232 851 391 897 urbem
411 850 658 897 admodum
680 863 1009 912 opportunam,
1024 852 1074 899 &
1097 851 1408 914 impedituram
1429 849 1524 911 ejus

233 923 483 982 adventus,
503 922 533 968 fi
561 937 682 984 pone
702 921 851 968 reneka
871 958 884 979 ‚
912 921 1169 983 adjumenta
1198 922 1380 969 Valenti
1410 923 1524 969 latu·

231 1013 310 1044 rus
338 996 577 1060 (nondum
601 997 718 1042 enim
742 996 859 1058 apud
883 997 1118 1044 Nacoliam
1141 997 1259 1060 gesta
1286 1012 1524 1058 compere-

234 1069 344 1134 rat)
376 1068 579 1116 festinare
616 1069 670 1115 ad
700 1069 1029 1117 AEmimontum
1065 1083 1317 1132 cogeretur.
1354 1072 1525 1115 Verum

234 1144 374 1208 paulo
408 1143 560 1206 postea
593 1143 776 1206 cognita
804 1142 896 1188 levi
931 1142 1251 1205 praesumtione
1284 1143 1525 1198 Marcelli,

235 1215 403 1263 milites
439 1214 550 1260 miffi
580 1213 680 1260 sunt
710 1214 898 1260 audaces
931 1215 980 1260 &
1011 1216 1209 1276 promti,
1231 1215 1309 1279 qui
1335 1231 1435 1262 eum
1458 1232 1526 1260 ra-

237 1300 365 1353 ptum
384 1324 398 1344 ,
418 1299 467 1333 ut
492 1285 691 1333 deditum
721 1303 855 1332 noxae
875 1288 1148 1349 mancipium
1171 1324 1184 1343 ‚
1203 1289 1250 1334 in
1280 1289 1524 1335 custodiam

240 1371 583 1422 compegerunt.
605 1358 739 1406 Unde
768 1358 866 1421 post
887 1359 978 1406 dies
1007 1361 1253 1423 produClus
1273 1397 1286 1419 ,
1318 1361 1528 1409 lateribus

242 1432 421 1480 sulcatis
454 1431 670 1478 acerrime
691 1466 705 1488 ‚
724 1430 934 1494 pariaque
975 1433 1182 1495 perpessis
1210 1433 1496 1481 consortibus
1514 1470 1529 1495 ‚

242 1506 437 1564 interiit,
454 1505 544 1552 hoc
571 1505 834 1552 favorabilis
851 1505 948 1551 solo
961 1541 974 1564 ‚
994 1507 1119 1568 quod
1134 1506 1310 1560 abstulit
1328 1509 1528 1554 Serenia-

245 1599 354 1627 num
382 1599 405 1628 e
430 1581 580 1627 medio
596 1616 609 1637 ‚
638 1580 862 1627 crudelem
880 1615 893 1638 ,
914 1593 963 1626 ut
987 1581 1199 1627 Phalarim
1217 1617 1230 1639 ,
1252 1582 1277 1603 ⁴
1307 1581 1372 1627 illi
1392 1584 1441 1629 &
1464 1581 1530 1628 illi

244 1654 383 1701 fidum
412 1655 466 1700 ad
491 1654 795 1700 doclrinarum
825 1653 1045 1700 diritatem
1063 1690 1077 1713 ,
1109 1671 1241 1717 quam
1269 1655 1408 1702 causis
1431 1655 1530 1701 ina-

245 1729 378 1774 nibus
409 1727 696 1790 praetexebat.
723 1726 981 1789 Exstirpatis
1012 1727 1174 1774 occasu
1209 1728 1333 1775 ducis
1359 1727 1532 1775 funeri·

249 1805 334 1850 bus
357 1804 459 1849 belli
482 1839 494 1859 ‚
521 1802 722 1850 saevitum
752 1801 813 1848 est
838 1802 883 1847 in
910 1803 1075 1849 multos
1097 1803 1264 1858 acrius,
1292 1819 1423 1865 quam
1459 1820 1530 1849 er·

248 1891 343 1923 rata
374 1875 683 1938 flagitaverant
701 1889 716 1931 ‚·
737 1875 808 1921 vel
829 1875 983 1922 delicia
1008 1894 1018 1922 ε
1052 1875 1406 1938 ωεκίη]ρ(]ιιρ,ιὶη
1430 1876 1531 1922 Phi-

248 1949 542 2010 lippopoleos
566 1947 820 1994 defensores
835 1985 847 2005 ‚
869 1949 946 2012 qui
967 1949 1123 1996 urbem
1143 1948 1275 2010 seque
1295 1948 1413 2010 ipsos
1438 1966 1532 1996 non

250 2021 333 2067 nisi
354 2021 496 2083 capite
523 2020 621 2066 viso
641 2021 856 2082 Procopii
875 2057 888 2078 ,
916 2021 1042 2083 quod
1060 2021 1112 2067 ad
1128 2020 1296 2067 Gallias
1324 2021 1532 2082 portaba-

252 2106 327 2138 tur
346 2128 360 2148 ‚
387 2093 615 2156 aegerrime
643 2092 923 2139 dediderunt.
956 2094 1022 2138 Ad
1056 2093 1239 2155 gratiam
1263 2105 1410 2138 tamen
1432 2108 1534 2154 pre-

252 2167 453 2214 cantium
474 2167 661 2213 coerciti
688 2166 788 2213 sunt
803 2167 941 2231 aliqui
961 2167 1103 2217 lenius
1124 2185 1134 2213 ε
1156 2167 1272 2212 inter
1293 2184 1407 2230 quos
1426 2167 1535 2214 emi·

253 2241 388 2286 nebat
425 2240 649 2298 Araxius,
679 2241 724 2287 in
761 2241 857 2303 ipso
891 2258 1038 2287 rerum
1085 2241 1336 2287 exustarum
1375 2241 1534 2288 ardore

255 2314 440 2377 adeptus
471 2315 636 2360 ambitu
674 2314 1010 2376 praefefturam:
1037 2315 1086 2361 &
1118 2315 1312 2373 Agilone
1345 2314 1536 2361 interce-

258 2387 393 2435 dente
427 2403 593 2451 genero
625 2387 846 2451 supplicio
876 2387 1055 2436 insulari
1088 2389 1322 2436 mulctatus
1342 2423 1356 2448 ,
1393 2388 1533 2437 breve
