1626 2917
269 178 488 225 RERUM
523 177 864 224 GESTARUM
899 177 1002 221 LIB.
1037 174 1183 220 XVII.
1294 189 1375 235 153

103 283 203 331 lites
237 283 474 347 expediti,
516 295 797 345 occuparunt
833 281 1015 329 latibula
1049 282 1377 327 Sarmatarum:

102 356 514 420 quos'repentinus
547 356 705 402 fefellit
745 355 938 418 aspetstus
959 390 972 412 ‚
1004 354 1187 417 gentiles
1207 353 1384 398 lembos

102 432 153 478 &
197 442 305 476 nota
341 430 524 492 remigia
557 429 882 491 conspicantes.
910 427 1003 475 Ubi
1038 443 1181 483 vero,
1222 424 1385 488 procul

103 503 373 550 micantibus
409 503 505 549 telis
527 538 540 560 ‚
570 503 695 565 quod
732 501 1008 548 verebantur
1032 535 1045 557 ‚
1079 499 1385 562 propinquare

103 574 331 621 senserunt
352 610 366 631 ‚
390 575 444 620 ad
472 573 652 636 suffugia
681 574 891 619 locorum
915 571 1168 634 palustrium
1205 571 1245 618 se
1269 587 1384 618 con·-

103 646 344 691 tulerunt:
386 645 554 707 eosque
594 644 767 690 secutus
817 643 1013 689 infestius
1059 643 1185 689 miles
1217 677 1230 699 ,
1265 642 1386 689 caesis

103 717 334 781 plurimis,
352 717 413 764 ibi
432 717 671 764 viCtoriam
693 716 886 778 reperit,
907 716 983 762 ubi
1006 733 1087 762 nec
1117 732 1245 763 caute
1265 714 1387 776 poffe

106 790 344 835 consistere
361 825 374 847 ,
403 806 484 836 nec
510 789 670 834 audere
692 788 861 852 aliquid
887 789 1160 835 credebatur.
1185 787 1288 833 Post
1304 788 1385 833 ab·

107 863 276 910 sumtos
325 880 453 925 paene
502 861 770 924 diffusosque
810 861 1064 908 Amicenses
1087 897 1099 919 ‚
1133 860 1260 923 petiti
1287 861 1387 906 sunt

107 935 200 982 fine
244 951 371 982 mora
416 933 613 981 Picenses
645 969 658 989 ‚
691 934 750 979 ita
782 950 839 980 ex
882 934 1142 997 regionibus
1179 933 1386 995 appellati

109 1007 432 1054 conterminis:
470 1024 586 1069 quos
630 1006 818 1052 tutiores
845 1005 988 1053 fecere
1016 1006 1240 1053 sociorum
1272 1026 1387 1054 aeru-

109 1097 228 1127 mnae
243 1115 256 1137 ‚
273 1096 505 1126 rumorum
526 1079 771 1124 assiduitate
787 1091 1044 1140 compertae.
1068 1079 1137 1125 Ad
1158 1095 1273 1142 quc-s
1304 1097 1390 1142 op-

109 1152 371 1215 primendos
402 1150 534 1216 (erat
569 1150 686 1196 enim
720 1149 908 1196 arduum
948 1149 1070 1213 sequi
1098 1168 1176 1213 per
1215 1152 1390 1199 diversa

109 1225 374 1290 conspersos
393 1261 407 1283 ‚
434 1222 733 1286 imprudentia
769 1223 946 1269 viarum
982 1222 1196 1287 arcente)
1233 1223 1388 1270 Taifa-

108 1300 258 1346 lorum
282 1297 523 1355 auxilium,
551 1297 601 1343 &
621 1295 864 1342 liberorum
889 1295 1071 1357 adaeque
1091 1298 1388 1343 Sarmatarum

107 1371 340 1418 assumtum
373 1369 701 1433 est5Cumque
735 1366 1003 1414 auxiliorum
1041 1368 1214 1430 agmina
1253 1369 1387 1416 loco-

107 1462 208 1492 rum
242 1445 358 1491 ratio
389 1443 633 1505 separaret,
654 1441 815 1487 trachis
838 1440 1077 1503 contiguos
1102 1440 1271 1488 Moesia:
1307 1440 1387 1488 fibi

108 1518 238 1566 miles
259 1517 421 1582 elegit;
451 1514 614 1564 Taifali
652 1513 859 1577 proxima
879 1513 966 1560 suis
1002 1512 1174 1560 sedibus
1207 1513 1387 1561 obtine-

108 1592 215 1638 bant
235 1609 248 1648 3
270 1590 397 1638 liberi
422 1602 558 1636 terras
584 1598 921 1649 occupaverant
949 1604 972 1632 e
1004 1587 1187 1649 regione
1212 1587 1289 1634 sibi
1311 1604 1389 1650 op-

107 1663 286 1728 positas.
323 1662 591 1726 Limigantes
609 1697 621 1718 ,
646 1660 789 1708 territi
822 1660 1075 1709 recentibus
1102 1659 1387 1706 subactorum

109 1735 326 1800 exemplis
350 1738 399 1785 &
419 1736 742 1800 prostratorum
757 1770 771 1793 ‚
799 1733 874 1780 diu
897 1733 1152 1781 haefitabant
1173 1733 1389 1797 ambiguis

108 1811 335 1858 m'entibus
354 1846 369 1869 ‚
397 1822 549 1857 utrum
591 1819 881 1871 oppeterent,
910 1825 964 1854 an
997 1820 1208 1871 rogarent
1228 1843 1242 1866 ‚
1284 1825 1388 1854 curn
1411 1847 1415 1853 .

110 1883 336 1946 utriusque
381 1881 445 1929 rei
487 1881 771 1944 suppeterent
801 1879 1071 1927 documenta
1116 1896 1210 1926 non
1254 1880 1387 1928 levia.

110 1954 234 2002 Vicit
251 1966 401 2001 tamen
424 1955 478 2001 ad
499 1954 707 2001 ultimum
724 1988 736 2007 ,
761 1965 884 1998 coetu
920 1951 1145 1999 seniorum
1167 1965 1352 2014 urgente
1370 1988 1386 2011 ,

50 2011 83 2068 ⁸.
111 2026 301 2074 dedendi
337 2026 380 2074 se
419 2025 691 2075 confilium:
731 2025 956 2088 variaeque
991 2025 1149 2087 palmae
1172 2025 1388 2072 vicioria-

110 2117 212 2148 rum
239 2100 413 2148 acceffit
448 2117 604 2148 eorum
631 2116 816 2163 quoque
838 2098 1132 2162 supplicatio,
1160 2099 1234 2163 qui
1255 2099 1389 2147 armis
1417 2088 1422 2092 ⁴

109 2173 359 2220 libertatem
378 2173 653 2221 invaserant:
686 2175 733 2220 ἃ
756 2171 916 2235 reliqui
936 2188 1093 2218 eorum
1119 2189 1219 2219 cum
1241 2172 1387 2234 preci-

111 2246 223 2302 bus,
254 2258 303 2293 ut
317 2246 543 2310 superatos
574 2248 622 2294 ὅ(
650 2244 848 2292 imbelles
882 2244 1093 2292 dominos
1133 2244 1388 2307 aspernati,

111 2318 379 2367 fortioribus
396 2321 497 2367 vifis
511 2318 784 2366 inclinavere
802 2318 1017 2365 cervices.
1037 2319 1230 2379 Accepta
1242 2316 1388 2378 itaque

111 2390 290 2454 publica
308 2389 393 2437 fide
406 2427 420 2450 ,
440 2393 490 2439 &
506 2390 678 2438 deserto
695 2389 918 2436 montium
936 2387 1283 2453 propugnaculo
1299 2423 1310 2445 ,
1332 2384 1386 2432 ad

111 2463 249 2512 castra
271 2464 474 2512 Romana
495 2461 767 2514 convolavit
795 2478 952 2510 eorum
974 2478 1074 2525 pars
1098 2460 1243 2523 major
1263 2496 1276 2521 ‚
1299 2457 1386 2507 dif-
