1626 2917
218 143 312 192 '118
423 105 776 190 AMPJIANI
823 145 1308 192 MARCELLINI

219 255 320 297 colit
335 253 476 311 religio
494 253 737 316 Christiana.
755 249 893 310 Cujus
915 250 1144 298 salutarem
1165 250 1370 300 fiduciam
1391 260 1502 315 praeS

220 323 362 375 fectus
380 322 577 368 imitatus
599 323 853 370 Florentius
868 358 881 379 ,
903 340 1006 369 cum
1032 324 1076 370 in
1097 341 1143 370 re
1161 326 1349 387 quadam
1370 327 1504 372 venia

219 395 352 456 digna
373 395 560 441 audiffet
587 412 686 441 eum
718 395 940 457 percitum
972 395 1034 442 ira
1065 396 1220 457 juffiffe
1240 398 1391 444 itidem
1413 411 1504 444 ter-

219 484 306 514 nos
334 484 412 530 per
433 469 616 515 ordines
641 469 821 516 urbium
860 468 1051 515 interfici
1087 470 1406 532 plurimarum,
1443 475 1505 518 Et

220 545 324 603 quid
341 559 510 604 agetur,
531 543 592 590 ait
608 580 621 600 ‚
627 543 678 607 st
697 547 896 604 oppidum
917 547 1089 605 aliquod
1112 548 1294 592 curiales
1321 566 1407 592 non
1425 549 1507 591 Iza-

220 619 325 663 beret
353 621 532 664 tantos?
557 622 667 664 Inter
692 620 847 678 reliqua
878 621 926 663 id
953 638 1107 679 quoque
1126 620 1333 680 suspendi
1365 623 1506 677 debet,

222 708 270 736 uc
287 726 298 744 ,
324 710 414 737 cum
444 694 629 738 habuerit
643 727 654 746 ‚
675 695 930 737 occidantur.
955 692 1024 737 Ad
1044 692 1155 737 banc
1176 692 1509 739 inclementiam

222 763 337 810 illud
355 782 536 828 quoque
562 766 802 811 accedebat
835 766 952 811 dictu
983 765 1127 811 dirum
1149 768 1197 814 &
1217 766 1332 813 fanu
1355 785 1365 813 :
1384 766 1511 830 quod

222 839 255 886 fi
287 839 386 903 quis
413 857 513 885 eum
543 840 693 886 adiffet
716 839 932 899 judicium
955 840 1152 902 potentis
1178 839 1350 887 inimici
1371 840 1512 887 decli·

223 928 337 958 nans
353 948 366 969 ,
384 913 609 975 aliumque
640 912 718 959 fibi
742 913 970 976 postulans
995 913 1113 971 dari,
1138 913 1227 960 hoc
1249 930 1343 959 non
1367 913 1510 975 impe·

224 994 346 1029 trato
360 1020 374 1041 ,
395 984 449 1030 ad
469 984 676 1037 eundem,
695 1001 828 1047 quem
850 986 1097 1043 metuebat,
1114 986 1217 1032 licet
1239 985 1377 1032 multa
1398 1002 1510 1047 prae-

225 1058 430 1103 tenderet
455 1056 586 1118 justa,
620 1059 944 1105 remittebatur.
980 1062 1178 1121 Itemque
1210 1058 1329 1104 aliud
1360 1058 1512 1104 audie-

224 1128 357 1175 batur
391 1128 700 1185 horrendum,
732 1131 888 1193 quod,
910 1130 986 1176 ubi
1022 1130 1276 1177 debitorum
1313 1131 1510 1194 aliquem

225 1200 415 1264 egestate
443 1201 705 1247 obstrictum
742 1202 852 1248 nihil
885 1204 1067 1249 reddere
1100 1203 1221 1264 poffe
1247 1203 1511 1260 dicebatur,

226 1271 421 1320 interfici
443 1273 601 1319 debere
620 1276 955 1335 pronuntiabat.
986 1277 1094 1322 Haec
1113 1291 1260 1322 autem
1288 1277 1337 1323 &
1358 1275 1512 1323 fimilia

225 1346 416 1403 licenter
435 1345 539 1392 ideo
564 1346 723 1393 altiore
754 1347 863 1394 fastu
895 1348 1071 1411 quidam
1099 1348 1328 1411 Principes
1346 1363 1480 1411 agunt
1496 1384 1513 1407 ‚

227 1418 355 1480 quod
388 1417 543 1465 amicis
584 1419 850 1466 emendandi
891 1419 1013 1466 secus
1055 1419 1248 1482 cogitata
1283 1420 1358 1466 vel
1397 1420 1512 1483 gesta

229 1491 411 1554 copiam
445 1505 609 1554 negant
640 1510 651 1539 :
678 1492 887 1540 inimicos
933 1493 1060 1556 loqui
1093 1504 1261 1539 terrent
1307 1495 1514 1556 amplitu-

229 1565 335 1611 dine
371 1563 614 1626 potestatis.
661 1565 795 1612 Nulla
833 1580 963 1612 vacat
1004 1566 1190 1628 quaestio
1240 1567 1515 1628 pravitatum

229 1637 348 1698 apud
380 1652 458 1682 eos
478 1672 492 1692 ‚
513 1636 616 1699 qui,
638 1637 764 1700 quod
783 1637 948 1685 volunt
981 1636 1061 1700 ipsi
1076 1672 1089 1693 ,
1107 1636 1322 1684 maximas
1354 1651 1515 1701 putant

235 1709 322 1756 effe
357 1710 563 1758 virtutes.

295 1784 410 1830 VIII.
431 1784 661 1831 Profe&us
680 1784 832 1848 itaque
851 1785 906 1831 ab
922 1785 1152 1832 Ambianis
1165 1822 1177 1843 ,
1197 1785 1514 1849 Treverosque

229 1854 466 1915 festinans,
488 1858 652 1904 nuntio
685 1858 941 1921 percellitur
968 1859 1127 1922 gravi,
1159 1858 1236 1921 qui
1269 1859 1516 1905 Britannias

232 1927 462 1976 indicabat
480 1929 710 1976 barbarica
731 1929 1065 1992 conspiratione
1085 1931 1139 1977 ad
1156 1930 1356 1976 ultimam
1376 1947 1516 1977 vexa-

229 2014 296 2050 tas
319 2003 520 2066 inopiam
541 2022 552 2051 :
574 2004 947 2066 Nectaridumque
967 2004 1178 2053 comitem
1197 2003 1404 2050 maritimi
1425 2018 1516 2050 tra-

232 2075 328 2121 &us
352 2076 551 2122 occisum
567 2113 581 2133 ‚
602 2079 651 2124 &
673 2075 981 2124 Fullofaudem
1014 2077 1172 2123 ducem
1197 2075 1387 2122 hostium
1410 2076 1516 2122 infi-

233 2147 318 2194 diis
348 2148 722 2198 circumventum.
767 2149 951 2210 Quibus
988 2165 1151 2212 magno
1189 2165 1291 2194 curn
1325 2149 1517 2195 horrore

234 2221 479 2283 compertis
497 2255 511 2277 ,
544 2225 763 2270 Severum
803 2223 1034 2270 etiamtum
1061 2222 1408 2269 domesticorum
1432 2237 1516 2268 co-

236 2294 390 2341 mitem
421 2296 560 2351 mifit,
586 2296 618 2342 s1
649 2295 744 2343 fors
769 2296 916 2344 casum
948 2295 1128 2342 dedisset
1160 2310 1392 2358 optatum,
1413 2312 1518 2342 cor-

231 2368 456 2415 reflurum
480 2369 654 2432 sequius
676 2369 790 2434 gesta
808 2387 817 2414 :
836 2387 930 2433 quo
950 2369 1084 2432 paulo
1105 2369 1257 2431 postea
1279 2384 1516 2426 revocato,

232 2441 424 2489 Iovinus
452 2442 604 2490 eadem
642 2443 742 2491 loca
777 2442 1034 2506 profectus,
1065 2442 1410 2489 Provertuidem
1444 2457 1515 2488 ce-
