1626 2917
187 193 280 249 '332
397 183 733 231 AMMtANt
781 184 1264 232 MARCELmNt

187 292 388 338 rietatem
420 289 610 336 sollicita
642 305 790 335 mente
828 290 1123 352 praecipiens,
1152 289 1481 355 multiplicatos

190 362 490 425 expeditionis
520 376 756 425 apparatus
786 362 991 427 flagranti
1021 364 1165 411 studio
1186 377 1441 428 perurgeret
1463 382 1479 411 τ

189 436 462 500 diligentiam
492 450 641 483 tamen
663 436 829 499 ubique
857 437 1090 494 dividens,
1116 438 1378 502 imperiique
1410 439 1475 488 sui

189 509 454 557 memoriam
485 509 793 572 magnitudine
822 525 1013 571 operum
1042 511 1227 574 gestiens
1253 527 1478 574 propaga-

189 599 262 639 re,
278 581 562 628 ambitiosum
583 582 813 644 quondam
835 583 953 645 apud
974 583 1340 648 Hierosolymam
1363 597 1477 630 tem·
1547 577 1552 582 ‚

193 654 349 717 plum,
380 655 506 718 quod
536 653 636 715 post
670 654 808 700 multa
839 655 888 702 &
919 654 1201 702 interneciva
1237 657 1480 702 certamina

191 727 423 777 obfidente
456 727 725 790 Vespasiano
759 727 998 791 posteaque
1024 728 1134 776 Tito
1169 745 1281 791 aegre
1311 728 1371 774 est
1401 745 1481 773 ex·

190 812 460 862 pugnatum,
484 799 724 846 instaurare
758 798 974 846 sumtibus
1010 799 1234 864 cogitabat
1267 800 1484 846 immodi-

190 872 255 919 cis
275 890 285 918 z
313 872 638 936 negotiumque
659 874 972 920 maturandum
994 872 1166 938 Alypio
1189 873 1367 920 dederat
1389 876 1484 920 An-

190 946 437 1004 tiochenfi‚
458 947 534 1012 qui
565 947 675 994 olim
710 947 956 995 Britannias
997 960 1234 995 curaverat
1253 964 1335 1010 pro
1369 964 1487 1010 prae-2

192 1018 330 1067 festis.
362 1021 477 1066 Cum
510 1020 662 1084 itaque
699 1021 764 1067 rei
798 1021 916 1071 idem
949 1021 1132 1069 fortiter
1162 1021 1339 1067 instaret
1372 1021 1485 1084 Aty-

191 1090 320 1154 pius,
347 1092 617 1156 juvaretque
644 1094 899 1156 provinciae
931 1097 1103 1153 testor,
1126 1093 1352 1141 metuendi
1383 1094 1490 1155 glo-

191 1166 239 1213 bi
268 1166 548 1214 flammarum
575 1185 717 1231 prope
750 1169 1037 1216 fundamenta
1069 1168 1236 1216 crebris
1257 1168 1489 1214 assultibus

191 1256 504 1303 erumpentes,
538 1241 682 1288 fecere
717 1243 873 1289 locum
906 1242 1073 1290 exustis
1102 1241 1341 1305 aliquoties
1370 1257 1484 1302 ope-

193 1316 393 1362 rantibus
414 1316 677 1362 inaccessum
702 1334 711 1362 :
736 1318 919 1379 hocque
939 1317 1081 1362 modo
1103 1316 1327 1361 elemento
1349 1313 1484 1361 desti-

193 1389 341 1435 natius
368 1389 636 1451 repellente,
664 1389 849 1436 cefl'avit
876 1389 1121 1451 inceptum.
1151 1388 1306 1434 Iisdem
1330 1387 1489 1435 diebus

194 1461 367 1525 legatos
387 1463 440 1508 ad
465 1462 506 1509 se
524 1462 675 1510 miffos
694 1463 749 1509 ab
770 1463 880 1509 urbe
901 1476 1093 1521 aeterna‚
1112 1463 1230 1509 clare
1249 1473 1379 1508 natos
1396 1470 1492 1506 me·-

196 1535 385 1599 ritisque
407 1537 656 1599 probabilis
685 1537 790 1583 vitae
821 1549 1082 1599 compertos
1098 1573 1112 1593 ,
1131 1538 1380 1599 Imperator
1401 1536 1491 1583 ho-

196 1609 386 1657 noribus
413 1610 600 1657 diversis
625 1609 771 1657 affecit
792 1628 802 1656 :
826 1611 874 1658 &
895 1610 1210 1672 Apronianum
1235 1611 1395 1657 Romae
1416 1610 1491 1656 de·-

198 1683 345 1730 crevit
383 1683 466 1730 effe
504 1683 791 1746 praefestum,
824 1684 1129 1732 Ostavianum
1170 1684 1490 1746 proconsulem

195 1756 362 1804 Africae
379 1792 392 1814 ‚
414 1757 614 1803 Venusto
640 1757 855 1804 vicariam
878 1757 1102 1806 commisit
1122 1756 1369 1819 Hispaniae,
1388 1758 1489 1803 Ru·-

199 1829 341 1877 finum
368 1832 580 1878 Aradium
608 1833 821 1879 comitem
853 1832 1056 1880 Orientis
1089 1831 1137 1878 in
1166 1830 1317 1877 locum
1343 1847 1491 1876 avun-

200 1903 291 1951 culi
320 1903 383 1950 sui
405 1904 566 1952 Juliani
588 1922 741 1954 recens
762 1906 956 1953 defunffi
985 1904 1210 1968 provexit.
1239 1903 1422 1964 Quibus
1441 1915 1491 1949 ut

200 1991 482 2024 convenerat
501 1978 718 2025 ordinatis
733 2016 746 2037 ‚
765 1980 1018 2027 terrebatur
1033 1979 1187 2026 omine
1205 1979 1400 2042 quodam
1414 2014 1425 2034 ‚
1441 1990 1491 2023 ut

202 2052 362 2099 docuit
383 2053 553 2109 exitus,
574 2053 926 2115 praesentiffimo.
958 2053 1103 2100 Felice
1130 2052 1250 2099 enim
1282 2051 1492 2113 largitio·

201 2144 311 2193 num
332 2128 498 2174 comite
525 2128 758 2191 profluvio
782 2128 1004 2191 sanguinis
1031 2139 1214 2191 repente
1243 2127 1491 2183 exstin&0‚

201 2215 397 2262 eumque
437 2202 604 2247 comite
642 2201 822 2249 Juliano
856 2201 1043 2259 secuto,
1081 2200 1245 2263 vulgus
1279 2201 1491 2263 publicos

201 2285 426 2320 contuens
461 2274 644 2332 titulos,
674 2275 865 2322 Felicem
896 2274 1115 2322 Julianum
1152 2273 1490 2337 Augustumque

202 2348 542 2409 pronuntiabat.
587 2350 865 2396 Praecesserat
903 2348 1022 2395 aliud
1055 2347 1235 2394 saevum.
1279 2348 1491 2410 Namque

202 2418 417 2466 Kalendis
443 2421 545 2483 ipfis
562 2422 773 2469 Ianuariis
801 2420 1064 2467 ascendente
1086 2436 1142 2466 eo
1165 2419 1331 2483 gradile
1351 2418 1488 2466 Genii

203 2492 449 2557 templum,
478 2511 502 2541 e
533 2493 810 2542 sacerdotum
846 2492 1083 2542 consortio
1115 2492 1296 2556 quidam
1332 2490 1498 2539 ceteris
