1626 2917
296 135 516 185 RERUM
551 137 890 185 GESTARUM
924 138 1026 183 LIB.
1061 137 1238 184 XXIX.
1328 139 1414 198 183

137 242 337 291 tionibus
359 243 612 291 immaniter
630 259 839 308 arrogans
856 279 870 302 ,
889 244 942 291 ὃ(
964 242 1053 306 ipsa
1080 243 1254 292 vilitate
1277 244 1333 290 ad
1350 243 1419 289 fa·-

136 316 262 363 cinus
286 333 422 364 omne
447 317 617 364 venalis
634 352 649 374 ,
671 316 895 380 egregium
927 316 1034 363 illud
1065 333 1144 379 par
1174 315 1417 371 consulum

135 390 369 438 Eusebium
389 392 439 439 &
462 390 709 456 Hypatium
735 407 969 453 germanos
991 389 1177 448 fratres,-
1191 388 1418 450 Con-stan-

136 463 189 510 tii
213 463 430 527 principis
444 465 672 527 quondam
691 464 841 511 affines
857 499 870 522 ,
895 465 950 510 ad
969 463 1220 527 cupidinem
1243 462 1418 510 altioris

134 535 332 583 fortunae
361 538 529 584 ereuos
544 569 559 592 ,
581 538 631 584 &
651 536 914 584 consuluisse
935 537 985 583 &
1010 535 1186 600 agitasse
1213 536 1414 598 quaedam

133 607 265 672 super
283 609 476 672 imperio
497 609 654 657 detulit
672 628 683 656 ε
709 610 874 663 addens
893 607 1042 655 itineri
1061 608 1116 654 ad
1131 606 1414 662 mendacium

133 680 233 729 fisle
255 683 510 730 construfilo
524 718 538 741 ,
560 684 685 746 quod
704 681 894 729 Eusebio
905 681 1040 733 etiam
1061 679 1325 744 principalia
1345 679 1417 725 in-

133 755 345 804 dumenta
364 754 509 820 parata
528 758 625 806 fint.
647 757 824 819 Quibus
846 755 1005 802 haustis
1022 766 1208 802 aventer
1221 789 1234 811 ,
1256 752 1416 800 freme-

130 827 307 877 bundus
335 833 385 878 &
416 831 592 890 minax,
622 833 697 878 cui
733 831 842 878 nihil
873 831 1005 878 licere
1035 829 1269 886 debuerat,
1308 826 1414 890 quia

131 902 285 949 omnia
317 903 410 954 fibi,
432 904 567 951 licere
599 904 730 951 etiam
766 903 924 965 injusta
960 902 1265 952 existimabat,
1302 900 1414 945 irre..-

130 976 254 1023 miffe
293 978 348 1025 ab
389 978 601 1025 extremis
641 978 878 1041 regionum
914 975 1164 1023 intervallis
1203 973 1414 1019 exhibitis

132 1049 374 1109 omnibus,
405 1066 521 1107 quos
557 1050 727 1097 solutus
760 1051 932 1114 legibus
965 1048 1206 1095 accusatorv
1230 1045 1414 1107 perduci

129 1120 291 1167 debere
318 1120 544 1184 profunda
571 1121 802 1168 securitate
834 1120 1085 1175 mandarat,
1106 1116 1263 1178 suscipi
1288 1133 1413 1177 quae-

128 1191 319 1239 stionem
337 1192 575 1242 criminose
595 1193 819 1256 praecepit.
845 1194 1052 1254 Cumque
1072 1189 1254 1236 nodofis
1276 1205 1410 1235 coar-

129 1265 401 1312 &ationibus
428 1265 635 1328 aequitate
662 1265 738 1312 diu
757 1264 938 1326 jaElata,
963 1265 1012 1310 δε
1035 1261 1220 1308 nexibili
1241 1261 1411 1312 affeve-

128 1337 305 1385 ratione
329 1339 491 1401 perditi
517 1338 757 1386 nebulonis
788 1338 1001 1391 durante,
1028 1334 1196 1381 nullam
1232 1331 1410 1386 confes-

130 1412 300 1458 fionem
320 1411 566 1474 exprimere
585 1422 807 1457 tormenta
829 1409 982 1474 gravia
1004 1407 1270 1470 potuiffent,
1290 1405 1410 1452 able-

130 1482 343 1546 gatosque
380 1484 436 1529 ab
467 1482 596 1529 omni
627 1480 880 1543 hujusmodi
913 1477 1189 1527 conscientia
1222 1494 1290 1524 res
1319 1476 1411 1539 ipsa

129 1555 260 1602 viros
276 1555 527 1602 ostenderet
543 1555 688 1602 claros
706 1573 717 1601 :
736 1553 1032 1601 calumniator
1051 1551 1230 1614 quidem
1254 1550 1314 1597 ita
1327 1584 1338 1606 ‚
1359 1562 1408 1595 ut
1435 1615 1439 1619 p

130 1640 284 1686 antea,
310 1627 638 1675 honorabiliter
666 1627 900 1675 colebatur
922 1644 933 1672 :
955 1625 1020 1672 illi
1039 1641 1153 1671 vero
1173 1622 1330 1670 exsilio
1359 1624 1410 1670 &

129 1698 397 1764 pecuniariis
426 1699 572 1746 afflicti
603 1698 868 1761 dispendiis,
880 1698 1028 1761 paulo
1058 1696 1207 1760 postea
1237 1694 1409 1743 reddita

127 1770 207 1817 fibi
242 1771 404 1820 mulera
431 1770 532 1819 sunt
564 1772 797 1831 revocati,
830 1764 1118 1835 dignitatibus
1145 1769 1324 1832 integris
1352 1770 1408 1818 t&

129 1843 377 1906 splendore.
409 1846 506 1892 Nec
532 1857 681 1892 tamen
710 1845 808 1908 post
834 1846 928 1893 haec
947 1859 1034 1891 tam
1059 1842 1316 1906 poenitenda
1336 1859 1406 1888 re·-

127 1915 309 1979 preffius
332 1917 574 1975 aC-ium-est,
593 1917 667 1965 vel
686 1918 904 1980 pudenter
924 1934 933 1961 ε
953 1934 1047 1963 non
1069 1928 1298 1978 reputante
1318 1914 1405 1960 alta

130 1987 319 2035 nimium
341 1989 556 2052 potestate
570 2025 585 2050 ,
603 1990 727 2053 quod
743 1991 857 2046 refile
887 1989 1095 2036 institutis
1113 2005 1168 2035 ne
1197 2004 1298 2035 cum
1318 1986 1404 2032 ini-

122 2058 351 2108 micorum
383 2062 562 2125 quidem
595 2061 898 2109 incommodis
930 2061 975 2108 in
998 2061 1152 2107 deliEla
1184 2060 1404 2108 convenit

127 2147 257 2179 ruere
276 2133 564 2182 voluntaria:
592 2134 791 2197 nihilque
822 2133 872 2180 fit
897 2147 985 2180 tam
1011 2132 1243 2190 deforme,
1266 2149 1401 2196 quani

129 2202 187 2249 ad
201 2204 335 2252 ardua
352 2205 527 2269 imperii
555 2206 785 2270 supercilia
813 2206 942 2252 etiam
963 2206 1245 2253 acerbitatem
1268 2219 1401 2251 natu-

128 2293 191 2323 rae
223 2277 415 2343 adjungi.
460 2281 545 2327 Sed
573 2280 826 2326 Heliodoro
859 2279 1079 2326 incertum
1115 2279 1309 2335 morbo,
1344 2295 1401 2324 an

127 2350 317 2411 quadam
345 2353 596 2415 excogitata
620 2352 666 2400 vi
699 2365 882 2398 mortuo
904 2351 1072 2416 (nolim
1104 2353 1248 2399 dicere
1266 2387 1278 2407 ,
1308 2349 1399 2395 uti-

130 2437 233 2470 nam
251 2439 336 2473 nec
354 2423 445 2488 ipsa
463 2441 531 2473 res
549 2426 807 2490 loqueretur
823 2424 865 2489 Ξ)
881 2417 1123 2486 ῑιωιιέεῇιιε
1142 2442 1218 2487 per
1238 2421 1320 2469 ves
1316 2420 1402 2484 pil-

1034 2499 1082 2542 M
1116 2516 1147 2555 4
