1626 2917
242 136 336 179 ¹310
604 117 1148 164 EXCERPTA

243 227 303 274 do
326 225 422 273 filio
454 225 693 272 Gundebai
714 226 845 289 regis.
880 226 1004 272 FaCta
1031 240 1138 287 pace
1168 239 1269 271 cum
1290 222 1517 270 Anastafio

242 301 510 363 imperatore
540 317 618 363 per
653 299 826 346 Festum
860 300 912 347 de
942 297 1257 363 praesumtione
1287 298 1435 362 regni,
1469 298 1520 344 &

243 373 396 421 omnia
423 385 686 420 ornamenta
707 372 860 420 Palatii
876 410 891 431 ‚
921 390 1020 437 quae
1038 371 1279 419 Odoachar
1293 370 1518 418 Constan-

243 446 486 509 tinopolim
525 446 846 504 transmiserat,
878 446 1077 493 remittit.
1115 445 1284 492 Eodem
1315 456 1518 505 tempore

241 519 437 570 intentio
467 531 566 566 orta
592 519 653 566 est
681 522 728 565 in
751 519 861 566 urbe
887 521 1033 566 Roma
1054 518 1169 565 inter
1195 517 1519 582 Symmachum

243 592 620 639 ‹Sc-Laurentium.
641 591 902 639 Consecrati
923 592 1042 638 enim
1064 591 1239 638 fuerant
1263 590 1411 638 ambo.
1429 591 1519 635 Or-

243 666 424 713 dinante
446 667 571 721 Dec,
589 665 666 729 qui
685 681 742 711 eo
759 665 918 729 dignus
938 665 1048 723 fuit,
1069 664 1295 728 superavit
1310 664 1521 727 Symma-

245 741 368 787 chus.
400 739 502 785 Post
530 739 639 786 facia
661 756 769 802 pace
804 739 850 786 in
874 740 998 786 Urbe
1020 739 1226 787 Ecclefiae
1241 775 1256 797 ‚
1274 736 1519 784 ambulavit

243 830 321 859 rex
345 812 654 859 Theodericus
677 813 869 859 Romam
885 847 899 869 ‚
919 813 969 859 &
992 810 1191 859 occurrit
1216 813 1263 858 B.
1288 811 1422 856 Petro
1442 808 1521 854 de-

244 886 520 939 votifiimus,
542 902 592 931 ac
620 884 651 929 fi
672 885 950 932 CatholicuS.
967 884 1053 932 Cui
1072 886 1184 948 Papa
1201 882 1494 948 Symmachus
1508 913 1527 937 ,

242 961 296 1005 δε
330 959 517 1005 eumelus
561 957 759 1015 senatus,
792 956 871 1003 vel
913 957 1111 1020 populus
1153 958 1384 1003 Romanus
1419 971 1522 1002 cum

244 1032 372 1078 omni
393 1032 557 1094 gaudio
582 1042 705 1076 extra
731 1031 885 1076 urbem
911 1042 1209 1077 occurrentes.
1238 1028 1417 1077 Deinde
1438 1043 1521 1073 ve-

240 1103 371 1150 niens
405 1103 616 1167 ingreffus
656 1103 836 1159 urbem,
867 1102 991 1149 venit
1023 1102 1079 1148 ad
1122 1101 1348 1158 senatum,
1381 1102 1431 1146 &
1463 1098 1519 1144 ad

244 1176 440 1221 Palmam
467 1174 639 1237 populo
661 1174 910 1230 allocutus,
927 1173 968 1220 se
998 1173 1150 1219 omnia
1168 1174 1274 1219 Deo
1304 1171 1519 1233 juvante,

242 1248 371 1310 quod
408 1261 529 1293 retro
569 1246 796 1308 Principes
831 1245 1028 1292 Romani
1052 1244 1416 1302 ordinaverunt,
1450 1243 1520 1289 in-

243 1319 520 1366 violabiliter
545 1319 823 1365 servaturum
853 1317 1091 1380 promittit.
1121 1318 1204 1368 Per
1227 1317 1517 1364 tricennalem

243 1392 523 1454 triumphans
565 1390 740 1453 populo
778 1390 989 1453 ingreffus
1023 1389 1270 1447 Palatium,
1305 1389 1519 1436 exhibens

238 1464 463 1512 Romanis
502 1465 632 1510 ludos
671 1462 966 1509 Circensium
1007 1462 1305 1526 Donavitque
1344 1460 1519 1524 populo

242 1539 456 1585 Romano
479 1539 528 1585 ὃς
546 1537 813 1600 pauperibus
833 1551 1034 1582 annonas
1051 1534 1228 1600 singulis
1248 1535 1396 1592 annis,
1415 1551 1520 1581 cen-

241 1625 341 1658 tum
380 1611 542 1674 viginti
566 1611 713 1657 millia
748 1610 952 1664 modios,
989 1612 1036 1657 &
1065 1610 1120 1655 ad
1153 1607 1515 1661 restaurationem

235 1683 422 1745 palatii,
443 1682 515 1730 seu
537 1682 992 1744 &recuperationem
1020 1680 1200 1727 moeniae
1218 1679 1410 1728 civitatis
1430 1679 1518 1724 sm-

237 1757 356 1819 -gulis
379 1756 505 1801 annis
524 1756 655 1802 libras
669 1757 879 1803 ducentas
899 1756 952 1801 de
974 1771 1075 1802 arca
1101 1753 1273 1804 vinaria
1291 1753 1383 1799 dari
1402 1770 1518 1814 prae-

239 1830 371 1891 cepit.
406 1833 512 1876 item
543 1829 842 1891 Amalafrigda
871 1838 1076 1892 germana
1107 1827 1179 1874 sua
1206 1829 1253 1874 in
1282 1827 1515 1875 martimo.-

237 1902 363 1947 nium
391 1903 565 1948 tradens
597 1901 686 1966 regi
713 1901 1038 1948 *Wandalorum
1067 1898 1410 1947 Tranfimundo.
1437 1898 1515 1944 Li-

229 1974 409 2025 berium
438 1975 692 2037 praefectum
714 1972 1271 2036 praetorii,quem-fecerat
1299 1972 1345 2018 in
1377 1970 1509 2016 initio

232 2047 361 2110 regni
392 2048 450 2093 sui
466 2085 478 2104 ‚
508 2048 622 2096 fecit
643 2046 878 2095 Patricium
895 2083 908 2104 ,
937 2048 987 2093 δε
1012 2045 1134 2093 dedit
1156 2046 1196 2092 ei
1220 2045 1509 2092 successorem

234 2121 293 2166 in,
313 2120 693 2167 administratione
726 2120 1009 2182 praefeciurae.
1049 2122 1201 2181 ltaque
1235 2117 1511 2163 Theodorus

231 2190 352 2242 filius
389 2193 561 2250 Bafilii,
600 2192 759 2239 Odoin
800 2193 967 2238 Comes
1007 2190 1099 2251 ejus
1136 2189 1420 2236 insidiabatur
1455 2188 1512 2233 ei.

235 2266 359 2311 Dum
385 2266 478 2312 haec
498 2266 781 2329 cognoviffet
797 2301 810 2324 ‚
830 2265 874 2311 in
896 2265 1087 2328 palatio,
1115 2264 1238 2326 quod
1264 2262 1509 2326 appellatur

232 2338 467 2385 Sessorium
490 2374 502 2396 ‚
535 2352 668 2421 caput
707 2338 800 2399 ejus
833 2337 1051 2400 amputari
1093 2337 1319 2398 praecepit.
1359 2335 1506 2380 Verba

230 2412 351 2459 enim
377 2412 679 2474 promiffionis
701 2411 820 2474 ejus,
841 2428 940 2477 quae
960 2408 1132 2475 populo
1161 2408 1302 2461 fixerat
1330 2407 1502 2455 allocu-
