1626 2917
296 92 516 152 RERUM
555 93 893 142 GESTARUM
928 95 1030 142 ΜΒ.
1064 96 1216 143 XXV.
1323 113 1385 157 47

107 198 305 261 cepimus
342 199 505 246 (istium
540 219 549 247 :
584 211 617 251 οἱ
656 212 778 250 λευκοὶ
816 211 897 256 βόες
932 209 1074 264 Μάρκῳ
1114 210 1171 259 ’τῷ
1209 210 1389 265 Καίσαρι.

98 282 163 320 Ἂν
189 281 237 321 σὺ
264 280 436 333 νικήσῃς,
464 280 571 333 {ruet}
594 283 846 335 ἀπωλέμεῇα.
881 266 1015 338 Vulgi
1053 274 1273 335 plausibus
1307 277 1386 321 lae-

105 359 177 392 tus
193 382 207 405 ‚
246 347 429 395 laudum
471 350 602 396 etiam
644 366 699 395 ex
742 350 936 396 minimis
983 349 1112 394 rebus
1162 350 1387 412 intempe-

104 437 204 467 rans
228 423 453 484 appetitor
473 459 486 479 ‚
523 422 833 485 popularitatis
862 423 1106 484 cupiditate
1133 441 1235 470 cum
1271 424 1387 470 indi-

104 494 203 557 gnis
232 495 360 557 loqui
398 496 510 557 saepe
551 495 768 542 affectans.
799 497 1120 541 Verumtamen
1152 512 1254 541 cum
1291 497 1388 543 haec

102 568 264 625 essent,
293 569 495 615 aestimari
523 581 731 630 poterat,
754 581 801 614 ut
829 568 919 630 ipse
953 566 1129 627 ajebat,
1160 579 1291 614 vetus
1308 568 1386 614 illa

102 638 294 701 justitia,
316 652 447 706 quam
472 641 683 690 offensam
710 640 832 688 vitiis
859 640 1097 686 hominum
1132 643 1291 687 Aratus
1308 658 1388 687 ex·-

104 714 226 761 tollit
271 715 317 761 in
355 717 522 763 coelum
547 751 560 772 ‚
586 732 643 762 eo
679 716 925 775 imperante
961 714 1115 760 rediffe
1150 715 1296 762 rursus
1333 716 1390 762 ad

104 795 239 832 terras
259 821 272 842 ‚
307 785 354 830 ni
380 787 578 847 quaedam
609 786 663 831 ad
697 784 927 841 arbitrium
960 801 1124 847 agens,
1159 785 1388 833 interdum

104 858 359 907 ostenderet
388 860 429 906 se
457 860 705 907 diffimilem
734 860 811 906 sui.
836 860 1045 922 Namque
1066 861 1116 906 &
1148 859 1244 920 jura
1271 878 1388 908 con-

103 933 216 979 didit
245 951 340 980 non
373 934 558 982 molesta
577 969 590 990 ‚
615 933 814 980 absolute
839 933 1041 995 quaedam
1074 932 1271 994 jubentia
1293 934 1387 982 fieri

105 1008 180 1051 vel
200 1007 418 1065 arcentia,
452 1019 612 1069 praeter
632 1023 785 1067 pauca.
811 1009 930 1051 Inter
952 1023 1051 1068 quae
1073 1019 1167 1052 erat
1186 1007 1296 1053 illud
1315 1008 1387 1054 in-

102 1077 328 1136 clemens,
354 1080 480 1142 quod
504 1080 669 1126 docere
700 1079 842 1126 vetuit
870 1078 1102 1141 magistros
1133 1079 1388 1128 rhetoricos

103 1151 153 1198 &
172 1151 486 1213 grammaticos
507 1151 784 1198 Christianos
800 1188 811 1208 ,
834 1151 877 1196 ni
899 1150 1146 1198 transissent
1166 1154 1220 1198 ad
1237 1155 1388 1200 numi-

104 1242 212 1271 num
235 1226 420 1273 cultum.
440 1227 554 1273 Illud
573 1243 760 1289 quoque
780 1225 931 1271 itidem
959 1242 1114 1286 parum
1136 1224 1387 1283 ferendum,

103 1300 230 1363 quod
250 1299 584 1364 municipalium
607 1301 818 1347 ordinum
835 1299 1028 1346 coetibus
1048 1299 1298 1361 patiebatur
1314 1302 1388 1347 in-

104 1371 218 1434 juste
246 1373 463 1435 quosdam
491 1372 691 1431 annffii,
716 1372 790 1418 vel
822 1371 1082 1434 peregrinos
1103 1407 1117 1429 ‚
1139 1372 1214 1418 vel
1246 1374 1301 1418 ab
1335 1373 1388 1422 iis

107 1445 346 1492 consortiis
364 1483 375 1504 ‚
396 1446 644 1510 privilegiis
659 1482 669 1501 ‚
697 1458 772 1492 aut
800 1445 976 1508 origine
997 1444 1132 1506 longe
1157 1444 1387 1494 discretos,

105 1519 264 1581 Figura
289 1519 388 1566 talis
407 1520 559 1582 utique
582 1519 901 1566 membrorum.
920 1515 1166 1563 Mediocris
1190 1529 1282 1563 erat
1304 1517 1388 1564 sta-

106 1602 216 1638 turae
232 1629 244 1648 ‚
264 1592 459 1655 capillis,
481 1606 688 1656 tanquam
719 1591 927 1653 pexifi'et‚
948 1590 1160 1636 mollibus
1181 1626 1195 1647 ,
1221 1591 1388 1639 hirsuta

104 1665 240 1712 barba
258 1664 304 1710 in
324 1678 501 1712 acutum
531 1666 756 1711 desinente
782 1663 991 1720 vestitus,
1017 1663 1249 1710 venustate
1276 1681 1388 1711 ocu-

103 1737 255 1784 lorum
287 1737 546 1784 micantium
578 1736 793 1799 flagrans,
816 1735 891 1799 qui
920 1734 1079 1781 mentis
1114 1734 1207 1796 ejus
1243 1753 1388 1800 angu-

106 1812 207 1858 stias
227 1813 483 1860 indicabant
498 1849 509 1869 ‚
535 1811 778 1873 superciliis
806 1809 981 1856 decoris
1001 1844 1014 1866 ,
1037 1810 1086 1855 &
1106 1808 1211 1854 naso
1242 1809 1387 1856 rectis-

106 1888 219 1934 fimo
237 1924 251 1947 ‚
271 1905 351 1935 ore
381 1889 519 1951 paulo
549 1887 719 1947 majore
739 1922 752 1942 ‚
773 1886 900 1931 labro
931 1883 1147 1930 inferiore
1173 1884 1356 1930 demisso
1371 1921 1386 1943 ‚

106 1961 260 2022 opima
289 1963 339 2009 &
364 1961 553 2009 incurva
573 1958 778 2014 cervice,
799 1957 995 2003 humeris
1024 1956 1155 2003 vastis
1178 1959 1227 2004 &
1254 1957 1352 2003 latis
1371 1993 1386 2015 ‚

108 2035 164 2103 ab
182 2034 279 2096 ipso
302 2035 447 2097 capite
467 2035 605 2096 usque
623 2031 838 2096 unguium
859 2030 1125 2076 summitates
1143 2031 1387 2078 lineamen-

99 2107 258 2153 sorum
277 2107 391 2153 reEta
415 2122 655 2168 compage,
677 2105 795 2150 unde
816 2103 987 2149 viribus
1015 2103 1194 2150 valebat
1212 2107 1262 2152 ὃ(
1285 2122 1386 2150 cur-

107 2178 171 2224 su.
191 2181 246 2224 Et
267 2179 486 2240 quoniam
515 2196 615 2224 eum
646 2177 968 2223 obtreAEtatores
989 2191 1140 2222 novos
1160 2177 1384 2223 bellorum

108 2249 324 2297 tumultus
357 2250 412 2297 ad
449 2250 691 2311 perniciem
735 2248 797 2293 rei
841 2246 1094 2294 communis
1131 2247 1385 2293 insimulant

102 2323 379 2400 concitafl'ef:
408 2323 573 2378 sciant,
598 2324 788 2369 docente
807 2321 992 2367 veritate
1018 2321 1270 2384 perspicue,
1292 2338 1387 2368 non

105 2395 358 2457 Julianuml,
377 2395 450 2443 sed
469 2396 786 2445 Constantium
806 2430 818 2454 ‚
840 2395 1019 2442 ardores
1040 2395 1269 2442 Parthicos
1291 2393 1390 2444 suc:
