<?xml version="1.0" encoding="UTF-8"?>
<!DOCTYPE html PUBLIC "-//W3C//DTD XHTML 1.0 Transitional//EN"
    "http://www.w3.org/TR/xhtml1/DTD/xhtml1-transitional.dtd">
<html xmlns="http://www.w3.org/1999/xhtml" xml:lang="en" lang="en">
 <head>
  <title>
</title>
<meta http-equiv="Content-Type" content="text/html;charset=utf-8" />
  <meta name='ocr-system' content='tesseract 3.04.00' />
  <meta name='ocr-capabilities' content='ocr_page ocr_carea ocr_par ocr_line ocrx_word'/>
</head>
<body>
  <div class='ocr_page' id='page_1' title='image "./rerumgestarumqui00ammiuoft_0281.png"; bbox 0 0 1626 2917; ppageno 0'>
   <div class='ocr_carea' id='block_1_1' title="bbox 346 216 1431 279">
    <p class='ocr_par' dir='ltr' id='par_1_1' title="bbox 346 216 1431 279">
     <span class='ocr_line' id='line_1_1' title="bbox 346 216 1431 279; baseline -0.004 -11"><span class='ocrx_word' id='word_1_1' title='bbox 346 220 565 268; x_wconf 72' lang='lat' dir='ltr'>RERUM</span> <span class='ocrx_word' id='word_1_2' title='bbox 600 216 939 265; x_wconf 69' lang='lat' dir='ltr'>GESTARUM</span> <span class='ocrx_word' id='word_1_3' title='bbox 976 217 1076 263; x_wconf 70' lang='grc' dir='ltr'>ΠΒ,</span> <span class='ocrx_word' id='word_1_4' title='bbox 1114 216 1224 263; x_wconf 71' lang='lat' dir='ltr'>xx.</span> <span class='ocrx_word' id='word_1_5' title='bbox 1339 233 1431 279; x_wconf 50' lang='grc' dir='ltr'>2η-</span> 
     </span>
    </p>
   </div>
   <div class='ocr_carea' id='block_1_2' title="bbox 153 325 1444 2574">
    <p class='ocr_par' dir='ltr' id='par_1_2' title="bbox 153 325 1444 2119">
     <span class='ocr_line' id='line_1_2' title="bbox 159 325 1434 390; baseline -0.005 -13"><span class='ocrx_word' id='word_1_6' title='bbox 159 327 373 387; x_wconf 65' lang='lat' dir='ltr'>assensus,</span> <span class='ocrx_word' id='word_1_7' title='bbox 408 345 464 375; x_wconf 83' lang='lat' dir='ltr'>ex</span> <span class='ocrx_word' id='word_1_8' title='bbox 499 327 719 390; x_wconf 85' lang='lat' dir='ltr'>opinione</span> <span class='ocrx_word' id='word_1_9' title='bbox 755 327 962 389; x_wconf 78' lang='lat' dir='ltr'>pleraque</span> <span class='ocrx_word' id='word_1_10' title='bbox 995 326 1209 373; x_wconf 77' lang='lat' dir='ltr'>aestimans</span> <span class='ocrx_word' id='word_1_11' title='bbox 1246 327 1294 373; x_wconf 67' lang='grc' dir='ltr'>δί</span> <span class='ocrx_word' id='word_1_12' title='bbox 1327 325 1434 372; x_wconf 76' lang='lat' dir='ltr'>infi-</span> 
     </span>
     <span class='ocr_line' id='line_1_3' title="bbox 158 397 1437 463; baseline -0.004 -15"><span class='ocrx_word' id='word_1_13' title='bbox 158 400 386 448; x_wconf 87' lang='lat' dir='ltr'>diantibus</span> <span class='ocrx_word' id='word_1_14' title='bbox 416 413 570 463; x_wconf 85' lang='lat' dir='ltr'>patens</span> <span class='ocrx_word' id='word_1_15' title='bbox 585 437 600 458; x_wconf 88' lang='lat'><em>‚</em></span> <span class='ocrx_word' id='word_1_16' title='bbox 634 400 922 446; x_wconf 77' lang='lat' dir='ltr'>Arbetionem</span> <span class='ocrx_word' id='word_1_17' title='bbox 948 401 996 445; x_wconf 90' lang='lat'><strong>&amp;</strong></span> <span class='ocrx_word' id='word_1_18' title='bbox 1020 397 1296 445; x_wconf 83' lang='lat' dir='ltr'>Florentium</span> <span class='ocrx_word' id='word_1_19' title='bbox 1328 398 1437 449; x_wconf 53' lang='lat' dir='ltr'>offi-</span> 
     </span>
     <span class='ocr_line' id='line_1_4' title="bbox 159 471 1437 537; baseline -0.002 -16"><span class='ocrx_word' id='word_1_20' title='bbox 159 474 336 522; x_wconf 88' lang='lat' dir='ltr'>ciorum</span> <span class='ocrx_word' id='word_1_21' title='bbox 356 473 609 537; x_wconf 81' lang='lat' dir='ltr'>magistrum</span> <span class='ocrx_word' id='word_1_22' title='bbox 631 473 888 535; x_wconf 70' lang='lat' dir='ltr'>quaesitores</span> <span class='ocrx_word' id='word_1_23' title='bbox 911 473 1113 528; x_wconf 80' lang='lat' dir='ltr'>dederat,</span> <span class='ocrx_word' id='word_1_24' title='bbox 1137 471 1437 533; x_wconf 62' lang='lat' dir='ltr'>spectaturos,</span> 
     </span>
     <span class='ocr_line' id='line_1_5' title="bbox 157 545 1436 610; baseline -0.002 -17"><span class='ocrx_word' id='word_1_25' title='bbox 157 563 265 610; x_wconf 86' lang='lat' dir='ltr'>quas</span> <span class='ocrx_word' id='word_1_26' title='bbox 293 547 355 593; x_wconf 93' lang='lat' dir='ltr'>ob</span> <span class='ocrx_word' id='word_1_27' title='bbox 386 564 454 593; x_wconf 87' lang='lat' dir='ltr'>res</span> <span class='ocrx_word' id='word_1_28' title='bbox 478 548 694 609; x_wconf 78' lang='lat' dir='ltr'>oppidum</span> <span class='ocrx_word' id='word_1_29' title='bbox 728 546 778 592; x_wconf 86' lang='lat' dir='ltr'>fit</span> <span class='ocrx_word' id='word_1_30' title='bbox 809 546 1019 593; x_wconf 81' lang='lat' dir='ltr'>excisum.</span> <span class='ocrx_word' id='word_1_31' title='bbox 1051 545 1228 605; x_wconf 78' lang='lat' dir='ltr'>Quibus</span> <span class='ocrx_word' id='word_1_32' title='bbox 1263 561 1436 608; x_wconf 81' lang='lat' dir='ltr'>apertas</span> 
     </span>
     <span class='ocr_line' id='line_1_6' title="bbox 158 618 1438 683; baseline -0.002 -18"><span class='ocrx_word' id='word_1_33' title='bbox 158 620 499 683; x_wconf 69' lang='lat' dir='ltr'>probabilesque</span> <span class='ocrx_word' id='word_1_34' title='bbox 536 619 831 665; x_wconf 69' lang='lat' dir='ltr'>refutantibus</span> <span class='ocrx_word' id='word_1_35' title='bbox 868 618 1041 675; x_wconf 76' lang='lat' dir='ltr'>causas,</span> <span class='ocrx_word' id='word_1_36' title='bbox 1079 618 1350 680; x_wconf 67' lang='lat' dir='ltr'>veritisque,</span> <span class='ocrx_word' id='word_1_37' title='bbox 1380 634 1438 663; x_wconf 84' lang='lat' dir='ltr'>ne</span> 
     </span>
     <span class='ocr_line' id='line_1_7' title="bbox 159 689 1439 753; baseline -0.005 -11"><span class='ocrx_word' id='word_1_38' title='bbox 159 693 463 742; x_wconf 85' lang='lat' dir='ltr'>offenderetur</span> <span class='ocrx_word' id='word_1_39' title='bbox 489 692 700 739; x_wconf 75' lang='lat' dir='ltr'>Eusebius</span> <span class='ocrx_word' id='word_1_40' title='bbox 729 692 922 738; x_wconf 78' lang='lat' dir='ltr'>cubiculi</span> <span class='ocrx_word' id='word_1_41' title='bbox 950 704 1058 737; x_wconf 86' lang='lat' dir='ltr'>tunc</span> <span class='ocrx_word' id='word_1_42' title='bbox 1086 691 1374 753; x_wconf 61' lang='lat' dir='ltr'>praepositus„</span> <span class='ocrx_word' id='word_1_43' title='bbox 1404 689 1439 736; x_wconf 90' lang='lat' dir='ltr'>s1</span> 
     </span>
     <span class='ocr_line' id='line_1_8' title="bbox 163 761 1440 826; baseline -0.002 -16"><span class='ocrx_word' id='word_1_44' title='bbox 163 765 434 812; x_wconf 84' lang='lat' dir='ltr'>documenta</span> <span class='ocrx_word' id='word_1_45' title='bbox 470 764 750 826; x_wconf 73' lang='lat' dir='ltr'>suscepissent</span> <span class='ocrx_word' id='word_1_46' title='bbox 788 763 1018 826; x_wconf 85' lang='lat' dir='ltr'>perspicue</span> <span class='ocrx_word' id='word_1_47' title='bbox 1061 761 1440 819; x_wconf 76' lang='lat' dir='ltr'>demonstrantia,</span> 
     </span>
     <span class='ocr_line' id='line_1_9' title="bbox 161 835 1439 898; baseline -0.002 -17"><span class='ocrx_word' id='word_1_48' title='bbox 161 835 385 881; x_wconf 84' lang='lat' dir='ltr'>Sabiniani</span> <span class='ocrx_word' id='word_1_49' title='bbox 405 836 623 898; x_wconf 77' lang='lat' dir='ltr'>pertinaci</span> <span class='ocrx_word' id='word_1_50' title='bbox 643 835 823 898; x_wconf 82' lang='lat' dir='ltr'>ignavia</span> <span class='ocrx_word' id='word_1_51' title='bbox 840 836 934 881; x_wconf 83' lang='lat' dir='ltr'>haec</span> <span class='ocrx_word' id='word_1_52' title='bbox 957 835 1181 892; x_wconf 69' lang='lat' dir='ltr'>accidisse,</span> <span class='ocrx_word' id='word_1_53' title='bbox 1201 852 1300 897; x_wconf 81' lang='lat' dir='ltr'>quae</span> <span class='ocrx_word' id='word_1_54' title='bbox 1321 850 1439 881; x_wconf 86' lang='lat' dir='ltr'>con-</span> 
     </span>
     <span class='ocr_line' id='line_1_10' title="bbox 160 906 1440 970; baseline -0.001 -18"><span class='ocrx_word' id='word_1_55' title='bbox 160 907 388 969; x_wconf 80' lang='lat' dir='ltr'>tigerunt:</span> <span class='ocrx_word' id='word_1_56' title='bbox 421 924 444 953; x_wconf 86' lang='lat' dir='ltr'>a</span> <span class='ocrx_word' id='word_1_57' title='bbox 477 907 667 952; x_wconf 78' lang='lat' dir='ltr'>veritate</span> <span class='ocrx_word' id='word_1_58' title='bbox 694 906 881 960; x_wconf 79' lang='lat' dir='ltr'>detorti,</span> <span class='ocrx_word' id='word_1_59' title='bbox 901 906 1049 952; x_wconf 82' lang='lat' dir='ltr'>inania</span> <span class='ocrx_word' id='word_1_60' title='bbox 1079 907 1280 970; x_wconf 76' lang='lat' dir='ltr'>quaedam</span> <span class='ocrx_word' id='word_1_61' title='bbox 1299 943 1312 964; x_wconf 84' lang='lat'>‚</span> <span class='ocrx_word' id='word_1_62' title='bbox 1332 906 1440 952; x_wconf 82' lang='lat' dir='ltr'>lon-</span> 
     </span>
     <span class='ocr_line' id='line_1_11' title="bbox 159 977 1441 1041; baseline 0 -17"><span class='ocrx_word' id='word_1_63' title='bbox 159 995 302 1041; x_wconf 80' lang='lat' dir='ltr'>geque</span> <span class='ocrx_word' id='word_1_64' title='bbox 321 995 344 1024; x_wconf 90' lang='lat' dir='ltr'>a</span> <span class='ocrx_word' id='word_1_65' title='bbox 368 979 553 1039; x_wconf 80' lang='lat' dir='ltr'>negotio</span> <span class='ocrx_word' id='word_1_66' title='bbox 575 978 777 1023; x_wconf 80' lang='lat' dir='ltr'>distantia</span> <span class='ocrx_word' id='word_1_67' title='bbox 803 977 1121 1024; x_wconf 76' lang='lat' dir='ltr'>scrutabantur.</span> <span class='ocrx_word' id='word_1_68' title='bbox 1144 980 1250 1038; x_wconf 83' lang='lat' dir='ltr'>Qua</span> <span class='ocrx_word' id='word_1_69' title='bbox 1271 978 1441 1041; x_wconf 84' lang='lat' dir='ltr'>iniqui-</span> 
     </span>
     <span class='ocr_line' id='line_1_12' title="bbox 160 1050 1440 1115; baseline 0.002 -18"><span class='ocrx_word' id='word_1_70' title='bbox 160 1064 250 1097; x_wconf 83' lang='lat' dir='ltr'>tate</span> <span class='ocrx_word' id='word_1_71' title='bbox 269 1051 484 1112; x_wconf 77' lang='lat' dir='ltr'>percitus,</span> <span class='ocrx_word' id='word_1_72' title='bbox 501 1050 576 1111; x_wconf 80' lang='lat' dir='ltr'>qui</span> <span class='ocrx_word' id='word_1_73' title='bbox 597 1050 873 1107; x_wconf 75' lang='lat' dir='ltr'>audiebatur,</span> <span class='ocrx_word' id='word_1_74' title='bbox 894 1052 992 1115; x_wconf 79' lang='lat' dir='ltr'><em>Etsi</em></span> <span class='ocrx_word' id='word_1_75' title='bbox 1009 1071 1091 1109; x_wconf 74' lang='lat' dir='ltr'>me,</span> <span class='ocrx_word' id='word_1_76' title='bbox 1112 1051 1280 1115; x_wconf 86' lang='lat' dir='ltr'>inquit,</span> <span class='ocrx_word' id='word_1_77' title='bbox 1301 1055 1440 1115; x_wconf 73' lang='lat' dir='ltr'>despi-</span> 
     </span>
     <span class='ocr_line' id='line_1_13' title="bbox 161 1121 1444 1188; baseline 0.003 -22"><span class='ocrx_word' id='word_1_78' title='bbox 161 1124 218 1166; x_wconf 84' lang='lat' dir='ltr'>cit</span> <span class='ocrx_word' id='word_1_79' title='bbox 234 1125 483 1181; x_wconf 80' lang='lat' dir='ltr'><strong><em>Imperator,</em></strong></span> <span class='ocrx_word' id='word_1_80' title='bbox 503 1121 658 1182; x_wconf 78' lang='lat' dir='ltr'>negotii</span> <span class='ocrx_word' id='word_1_81' title='bbox 676 1122 728 1185; x_wconf 83' lang='lat' dir='ltr'>est</span> <span class='ocrx_word' id='word_1_82' title='bbox 745 1138 882 1166; x_wconf 74' lang='lat' dir='ltr'>tamen</span> <span class='ocrx_word' id='word_1_83' title='bbox 901 1126 1147 1183; x_wconf 76' lang='lat' dir='ltr'><em>magnitudo</em></span> <span class='ocrx_word' id='word_1_84' title='bbox 1162 1159 1174 1179; x_wconf 90' lang='lat'>‚</span> <span class='ocrx_word' id='word_1_85' title='bbox 1196 1141 1242 1169; x_wconf 82' lang='lat' dir='ltr'>ut</span> <span class='ocrx_word' id='word_1_86' title='bbox 1257 1144 1341 1170; x_wconf 76' lang='lat' dir='ltr'>tzorz</span> <span class='ocrx_word' id='word_1_87' title='bbox 1359 1125 1444 1188; x_wconf 75' lang='lat' dir='ltr'>721st</span> 
     </span>
     <span class='ocr_line' id='line_1_14' title="bbox 153 1194 1439 1257; baseline 0.004 -19"><span class='ocrx_word' id='word_1_88' title='bbox 153 1195 324 1252; x_wconf 77' lang='lat' dir='ltr'>judicio</span> <span class='ocrx_word' id='word_1_89' title='bbox 337 1196 545 1256; x_wconf 81' lang='lat' dir='ltr'>principis</span> <span class='ocrx_word' id='word_1_90' title='bbox 563 1194 680 1253; x_wconf 81' lang='lat' dir='ltr'>nosci</span> <span class='ocrx_word' id='word_1_91' title='bbox 686 1194 833 1256; x_wconf 54' lang='lat' dir='ltr'><strong><em>pqffik,</em></strong></span> <span class='ocrx_word' id='word_1_92' title='bbox 854 1194 896 1241; x_wconf 62' lang='lat' dir='ltr'>G*</span> <span class='ocrx_word' id='word_1_93' title='bbox 921 1199 1128 1241; x_wconf 74' lang='lat' dir='ltr'>vindicari</span> <span class='ocrx_word' id='word_1_94' title='bbox 1145 1213 1161 1241; x_wconf 87' lang='lat'>.·</span> <span class='ocrx_word' id='word_1_95' title='bbox 1174 1197 1286 1257; x_wconf 79' lang='lat' dir='ltr'>sciat</span> <span class='ocrx_word' id='word_1_96' title='bbox 1302 1214 1439 1243; x_wconf 75' lang='lat' dir='ltr'>mmm</span> 
     </span>
     <span class='ocr_line' id='line_1_15' title="bbox 160 1267 1439 1330; baseline 0.004 -19"><span class='ocrx_word' id='word_1_97' title='bbox 160 1271 270 1311; x_wconf 78' lang='lat' dir='ltr'>velut</span> <span class='ocrx_word' id='word_1_98' title='bbox 299 1269 478 1326; x_wconf 79' lang='lat' dir='ltr'>quodam</span> <span class='ocrx_word' id='word_1_99' title='bbox 501 1267 704 1328; x_wconf 78' lang='lat' dir='ltr'>praesagio</span> <span class='ocrx_word' id='word_1_100' title='bbox 721 1301 735 1323; x_wconf 87' lang='lat'>‚</span> <span class='ocrx_word' id='word_1_101' title='bbox 767 1270 880 1327; x_wconf 77' lang='lat' dir='ltr'>quod</span> <span class='ocrx_word' id='word_1_102' title='bbox 906 1271 1002 1313; x_wconf 78' lang='lat' dir='ltr'>dum</span> <span class='ocrx_word' id='word_1_103' title='bbox 1033 1285 1167 1314; x_wconf 78' lang='lat' dir='ltr'>moeret</span> <span class='ocrx_word' id='word_1_104' title='bbox 1192 1270 1323 1330; x_wconf 78' lang='lat' dir='ltr'>super</span> <span class='ocrx_word' id='word_1_105' title='bbox 1344 1272 1439 1326; x_wconf 68' lang='lat' dir='ltr'>lzis,</span> 
     </span>
     <span class='ocr_line' id='line_1_16' title="bbox 161 1342 1441 1406; baseline 0.002 -20"><span class='ocrx_word' id='word_1_106' title='bbox 161 1359 246 1401; x_wconf 84' lang='lat' dir='ltr'>quae</span> <span class='ocrx_word' id='word_1_107' title='bbox 264 1344 380 1400; x_wconf 81' lang='lat' dir='ltr'>apud</span> <span class='ocrx_word' id='word_1_108' title='bbox 397 1342 607 1386; x_wconf 80' lang='lat' dir='ltr'><em>Amidam</em></span> <span class='ocrx_word' id='word_1_109' title='bbox 625 1343 731 1406; x_wconf 74' lang='lat' dir='ltr'>gesta</span> <span class='ocrx_word' id='word_1_110' title='bbox 744 1345 957 1387; x_wconf 81' lang='lat' dir='ltr'>emendata</span> <span class='ocrx_word' id='word_1_111' title='bbox 975 1345 1123 1388; x_wconf 82' lang='lat' dir='ltr'>didicit</span> <span class='ocrx_word' id='word_1_112' title='bbox 1128 1345 1240 1402; x_wconf 68' lang='lat' dir='ltr'>fide⁹</span> <span class='ocrx_word' id='word_1_113' title='bbox 1265 1347 1441 1404; x_wconf 68' lang='lat' dir='ltr'>dumque</span> 
     </span>
     <span class='ocr_line' id='line_1_17' title="bbox 161 1413 1439 1479; baseline 0.002 -21"><span class='ocrx_word' id='word_1_114' title='bbox 161 1415 222 1458; x_wconf 86' lang='lat' dir='ltr'>ad</span> <span class='ocrx_word' id='word_1_115' title='bbox 238 1413 480 1472; x_wconf 83' lang='lat' dir='ltr'>spadonum</span> <span class='ocrx_word' id='word_1_116' title='bbox 518 1416 735 1458; x_wconf 79' lang='lat' dir='ltr'>arbitrium</span> <span class='ocrx_word' id='word_1_117' title='bbox 763 1417 964 1469; x_wconf 77' lang='lat' dir='ltr'>trabitur,</span> <span class='ocrx_word' id='word_1_118' title='bbox 991 1415 1263 1479; x_wconf 62' lang='lat' dir='ltr'>defrustandae</span> <span class='ocrx_word' id='word_1_119' title='bbox 1292 1416 1439 1475; x_wconf 70' lang='lat' dir='ltr'><strong><em>Meso-</em></strong></span> 
     </span>
     <span class='ocr_line' id='line_1_18' title="bbox 154 1489 1441 1549; baseline 0.002 -18"><span class='ocrx_word' id='word_1_120' title='bbox 154 1490 351 1547; x_wconf 83' lang='lat' dir='ltr'>potamiae</span> <span class='ocrx_word' id='word_1_121' title='bbox 383 1490 580 1548; x_wconf 84' lang='lat' dir='ltr'>proximo</span> <span class='ocrx_word' id='word_1_122' title='bbox 608 1506 694 1532; x_wconf 80' lang='lat' dir='ltr'>vere</span> <span class='ocrx_word' id='word_1_123' title='bbox 726 1506 775 1532; x_wconf 78' lang='lat' dir='ltr'>ne</span> <span class='ocrx_word' id='word_1_124' title='bbox 808 1489 893 1548; x_wconf 58' lang='lat' dir='ltr'>ips&amp;</span> <span class='ocrx_word' id='word_1_125' title='bbox 925 1491 1086 1549; x_wconf 80' lang='lat' dir='ltr'>quidem</span> <span class='ocrx_word' id='word_1_126' title='bbox 1114 1507 1204 1534; x_wconf 82' lang='lat' dir='ltr'>cum</span> <span class='ocrx_word' id='word_1_127' title='bbox 1240 1491 1441 1534; x_wconf 77' lang='lat' dir='ltr'>exercitus</span> 
     </span>
     <span class='ocr_line' id='line_1_19' title="bbox 163 1561 1438 1623; baseline 0.002 -17"><span class='ocrx_word' id='word_1_128' title='bbox 163 1563 300 1606; x_wconf 81' lang='lat' dir='ltr'><strong><em>robore</em></strong></span> <span class='ocrx_word' id='word_1_129' title='bbox 337 1563 453 1606; x_wconf 80' lang='lat' dir='ltr'>omni</span> <span class='ocrx_word' id='word_1_130' title='bbox 479 1561 679 1621; x_wconf 81' lang='lat' dir='ltr'>opitulari</span> <span class='ocrx_word' id='word_1_131' title='bbox 710 1564 860 1621; x_wconf 82' lang='lat' dir='ltr'>poterit</span> <span class='ocrx_word' id='word_1_132' title='bbox 881 1562 1070 1622; x_wconf 77' lang='lat' dir='ltr'>praefirzs.</span> <span class='ocrx_word' id='word_1_133' title='bbox 1112 1562 1281 1609; x_wconf 79' lang='lat' dir='ltr'>Relatis</span> <span class='ocrx_word' id='word_1_134' title='bbox 1314 1561 1438 1623; x_wconf 77' lang='lat' dir='ltr'>adje-</span> 
     </span>
     <span class='ocr_line' id='line_1_20' title="bbox 163 1630 1442 1696; baseline 0.001 -16"><span class='ocrx_word' id='word_1_135' title='bbox 163 1630 327 1695; x_wconf 68' lang='lat' dir='ltr'>&amp;isque</span> <span class='ocrx_word' id='word_1_136' title='bbox 350 1648 450 1680; x_wconf 87' lang='lat' dir='ltr'>cum</span> <span class='ocrx_word' id='word_1_137' title='bbox 481 1632 850 1693; x_wconf 82' lang='lat' dir='ltr'><strong>interpretatione</strong></span> <span class='ocrx_word' id='word_1_138' title='bbox 879 1633 1071 1696; x_wconf 84' lang='lat' dir='ltr'>maligna</span> <span class='ocrx_word' id='word_1_139' title='bbox 1096 1634 1406 1696; x_wconf 70' lang='lat' dir='ltr'>compluribus</span> <span class='ocrx_word' id='word_1_140' title='bbox 1424 1671 1442 1694; x_wconf 89' lang='lat'>,</span> 
     </span>
     <span class='ocr_line' id='line_1_21' title="bbox 162 1703 1440 1762; baseline 0.002 -11"><span class='ocrx_word' id='word_1_141' title='bbox 162 1703 301 1751; x_wconf 86' lang='lat' dir='ltr'>iratus</span> <span class='ocrx_word' id='word_1_142' title='bbox 332 1703 448 1751; x_wconf 88' lang='lat' dir='ltr'>ultra</span> <span class='ocrx_word' id='word_1_143' title='bbox 471 1704 659 1755; x_wconf 87' lang='lat' dir='ltr'>modum</span> <span class='ocrx_word' id='word_1_144' title='bbox 687 1703 1003 1762; x_wconf 84' lang='lat' dir='ltr'>Constantius,</span> <span class='ocrx_word' id='word_1_145' title='bbox 1032 1721 1116 1751; x_wconf 88' lang='lat' dir='ltr'>nec</span> <span class='ocrx_word' id='word_1_146' title='bbox 1141 1705 1328 1753; x_wconf 72' lang='lat' dir='ltr'>discufl&#39;o</span> <span class='ocrx_word' id='word_1_147' title='bbox 1357 1724 1440 1754; x_wconf 88' lang='lat' dir='ltr'>ne-</span> 
     </span>
     <span class='ocr_line' id='line_1_22' title="bbox 164 1775 1439 1841; baseline 0.004 -18"><span class='ocrx_word' id='word_1_148' title='bbox 164 1777 294 1841; x_wconf 81' lang='lat' dir='ltr'>gotio</span> <span class='ocrx_word' id='word_1_149' title='bbox 316 1814 332 1835; x_wconf 94' lang='lat'>,</span> <span class='ocrx_word' id='word_1_150' title='bbox 361 1793 444 1824; x_wconf 90' lang='lat' dir='ltr'>nec</span> <span class='ocrx_word' id='word_1_151' title='bbox 473 1775 694 1840; x_wconf 84' lang='lat' dir='ltr'>patefieri,</span> <span class='ocrx_word' id='word_1_152' title='bbox 727 1794 827 1841; x_wconf 86' lang='lat' dir='ltr'>quae</span> <span class='ocrx_word' id='word_1_153' title='bbox 855 1776 1082 1824; x_wconf 86' lang='lat' dir='ltr'>scientiam</span> <span class='ocrx_word' id='word_1_154' title='bbox 1103 1778 1195 1838; x_wconf 82' lang='lat' dir='ltr'>ejus</span> <span class='ocrx_word' id='word_1_155' title='bbox 1216 1780 1439 1840; x_wconf 80' lang='lat' dir='ltr'>latebant,</span> 
     </span>
     <span class='ocr_line' id='line_1_23' title="bbox 163 1850 1440 1914; baseline 0.002 -17"><span class='ocrx_word' id='word_1_156' title='bbox 163 1851 403 1914; x_wconf 85' lang='lat' dir='ltr'>permiffis,</span> <span class='ocrx_word' id='word_1_157' title='bbox 423 1851 666 1913; x_wconf 85' lang='lat' dir='ltr'>appetitum</span> <span class='ocrx_word' id='word_1_158' title='bbox 687 1850 946 1906; x_wconf 89' lang='lat' dir='ltr'>calumniis,</span> <span class='ocrx_word' id='word_1_159' title='bbox 965 1851 1162 1914; x_wconf 59' lang='lat' dir='ltr'>deposita</span> <span class='ocrx_word' id='word_1_160' title='bbox 1187 1852 1345 1900; x_wconf 81' lang='lat' dir='ltr'>militia</span> <span class='ocrx_word' id='word_1_161' title='bbox 1369 1853 1440 1900; x_wconf 84' lang='lat' dir='ltr'>di-</span> 
     </span>
     <span class='ocr_line' id='line_1_24' title="bbox 161 1925 1440 1990; baseline 0.001 -18"><span class='ocrx_word' id='word_1_162' title='bbox 161 1926 287 1990; x_wconf 85' lang='lat' dir='ltr'>gredi</span> <span class='ocrx_word' id='word_1_163' title='bbox 313 1925 430 1988; x_wconf 82' lang='lat' dir='ltr'>juffit</span> <span class='ocrx_word' id='word_1_164' title='bbox 459 1926 515 1972; x_wconf 91' lang='lat' dir='ltr'>ad</span> <span class='ocrx_word' id='word_1_165' title='bbox 542 1926 716 1984; x_wconf 81' lang='lat' dir='ltr'>otium,</span> <span class='ocrx_word' id='word_1_166' title='bbox 745 1925 938 1989; x_wconf 84' lang='lat' dir='ltr'>Agilone</span> <span class='ocrx_word' id='word_1_167' title='bbox 971 1926 1026 1971; x_wconf 90' lang='lat' dir='ltr'>ad</span> <span class='ocrx_word' id='word_1_168' title='bbox 1050 1925 1143 1989; x_wconf 78' lang='lat' dir='ltr'>ejus</span> <span class='ocrx_word' id='word_1_169' title='bbox 1165 1926 1317 1973; x_wconf 88' lang='lat' dir='ltr'>locum</span> <span class='ocrx_word' id='word_1_170' title='bbox 1351 1927 1440 1973; x_wconf 87' lang='lat' dir='ltr'>im-</span> 
     </span>
     <span class='ocr_line' id='line_1_25' title="bbox 164 1997 1438 2063; baseline 0 -17"><span class='ocrx_word' id='word_1_171' title='bbox 164 1999 350 2047; x_wconf 83' lang='lat' dir='ltr'>modico</span> <span class='ocrx_word' id='word_1_172' title='bbox 377 1999 487 2046; x_wconf 84' lang='lat' dir='ltr'>saltu</span> <span class='ocrx_word' id='word_1_173' title='bbox 517 2011 762 2063; x_wconf 83' lang='lat' dir='ltr'>promoto,</span> <span class='ocrx_word' id='word_1_174' title='bbox 793 2014 850 2044; x_wconf 79' lang='lat' dir='ltr'>ex</span> <span class='ocrx_word' id='word_1_175' title='bbox 878 1997 1111 2061; x_wconf 80' lang='lat' dir='ltr'>gentilium</span> <span class='ocrx_word' id='word_1_176' title='bbox 1139 1998 1438 2046; x_wconf 86' lang='lat' dir='ltr'>scutariorum</span> 
     </span>
     <span class='ocr_line' id='line_1_26' title="bbox 164 2071 366 2119; baseline -0.005 0"><span class='ocrx_word' id='word_1_177' title='bbox 164 2071 366 2119; x_wconf 78' lang='lat' dir='ltr'>tribuno.</span> 
     </span>
    </p>

    <p class='ocr_par' dir='ltr' id='par_1_3' title="bbox 165 2144 1438 2574">
     <span class='ocr_line' id='line_1_27' title="bbox 229 2144 1438 2208; baseline -0.001 -17"><span class='ocrx_word' id='word_1_178' title='bbox 229 2147 298 2191; x_wconf 89' lang='lat'><em>111.</em></span> <span class='ocrx_word' id='word_1_179' title='bbox 319 2144 487 2191; x_wconf 89' lang='lat' dir='ltr'>Eodem</span> <span class='ocrx_word' id='word_1_180' title='bbox 504 2156 708 2208; x_wconf 81' lang='lat' dir='ltr'>tempore</span> <span class='ocrx_word' id='word_1_181' title='bbox 726 2160 804 2206; x_wconf 86' lang='lat' dir='ltr'>per</span> <span class='ocrx_word' id='word_1_182' title='bbox 824 2144 948 2190; x_wconf 86' lang='lat' dir='ltr'><strong><em>Eoos</em></strong></span> <span class='ocrx_word' id='word_1_183' title='bbox 968 2144 1127 2192; x_wconf 57' lang='lat' dir='ltr'>tractus</span> <span class='ocrx_word' id='word_1_184' title='bbox 1148 2144 1315 2192; x_wconf 85' lang='lat' dir='ltr'>coelum</span> <span class='ocrx_word' id='word_1_185' title='bbox 1334 2144 1438 2191; x_wconf 90' lang='lat' dir='ltr'>sub-</span> 
     </span>
     <span class='ocr_line' id='line_1_28' title="bbox 165 2216 1438 2281; baseline 0.001 -18"><span class='ocrx_word' id='word_1_186' title='bbox 165 2227 336 2277; x_wconf 79' lang='lat' dir='ltr'>textum</span> <span class='ocrx_word' id='word_1_187' title='bbox 356 2217 544 2281; x_wconf 85' lang='lat' dir='ltr'>caligine</span> <span class='ocrx_word' id='word_1_188' title='bbox 565 2218 824 2264; x_wconf 87' lang='lat' dir='ltr'>cernebatur</span> <span class='ocrx_word' id='word_1_189' title='bbox 844 2216 1056 2275; x_wconf 89' lang='lat' dir='ltr'>obscura,</span> <span class='ocrx_word' id='word_1_190' title='bbox 1074 2219 1123 2266; x_wconf 90' lang='lat'>&amp;</span> <span class='ocrx_word' id='word_1_191' title='bbox 1146 2235 1170 2264; x_wconf 85' lang='lat' dir='ltr'>a</span> <span class='ocrx_word' id='word_1_192' title='bbox 1190 2217 1336 2280; x_wconf 89' lang='lat' dir='ltr'>primo</span> <span class='ocrx_word' id='word_1_193' title='bbox 1355 2234 1438 2264; x_wconf 87' lang='lat' dir='ltr'>au-</span> 
     </span>
     <span class='ocr_line' id='line_1_29' title="bbox 166 2289 1437 2354; baseline 0.001 -19"><span class='ocrx_word' id='word_1_194' title='bbox 166 2306 283 2336; x_wconf 86' lang='lat' dir='ltr'>rorae</span> <span class='ocrx_word' id='word_1_195' title='bbox 310 2303 471 2337; x_wconf 84' lang='lat' dir='ltr'>exortu</span> <span class='ocrx_word' id='word_1_196' title='bbox 493 2291 686 2354; x_wconf 88' lang='lat' dir='ltr'>adusque</span> <span class='ocrx_word' id='word_1_197' title='bbox 710 2290 939 2337; x_wconf 87' lang='lat' dir='ltr'>meridiem</span> <span class='ocrx_word' id='word_1_198' title='bbox 960 2291 1302 2338; x_wconf 81' lang='lat' dir='ltr'>intermicabant</span> <span class='ocrx_word' id='word_1_199' title='bbox 1319 2289 1437 2353; x_wconf 83' lang='lat' dir='ltr'>jugi-</span> 
     </span>
     <span class='ocr_line' id='line_1_30' title="bbox 167 2362 1436 2427; baseline 0.002 -19"><span class='ocrx_word' id='word_1_200' title='bbox 167 2374 236 2409; x_wconf 87' lang='lat' dir='ltr'>ter</span> <span class='ocrx_word' id='word_1_201' title='bbox 255 2362 400 2411; x_wconf 83' lang='lat' dir='ltr'>stellae.</span> <span class='ocrx_word' id='word_1_202' title='bbox 429 2363 583 2427; x_wconf 83' lang='lat' dir='ltr'>hisque</span> <span class='ocrx_word' id='word_1_203' title='bbox 609 2364 856 2412; x_wconf 83' lang='lat' dir='ltr'>terroribus</span> <span class='ocrx_word' id='word_1_204' title='bbox 887 2363 1152 2423; x_wconf 84' lang='lat' dir='ltr'>accedebat,</span> <span class='ocrx_word' id='word_1_205' title='bbox 1178 2365 1302 2427; x_wconf 87' lang='lat' dir='ltr'>quod</span> <span class='ocrx_word' id='word_1_206' title='bbox 1331 2380 1436 2410; x_wconf 90' lang='lat' dir='ltr'>cum</span> 
     </span>
     <span class='ocr_line' id='line_1_31' title="bbox 166 2435 1437 2500; baseline 0 -20"><span class='ocrx_word' id='word_1_207' title='bbox 166 2435 250 2481; x_wconf 84' lang='lat' dir='ltr'>lux</span> <span class='ocrx_word' id='word_1_208' title='bbox 272 2435 459 2482; x_wconf 84' lang='lat' dir='ltr'>coelestis</span> <span class='ocrx_word' id='word_1_209' title='bbox 481 2436 757 2500; x_wconf 83' lang='lat' dir='ltr'>operiretur,</span> <span class='ocrx_word' id='word_1_210' title='bbox 780 2454 804 2483; x_wconf 92' lang='lat' dir='ltr'>e</span> <span class='ocrx_word' id='word_1_211' title='bbox 824 2437 978 2483; x_wconf 83' lang='lat' dir='ltr'>mundi</span> <span class='ocrx_word' id='word_1_212' title='bbox 1003 2437 1241 2500; x_wconf 59' lang='lat' dir='ltr'>conspectu</span> <span class='ocrx_word' id='word_1_213' title='bbox 1263 2435 1437 2498; x_wconf 82' lang='lat' dir='ltr'>penitus</span> 
     </span>
     <span class='ocr_line' id='line_1_32' title="bbox 165 2506 1437 2574; baseline -0.002 -18"><span class='ocrx_word' id='word_1_214' title='bbox 165 2506 265 2557; x_wconf 75' lang='lat' dir='ltr'>luce</span> <span class='ocrx_word' id='word_1_215' title='bbox 298 2508 504 2573; x_wconf 82' lang='lat' dir='ltr'>abrepta,</span> <span class='ocrx_word' id='word_1_216' title='bbox 531 2509 731 2559; x_wconf 83' lang='lat' dir='ltr'>defeciffe</span> <span class='ocrx_word' id='word_1_217' title='bbox 761 2510 926 2557; x_wconf 76' lang='lat' dir='ltr'>diutius</span> <span class='ocrx_word' id='word_1_218' title='bbox 947 2510 1082 2558; x_wconf 79' lang='lat' dir='ltr'>solem</span> <span class='ocrx_word' id='word_1_219' title='bbox 1111 2510 1288 2574; x_wconf 75' lang='lat' dir='ltr'>pavidae</span> <span class='ocrx_word' id='word_1_220' title='bbox 1308 2524 1437 2563; x_wconf 70' lang='lat' dir='ltr'>men-3</span> 
     </span>
    </p>
   </div>
  </div>
 </body>
</html>
