1626 2917
193 80 285 126 2³30
404 78 742 124 AMMIANI
790 78 1271 127 MARCELLINI

193 183 326 246 dique
350 195 543 229 mortem
567 182 791 228 vibrantia
809 218 820 240 ‚
847 183 1058 230 destinata
1086 186 1302 232 cadebant
1323 187 1372 233 &
1395 191 1479 233 nol

192 257 266 302 xia
283 292 296 315 ,
318 258 440 319 quod
463 273 544 302 nec
564 255 804 318 praevideri
823 269 1062 318 poterant,
1081 273 1163 304 nec
1185 259 1350 307 caveri.
1390 263 1481 306 Ve4

192 345 290 374 rum
320 329 395 374 ubi
422 328 541 375 e'ffufi
565 328 789 375 immensis
806 328 1063 392 agminibus
1083 330 1254 377 barbari
1283 331 1482 392 jumenta

192 402 493 447 conterebant
513 403 562 448 &
590 402 820 457 viros‚&
849 419 995 466 neque
1024 404 1078 449 ad
1106 418 1335 467 receptum
1367 422 1483 452 con-

194 472 319 519 fertis
359 475 594 522 ordinibus
631 474 782 521 laxari
804 475 990 537 usquam
1030 487 1207 537 poterat
1243 477 1403 535 locus,
1434 480 1486 525 δε

195 546 417 592 evadendi
439 547 618 610 copiam
641 548 914 612 constipzuio
937 538 1115 595 densior
1131 549 1352 596 adimebat
1372 568 1382 596 :
1402 566 1486 595 no-

196 619 269 665 stri
300 620 683 683 quoque'ultimo
720 621 909 669 cadendi
933 634 1169 669 contemtu
1199 621 1488 669 occursantes

196 693 390 756 receptis
421 692 576 757 gladiis
608 683 967 753 obtruncabant,
994 696 1043 743 &
1070 695 1236 742 mutuis
1267 694 1489 742 securium

195 765 356 813 ictibus
386 765 523 829 galeae
555 760 950 830 perfringebantur
982 781 1115 831 atque
1141 767 1310 814 loricae.
1345 767 1490 812 Vide-

198 848 338 901 reque
371 838 532 885 licebat
566 838 730 886 celsum
755 838 924 886 ferocia
956 839 1216 896 barbarum,
1238 839 1360 902 genis
1391 838 1490 884 stri-

200 911 627 970 dore-constriffis,
648 913 821 961 succiso
855 912 1031 976 poplite
1063 925 1142 959 aut
1175 912 1340 960 abscisa
1371 912 1491 958 ferro

200 986 383 1031 dextera
397 1020 410 1042 ,
428 984 502 1031 vel
519 984 730 1031 confoffo
750 984 908 1041 latere,
925 984 1051 1030 inter·
1061 984 1152 1047 ipsa
1171 1000 1355 1047 quoque
1372 1001 1495 1030 mor·

199 1058 258 1105 tis
288 1056 486 1104 confinia
517 1057 751 1103 minaciter
782 1055 1171 1102 circumferentem
1201 1057 1366 1103 oculos
1395 1073 1494 1103 tru-

202 1147 276 1179 ces
298 1148 308 1176 :
342 1128 561 1191 ruinaque
591 1128 937 1191 confligentium
968 1140 1123 1175 mutua
1143 1146 1201 1176 -ac
1225 1129 1365 1175 humo
1387 1140 1496 1177 cor-‘

202 1202 392 1266 poribus
434 1201 604 1258 stratis,
641 1201 784 1263 campi
823 1201 1033 1262 peremtis
1068 1200 1243 1263 impleti
1277 1200 1411 1249 sunt:
1444 1203 1496 1249 &

204 1274 496 1322 morientium
517 1273 705 1337 gemitus
727 1272 1052 1336 profundisque
1069 1273 1334 1321 vulneribus
1356 1287 1499 1321 trans-

205 1347 403 1394 fixorum
439 1364 541 1394 cum
571 1347 736 1393 timore
772 1347 1068 1393 audiebantur
1100 1347 1285 1410 ingenti.
1322 1348 1373 1393 In
1407 1348 1500 1394 hoc

207 1433 340 1466 tanto
370 1432 551 1482 tamque
580 1419 778 1466 confusae
799 1419 864 1464 rei
890 1420 1086 1465 tumultu
1112 1416 1314 1465 exhausti
1344 1419 1502 1477 labore

209 1495 261 1540 ὅτ
289 1493 499 1556 periculis
528 1493 728 1556 pedites,
750 1509 853 1540 cum
886 1493 1096 1555 deinceps
1126 1509 1272 1554 neque
1299 1492 1421 1540 vires
1445 1493 1500 1539 il-

208 1564 264 1611 lis
280 1601 293 1622 ,
313 1582 458 1627 neque
478 1578 649 1612 mentes
671 1564 956 1627 suppeterent
984 1566 1038 1612 ad
1059 1564 1294 1612 confilium
1310 1601 1325 1624 ,
1351 1564 1502 1611 diffra-

210 1638 290 1684 &is
331 1637 552 1684 hastarum
590 1637 812 1701 plerisque
848 1639 1083 1685 collisione
1115 1638 1312 1697 affidua,
1346 1638 1503 1700 gladiis

213 1713 421 1759 contenti
442 1712 654 1759 destriflis
677 1712 724 1757 in
745 1711 962 1758 coi-sertas
982 1712 1175 1780 hostium
1197 1724 1364 1758 turmas
1387 1727 1503 1757 mer·

214 1786 378 1848 gebant
425 1784 494 1842 se,
535 1784 685 1831 salutis
729 1784 1041 1840 immemores,
1089 1783 1504 1847 circumspe&antes

215 1857 443 1902 ademtum
473 1856 556 1902 effe
585 1872 723 1902 omne
756 1854 978 1901 evadendi
1006 1853 1275 1918 suffragium.
1312 1856 1368 1900 Et
1399 1854 1505 1916 quia

217 1929 379 1975 humus
404 1929 514 1977 rivis
542 1942 701 1992 operta
732 1928 977 1991 sanguineis
1007 1929 1167 1992 greffus
1193 1927 1345 1974 labiles
1375 1944 1506 1973 ever-

217 2003 341 2048 tebat
356 2038 368 2058 ‚
390 2002 671 2048 conabantur
691 2002 839 2048 modis
858 2001 1069 2050 omnibus
1089 2001 1227 2048 vitam
1245 2000 1505 2063 impendere

217 2091 315 2122 non
346 2075 560 2123 inultam:
591 2076 704 2123 adeo
735 2092 902 2139 magno
934 2075 1188 2122 animorum
1219 2074 1389 2119 robore
1419 2090 1507 2134 op-

219 2149 353 2212 positi
386 2149 778 2206 incumbentibus,
809 2161 859 2195 ut
888 2149 1021 2196 etiam
1051 2149 1149 2195 telis
1181 2148 1360 2210 quidam
1393 2164 1504 2210 pro-

221 2222 329 2284 priis
361 2221 609 2268 interirent.
641 2223 751 2269 Atra
785 2221 979 2286 denique
1013 2221 1187 2267 cruoris
1220 2219 1329 2267 facie
1352 2219 1507 2266 omnia

220 2295 552 2355 conturbante,
572 2297 648 2355 δέ,
678 2312 953 2360 quocunque
981 2295 1022 2343 se
1051 2292 1318 2342 inflexerant
1351 2292 1508 2352 oculi,
