1626 2917
310 144 530 193 RERUM
561 144 902 192 GESTARUM
936 145 1040 193 LIB.
1069 144 1265 193 XXVII.
1339 163 1428 210 ¹29

148 253 265 303 &um
297 254 462 301 catenis
489 251 708 317 argenteis
729 289 742 310 ‚
772 252 897 316 quod
935 253 1055 316 apu'd
1086 270 1164 300 eos
1191 255 1433 302 honoratis

147 343 318 376 vanum
349 325 670 388 suppliciorum
704 325 941 372 aestimatur
958 326 1049 387 ¹effe
1081 326 1320 385 solatium,
1348 343 1435 374 ex-

146 398 408 447 terminavit
429 397 485 444 ad
509 397 736 445 castellum
763 398 976 461 Agabana
1003 399 1190 446 nomine
1210 434 1223 458 ,
1248 399 1325 446 ubi
1345 399 1434 448 dis-

125 471 369 520 cruciatus
397 470 558 518 cecidit
588 469 708 516 ferro
729 471 913 533 poenali.
932 471 1210 529 Deinde,.ne
1235 472 1343 536 quid
1365 474 1435 520 in-

147 555 409 593 temeratum
440 541 625 605 perfidia
659 541 932 604 praeteriret,
961 544 1229 591 Sauromace
1269 546 1396 608 pulso
1417 584 1435 606 ,

148 636 283 683 quem
310 618 544 665 auctoritas
576 616 780 665 Romana
812 614 1015 680 praefecit
1035 618 1231 665 Hiberiae
1250 654 1263 678 ‚
1292 620 1436 684 Aspa-

149 709 271 741 curae
288 691 464 739 cuidam
485 690 745 753 potestatem
765 687 958 752 ejusdem
981 690 1140 737 detulit
1159 694 1325 755 gentis,
1341 696 1439 744 dia-

151 764 325 812 demate
356 763 536 821 addito,
559 774 609 809 ut
632 761 818 809 arbitrio
856 761 897 809 se
925 761 1193 812 monstraret
1227 765 1439 816 insultare

152 837 422 884 nostrorum.
455 835 634 896 Quibus
667 835 726 882 ita
772 834 917 883 studio
962 835 1159 884 nefando
1196 838 1402 901 perfectis
1423 877 1439 900 ‚

153 909 321 974 Cylaci
355 909 539 972 spadoni
565 909 614 956 &
643 908 927 967 Artabanni,
951 927 1065 973 quos
1098 910 1209 957 olim
1239 912 1440 976 suscepe-

154 995 222 1029 rat
253 979 456 1044 perfugas
479 974 497 1039 ‚'
536 981 756 1028 commisit
791 982 1044 1029 Armeniam
1084 982 1283 1046 (horum
1329 987 1441 1035 alter

150 1067 258 1102 ante
287 1053 428 1116 gentis
456 1052 686 1115 praefectus
703 1089 717 1112 ,
744 1052 853 1099 alter
883 1054 1086 1116 magister
1106 1054 1231 1102 fuiffe
1263 1057 1442 1105 diceba-

152 1139 226 1176 tur
254 1123 515 1188 armorum)
541 1125 786 1189 iisdemque
813 1126 1072 1186 mandarat,
1103 1138 1152 1174 ut
1177 1130 1442 1193 Artogeras-

152 1199 242 1248 sam
271 1197 514 1245 intentiore
542 1216 647 1246 cura
675 1197 1017 1257 exscinderent,
1049 1199 1269 1263 oppidum
1301 1206 1441 1252 muris

155 1273 207 1319 &
225 1269 395 1319 viribus
412 1270 610 1318 validum
631 1307 643 1329 ‚
662 1271 787 1334 quod
806 1271 1035 1319 thesauros
1056 1274 1106 1320 δέ
1124 1291 1314 1322 uxorem
1335 1294 1440 1326 cum

155 1345 254 1394 filio
272 1344 442 1392 Arsacis
460 1346 678 1392 tuebatur.
698 1346 844 1392 Iniere
857 1380 870 1402 ,
899 1358 947 1392 ut
980 1338 1188 1395 statutum
1208 1349 1270 1396 est
1284 1384 1298 1405 ‚
1318 1352 1445 1399 obfi-

157 1419 281 1466 dium
318 1418 463 1464 duces.
494 1418 548 1463 Et
572 1416 789 1480 quoniam
817 1416 1144 1465 munimentum
1176 1420 1372 1482 positum
1396 1425 1444 1472 in

159 1489 394 1553 asperitate
416 1501 631 1535 montana
650 1523 665 1546 ‚
690 1487 862 1552 rigente
891 1500 999 1535 tunc
1031 1489 1155 1536 coelo
1191 1490 1370 1540 nivibus
1396 1498 1446 1545 &

160 1561 353 1627 pruinis,
370 1561 481 1607 adiri
501 1578 596 1608 non
611 1572 817 1622 poterat,
837 1559 1066 1608 eunuchus
1086 1562 1280 1626 Cylaces
1299 1569 1445 1629 aptus·

162 1651 251 1697 que
284 1633 339 1679 ad
381 1631 614 1679 muliebria
646 1632 924 1694 palpamenta
945 1667 958 1690 ‚
987 1634 1244 1683 Artabanne
1276 1639 1446 1698 ascito,

162 1727 309 1779 prope
337 1708 508 1756 moenia
542 1708 631 1771 ipsa
661 1704 747 1753 fide
778 1724 872 1754 non
905 1709 1160 1756 amittendae
1194 1711 1343 1760 salutis
1370 1732 1447 1764 ac·

164 1797 325 1847 cepta,
361 1799 553 1846 propere
583 1780 742 1828 venit:
772 1784 821 1830 &
853 1799 954 1829 cum
985 1782 1110 1831 socio
1146 1785 1202 1832 ad
1232 1788 1449 1838 interiora

165 1857 390 1920 susceptus
406 1892 418 1914 ‚
437 1868 486 1902 ut
505 1853 776 1918 postulavit,
803 1853 1008 1902 suadebat
1036 1855 1270 1907 minaciter
1296 1861 1451 1910 defen-

169 1929 342 1978 soribus
372 1930 420 1975 &
448 1926 611 1991 reginae
630 1963 643 1984 ,
663 1939 841 1973 motum
867 1927 1048 1990 Saporis
1077 1928 1450 1982 inclementiffimi

169 2000 375 2050 omnium
408 1999 547 2047 lenire
576 1998 807 2046 deditione
833 2000 1001 2047 veloci.
1040 2000 1193 2047 Multis
1227 2004 1328 2065 post
1355 2006 1452 2055 haec

171 2074 293 2121 ultro
324 2071 528 2137 citroque
559 2071 763 2118 diffitatis
783 2109 796 2129 ,
826 2069 1108 2136 ejulanteque
1142 2075 1325 2123 muliere
1358 2091 1454 2126 tru-

172 2164 246 2196 ces
273 2147 419 2194 mariti
446 2146 650 2192 fortunas
669 2182 682 2203 ,
712 2145 986 2208 proditionis
1007 2147 1210 2194 acerrimi
1245 2151 1458 2212 compul-

175 2222 295 2269 sores
323 2221 369 2267 in
398 2218 746 2266 misericordiam
777 2217 884 2264 flexi
913 2231 1148 2266 mutavere
1184 2221 1453 2271 confilium:

176 2298 227 2343 &
255 2295 327 2358 spe
354 2294 588 2357 potiorum
617 2292 747 2340 ereffi
765 2327 777 2348 ‚
801 2292 976 2338 secretis
1000 2293 1243 2356 colloquiis
1271 2294 1456 2342 ordina-

177 2380 282 2421 runt
301 2404 314 2425 ,
333 2368 446 2413 hora
466 2364 708 2429 praestituta
727 2365 964 2423 noPmrna,
983 2365 1161 2412 reclusis
1181 2365 1326 2413 subito
1350 2384 1454 2428 por-

174 2441 256 2498 tis,
277 2439 469 2488 validam
497 2454 677 2485 manum
704 2453 962 2498 erumpere,
998 2436 1256 2502 vallumque
1293 2438 1455 2487 hostile

238 2514 462 2562 Ammian.
489 2512 724 2560 Marcellin.
753 2512 846 2557 Vol.
868 2511 931 2559 ΙΙ.
1240 2513 1258 2557 1
