1626 2917
338 157 558 204 RERUM
593 154 931 203 GESTARUM
964 154 1066 200 ΙᾸΒ,
1095 152 1202 199 XV.
1362 155 1425 217 69

134 263 298 326 simul,
331 278 416 306 una
445 263 576 306 orbem
603 276 831 321 pacatum,
855 263 974 306 Deus
1007 263 1128 305 modo
1160 258 1286 313 velit,
1315 264 1427 319 quod

149 352 341 392 oramus,
367 338 468 395 pari
508 338 782 380 moderatione
815 338 1042 395 pietateque
1077 334 1227 379 rec‘t'uri.
1260 337 1425 379 Mecum

147 409 291 469 ubique
310 410 508 453 videberis
530 409 731 469 praefins,
755 405 797 452 ἃ
817 426 886 468 ego
911 410 987 452 tibi
1007 409 1266 467 quodcunque
1287 407 1425 452 αὸῗιινο

145 499 231 526 non
257 482 383 526 deero.
415 482 494 526 Ad
512 480 726 541 summam
757 484 793 537 i,
823 483 866 536 i,
886 480 1205 540 properasbciis
1237 481 1452 532 omnium,

146 555 255 598 vocis
272 586 286 609 ,
305 556 414 597 velut
432 552 680 615 affigtzacam
699 555 776 598 tihi
805 555 856 597 ab
875 554 965 612 ipsit
994 553 1194 612 republica
1201 552 1425 616 stationem

146 643 244 672 cura
264 629 464 687 pervigili
485 626 735 686 defensurus.
765 628 912 672 Nemo
936 624 1034 687 post
1054 625 1148 670 haec
1175 622 1297 670 finita
1320 623 1428 670 reti-

145 699 264 745 cuit:
295 698 369 745 sed
404 699 615 746 militares
647 716 803 746 omnes
835 699 1065 745 horrendo
1099 697 1270 761 fragore
1304 697 1426 744 scuta

143 771 328 834 genibus
355 772 575 819 illidentes
604 771 753 835 (quod
785 770 845 817 est
878 769 1180 832 prosperitatis
1209 769 1426 815 indicium

144 843 360 905 plenum:
384 861 484 889 nam
516 858 674 892 contra
705 860 805 889 cum
835 841 966 887 hastis
992 840 1146 904 clypei
1178 839 1426 896 feriuntur,

144 915 223 961 irae
243 916 563 962 documentum
583 915 643 961 est
662 917 712 962 &
729 913 936 976 doloris)
953 913 1145 958 immane
1167 929 1259 974 quo
1281 930 1427 975 quan·-

145 1000 286 1052 toque
312 989 475 1053 gaudio
502 1001 660 1051 praeter
685 980 851 1050 paucos
874 987 1058 1049 Augusti
1081 986 1332 1047 probavere
1352 984 1426 1046 ju·-

145 1062 344 1113 dicium:
377 1060 684 1124 Caesaremque
721 1059 1017 1107 admiratione
1055 1058 1188 1122 digna
1218 1057 1425 1120 suscipie-

146 1132 275 1189 bant,
293 1132 570 1194 imperatorii
598 1131 775 1178 muricis
795 1131 970 1194 fulgore
989 1130 1254 1193 flagrantem.
1282 1130 1426 1193 Cujus

145 1206 306 1252 oculos
332 1214 437 1251 cu'm
458 1205 690 1251 venustate
707 1204 946 1263 terribiles,
964 1203 1234 1267 vultumque
1254 1203 1425 1249 excita-

144 1277 231 1323 tius
259 1290 452 1340 gratum,
482 1277 559 1324 diu
582 1278 863 1339 multumque
887 1289 1178 1332 contuentes,
1203 1275 1280 1338 qui
1300 1275 1424 1322 futu-

144 1366 219 1397 rus
247 1351 298 1396 s1t
326 1350 615 1412 colligebant,
638 1351 766 1396 velut
788 1349 986 1396 scrutatis
1013 1349 1239 1395 veteribus
1269 1348 1426 1407 libris,

146 1414 341 1485 quorum
370 1422 500 1468 leffio
534 1439 613 1484 per
644 1437 891 1484 corporum
925 1423 1041 1484 signa
1072 1420 1224 1483 pandit
1253 1421 1426 1467 anima-

146 1513 246 1542 rum
265 1496 453 1542 interna.
483 1498 709 1558 Eumque,
731 1507 778 1541 ut
802 1495 972 1557 potiori
1000 1494 1250 1543 reverentia
1273 1495 1424 1542 serva-

147 1583 291 1627 retur,
313 1586 396 1617 nec
414 1570 543 1632 supra
564 1569 749 1615 modum
772 1568 1012 1615 laudabant
1025 1606 1038 1625 ‚
1056 1585 1138 1615 nec
1156 1567 1271 1614 infra
1288 1586 1425 1633 quam

148 1643 333 1689 decebat
353 1654 515 1705 :atque
546 1643 649 1689 ideo
678 1641 914 1689 censorum
943 1658 1084 1689 voces
1111 1641 1208 1687 sunt
1240 1642 1426 1689 aestima-

148 1727 229 1773 tae,
258 1731 351 1760 non
387 1715 594 1762 militum.
628 1714 866 1776 Susceptus.
883 1714 1074 1777 denique
1096 1714 1150 1760 ad
1176 1713 1425 1761 consessum

146 1787 369 1842 vehiculi}
400 1786 691 1850 receptusque
719 1786 766 1831 in
789 1785 984 1849 regiam,
1012 1788 1132 1834 hunc
1164 1786 1342 1834 versum
1367 1803 1425 1834 ex

148 1859 397 1907 Homerico
426 1861 622 1908 carmine
642 1859 886 1907 susurrabat
905 1878 915 1907 ς

189 1978 363 2021 ’Ἓλλοιβε
388 1977 584 2033 πορφύρεος
612 1974 782 2019 &lem-tos
806 1977 873 2017 καὶ
899 1976 1016 2030 μοῖρα.
1042 1973 1231 2031 κριστιιιῆει

147 2087 257 2133 Haec
284 2085 354 2132 die
377 2085 544 2133 octavo
573 2086 727 2132 Iduum
754 2085 1002 2131 Novembr.
1033 2084 1147 2148 gesta
1170 2083 1299 2142 sunt,
1320 2100 1425 2131 curn

149 2158 442 2204 Arbetionem
461 2157 690 2204 consulem
717 2173 856 2203 annus
880 2157 1058 2203 haberet
1079 2159 1125 2204 δέ
1156 2156 1426 2202 Lollianum-

150 2230 329 2277 Deinde
365 2229 520 2276 diebus
548 2230 728 2293 paucis,
764 2229 933 2274 Helena
968 2228 1143 2292 virgine
1172 2227 1427 2275 Constantii

152 2303 330 2361 sorore,
351 2302 492 2349 eidem
512 2302 676 2349 Caesari
697 2302 832 2365 jugali
855 2301 1023 2348 foedere
1042 2301 1250 2362 copul-ata
1265 2336 1277 2358 ‚
1297 2317 1427 2362 para-

151 2375 293 2437 tisque
311 2375 550 2433 univerfis,
571 2393 669 2438 quae
690 2374 918 2422 maturitas
938 2373 1253 2437 proficiscendi
1273 2372 1426 2436 posce=

151 2448 249 2506 bat,
268 2448 485 2495 comita-tu
502 2464 646 2512 parvo
672 2446 874 2511 suscepto
887 2484 902 2509 ,
920 2446 1136 2495 Kalendis
1156 2442 1430 2494 Decembri-

1064 2628 1092 2649 l
