1626 2917
294 197 327 238 4
490 177 835 224 AMMtANl
883 177 1390 226 MARCELLINI

295 285 524 349 potestatis
545 286 696 332 delatae
719 300 1018 346 procurrens,
1045 285 1278 366 asperitate
1306 286 1442 334 nimia
1464 304 1578 335 cun·

293 360 360 406 &a
387 358 599 406 foedabat.
617 357 963 437 Propinquitate
987 358 1104 405 enim
1127 358 1259 423 regiae
1278 358 1452 422 stirpis,
1471 378 1580 424 gen-

229 446 234 451 “
291 426 541 493 tilitateque
570 430 799 476 etiamtum
826 425 1110 478 Constantini
1136 431 1335 478 nominis
1359 431 1578 490 effereba-

291 518 365 550 tur
392 503 436 548 in
466 502 626 558 fastus,
657 502 687 546 fi
719 502 820 564 plus
854 502 1085 560 valuisset,
1111 503 1298 550 ausurus
1329 503 1545 551 hostilia
1533 522 1582 554 m

292 577 522 622 aust-orem
550 573 633 619 suae
656 573 881 627 felicitatis
897 609 910 630 ,
931 587 979 619 ut
1014 576 1266 623 videbatur.
1292 576 1431 638 Cujus
1453 595 1580 625 acer-

291 649 419 696 bitati
447 664 567 693 uxor
595 664 732 711 grave
757 647 991 694 accesserat
1021 647 1300 696 incentivum
1320 685 1334 708 ,
1355 651 1580 713 germani-

289 735 380 769 tate
400 720 583 784 Augusti
607 721 778 785 turgida
801 721 928 784 supra
955 722 1140 769 modum
1157 758 1170 780 ‚
1186 740 1320 786 quam
1343 724 1580 772 Hanniba·
1625 720 1626 723 ¹

289 795 415 842 liano
434 794 524 858 regi
544 792 691 841 fratris
715 793 812 840 filio
829 795 1015 841 antehac
1031 795 1354 843 Constantinus
1370 794 1587 858 junxerat

288 881 440 934 pater:
463 869 658 930 Megaera
679 867 881 930 quaedam
910 868 1135 928 mortalis,
1160 867 1479 916 inflammatrix
1499 869 1580 916 sae-
1620 903 1626 916 .

289 940 457 990 vientis
478 939 664 997 affidua,
700 939 883 986 humani
916 941 1089 987 cruoris
1123 941 1256 988 avida
1288 941 1399 1000 nihil
1427 943 1593 1008 mitius—

287 1012 424 1078 quam
454 1013 637 1060 maritus
660 1013 769 1076 :qui
797 1012 1008 1075 paulatim
1044 1013 1310 1080 eruditiores
1337 1014 1437 1062 fasti
1468 1032 1579 1078 pro-

289 1087 407 1135 ceffu
430 1084 645 1148 temporis
664 1086 718 1131 ad
743 1087 1028 1144 nocendum,
1048 1103 1127 1149 per
1147 1086 1443 1136 clandestinos
1472 1105 1580 1135 ver-

1620 856 1626 892 ξ

1620 917 1626 942 1

290 1159 499 1223 sutosque
545 1159 873 1222 rumigerulos,
917 1160 1164 1224 compertis
1210 1161 1372 1208 leviter
1417 1162 1580 1209 addere
1619 1179 1623 1182 ’

288 1236 494 1301 quaedam
521 1234 634 1281 male
662 1235 836 1292 suetos,
857 1233 962 1282 falsa
988 1237 1035 1283 ὅ(
1065 1229 1287 1297 placentia
1308 1235 1387 1282 fibi
1408 1235 1580 1283 discen-

288 1324 383 1367 tes,
421 1308 608 1356 affeftati
641 1308 771 1371 regni
807 1307 885 1354 vel
921 1308 1083 1354 artium
1119 1308 1413 1356 nefandarum
1451 1309 1578 1357 calu·

288 1383 433 1433 mnias
468 1381 724 1429 insontibus
753 1381 1003 1445 affigebant.
1036 1381 1236 1428 Eminuit
1273 1396 1422 1430 autem
1459 1384 1578 1431 inter

286 1455 472 1504 humilia
487 1491 500 1512 ,
522 1453 790 1518 supergressa
812 1453 902 1514 jam
924 1454 1128 1518 potentia
1146 1452 1256 1502 fines
1277 1455 1578 1504 mediocrium

263 1539 269 1544 ‘
287 1530 552 1578 delifitorum
568 1563 582 1585 ‚
600 1526 788 1574 nefanda
804 1526 1012 1574 Clematii
1028 1525 1260 1588 cujusdam
1282 1527 1577 1576 Alexandrini

286 1601 455 1650 nobilis
478 1615 601 1646 mors
626 1600 889 1662 repentina:
918 1598 1044 1661 cujus
1077 1598 1230 1646 socrus
1263 1617 1366 1647 cum
1399 1600 1576 1650 misceri

284 1677 367 1733 fibi
387 1691 626 1740 generum,
648 1674 839 1738 flagrans
859 1673 952 1737 ejus
972 1689 1156 1731 amore,
1175 1691 1270 1721 non
1289 1674 1576 1738 impetraret,

284 1762 337 1797 ut
364 1748 612 1805 ferebatur,
634 1763 712 1809 per
740 1747 889 1827 palatii
912 1746 1267 1819 pteudothyrum
1295 1747 1576 1809 introduEta,
1602 1754 1626 1817 25¹,

285 1822 446 1869 oblato
470 1819 671 1883 pretioso
691 1836 784 1882 reg:
791 1837 859 1890 nae
882 1810 1043 1869 monili
1065 1819 1109 1866 id
1129 1819 1320 1866 affecuta
1342 1819 1430 1879 est,
1450 1832 1500 1867 ut
1517 1821 1626 1868 ad

282 1895 602 1950 Honoratum,
620 1904 716 1938 tum
734 1895 770 1930 s
740 1893 962 1940 omitem
983 1893 1213 1950 Orientis,
1233 1891 1427 1941 formula
1448 1895 1574 1943 miffa
1596 1891 1626 1971 ᾗ

282 1968 435 2025 letali,
457 1967 598 2013 homo
626 1964 788 2013 scelere
817 1965 944 2012 nullo
976 1965 1209 2012 comasius
1241 1966 1356 2013 idem
1387 1968 1572 2014 Clema-
1600 1973 1622 2030 ’·’3’

282 2045 372 2090 tius
388 2079 402 2100 ,
423 2057 506 2088 nec
530 2039 698 2087 hiscere
720 2056 803 2086 nec
829 2039 957 2104 loqui
980 2039 1208 2103 permissus
1225 2076 1238 2097 ,
1267 2041 1571 2101 occideretur.
1592 2098 1621 2111 9

267 2116 388 2175 Ι13011
410 2114 531 2163 hoc
522 2114 660 2178 impie
689 2127 1019 2177 perpetratum,
1041 2112 1201 2178 quod
1191 2131 1238 2158 m
1258 2113 1354 2160 aliis
1384 2129 1597 2177 quoque
1608 2127 1617 2179 ζ,

271 2179 368 2253 ⁴jam
391 2188 654 2245 timebatur,
672 2200 880 2250 tanquam
900 2187 1080 2234 licentia
1102 2187 1355 2234 crudelitati
1372 2187 1608 2268 indulta,
1601 2221 1617 2244 ,

278 2278 360 2326 per
381 2261 681 2324 suspicionum
704 2259 886 2306 nebulas
906 2259 1102 2307 aestimati
1124 2260 1305 2323 quidam
1333 2260 1462 2306 noxii
1485 2261 1566 2307 da-
1599 2310 1615 2336 ,9

279 2335 579 2382 mnabantur:
602 2350 795 2396 quorum
821 2350 920 2394 pars
944 2333 1116 2391 necati,
1136 2333 1211 2380 alii
1239 2333 1383 2395 puniti
1412 2335 1568 2381 bono·-
1591 2339 1607 2353 ’

278 2423 380 2453 rum
421 2405 952 2468 111111613110116,3ἑ1111110
991 2371 1155 2452 laribiis
1200 2405 1284 2452 suis
1330 2418 1602 2465 extorres,

278 2480 407 2528 nullo
437 2478 514 2526 sibi
537 2477 692 2526 reliClo
717 2491 879 2542 praeter
899 2477 1100 2543 querelas
1121 2479 1168 2528 ὅ(
1199 2478 1428 2539 lacrimas,
1458 2479 1565 2544 stipe
