1626 2917
203 111 263 171 76
424 95 1271 158 'AMMIANI'MARCELLINt

200 214 283 260 bus
304 211 422 276 (nec
447 214 566 259 enim
587 215 775 260 audebat
801 214 1032 278 quisquam
1053 217 1261 281 refragari
1279 216 1300 280 )
1325 221 1480 281 Augu:

200 286 312 331 stum
331 287 669 348 pronuntiavit:
684 288 935 350 decoreque
950 288 1225 352 imperatorii
1245 293 1388 339 cultus
1405 308 1480 337 or-

200 372 353 405 natum
367 396 378 415 ‚
394 361 656 422 &tempora
680 361 925 408 diademate
945 363 1198 410 redimitum
1217 401 1228 420 ,
1249 366 1294 411 in
1316 365 1481 411 eodem

199 433 415 480 vehiculo
441 434 586 481 secum
605 435 813 482 reduxit:
834 436 1095 499 participem
1123 438 1301 500 quidem
1330 436 1481 501 legiti-

199 522 322 553 mum
360 507 615 569 potestatis,
635 508 707 555 sed
737 509 784 554 in
816 509 1004 556 modum
1035 511 1302 573 apparitoris
1338 510 1479 557 mori-

197 596 352 643 gerum
370 616 384 639 9
408 593 458 627 ut
488 581 780 644 progrediens
816 583 984 644 aperiet
1017 597 1183 631 textus*
1206 585 1384 644 Quibus
1418 584 1481 629 ita

197 652 329 699 nullo
358 653 679 702 interturbante
705 655 936 717 perfeffis,
967 657 1194 704 constriffi
1221 658 1384 719 rapidis
1415 656 1483 702 fe·

197 725 351 771 bribus
374 728 668 789 Imperatores
689 729 821 774 ambo
851 729 927 775 diu
948 766 962 786 ‚
986 729 1060 791 spe
1080 730 1267 778 vivendi
1286 728 1454 776 firmata
1465 764 1486 791 ‚.

198 809 248 844 ut
268 812 392 845 erant
412 799 457 845 in
481 799 761 862 inquirendis
779 802 1038 863 gnaviores,
1060 819 1192 865 quam
1213 802 1259 847 in
1287 818 1482 863 compo-

199 873 390 929 nendis,
429 873 643 936 suspefias
675 876 941 920 morborum
976 875 1122 922 causas
1157 874 1488 938 investigandas¹

199 944 413 992 acerrime
435 946 614 993 Ursatio
633 947 888 993 officiorum
908 948 1115 1010 magistro
1135 947 1358 996 Delmatae
1378 963 1481 993 cru-

200 1016 261 1062 do
281 1048 295 1071 ‚
316 1018 366 1064 &
402 1018 614 1064 Juventio
640 1017 842 1064 Sisciano
870 1020 1081 1081 quaestori
1113 1032 1220 1066 tunc
1243 1017 1482 1066 commise-

198 1103 307 1135 runt
346 1107 356 1134 :
395 1102 444 1135 ut
479 1089 751 1152 loquebatur
788 1090 991 1151 pertinax
1033 1107 1220 1148 rumor,
1258 1090 1477 1137 invidiam

201 1162 367 1209 cientes
389 1161 551 1209 Juliani
571 1163 802 1208 memoriae
822 1163 1037 1226 principis
1057 1199 1070 1222 ‚
1093 1165 1331 1227 amicisque
1350 1163 1443 1226 ejus
1464 1200 1482 1221 ,

199 1247 411 1297 tanquam
439 1235 721 1283 clandestinis
749 1236 978 1298 praestigiis
1011 1237 1111 1283 laesi.
1142 1238 1226 1283 Sed
1251 1238 1341 1284 hoc
1369 1255 1482 1284 eva·

200 1308 299 1355 nuit
325 1307 453 1354 facile
473 1343 487 1364 ,
506 1324 562 1354 ne
590 1309 734 1356 verbo
761 1308 941 1371 quidem
974 1324 1102 1356 tenus
1131 1309 1386 1356 insidiarum
1408 1311 1483 1356 in-

200 1381 323 1428 dicio
345 1381 442 1427 ullo
465 1394 659 1443 reperto-
686 1383 789 1430 Hoc
815 1394 1021 1444 tempore
1042 1384 1169 1429 velut
1190 1400 1267 1445 per
1296 1384 1484 1430 univer-

199 1457 296 1505 sum
329 1457 486 1504 orbem
518 1458 775 1504 Romanum
807 1458 1014 1505 bellicum
1046 1459 1306 1505 canentibus
1333 1459 1484 1506 bucci-

147 1521 150 1524 ”
201 1529 270 1576 nis
289 1525 493 1585 ‚excitae
524 1542 676 1593 gentes
703 1529 946 1575 saeviffimae
966 1530 1129 1576 limites
1147 1530 1227 1576 fibi
1246 1531 1489 1592 proximos

200 1601 515 1666 persultabant.
537 1602 706 1648 Gallias
728 1602 981 1664 Raetiasque
1000 1602 1127 1648 simul
1147 1603 1382 1649 Alamanni
1401 1619 1486 1665 po·

199 1674 500 1737 pulabantur3
527 1675 737 1720 Sarmatae
773 1673 1023 1720 Pannonias
1047 1676 1096 1721 &
1120 1675 1305 1734 Quadi;
1340 1675 1449 1721 Pieri
1467 1710 1484 1733 ,

200 1748 486 1812 Saxonesque
518 1750 568 1796 δε
599 1748 770 1806 Scotti,
796 1751 842 1794 ὅ(
863 1747 1064 1795 Atacotti
1090 1748 1327 1794 Britannos
1366 1766 1482 1795 aeru-

201 1823 318 1870 mnis
346 1838 572 1869 vexavere
600 1821 828 1869 continuis
850 1839 863 1877 ;
884 1821 1142 1869 Austoriani
1176 1823 1484 1886 Mauricaeque

201 1895 299 1942 aliae
321 1908 471 1956 gentes
490 1893 691 1942 Africam
712 1893 847 1940 solito
863 1894 1005 1941 acrius
1023 1893 1325 1948 incursabant3
1350 1894 1486 1942 Thra-

201 1967 289 2016 cias
310 1970 358 2014 &
377 1968 642 2030 diripiebant
661 1967 917 2028 praedatorii
936 1966 1060 2030 globi
1080 1966 1357 2013 Gothorum.
1380 1968 1485 2012 Per-

202 2041 344 2087 sarum
363 2057 440 2087 rex
473 2058 632 2087 manus
651 2040 877 2088 Armeniis
908 2039 1169 2102 injefilabat,
1187 2056 1265 2085 eos
1288 2041 1343 2086 ad
1362 2042 1484 2086 suam

202 2112 421 2160 ditionem
451 2129 505 2159 ex
537 2113 714 2176 integro
749 2129 918 2159 vocare
955 2113 1000 2160 vi
1032 2112 1168 2158 nimia
1198 2129 1443 2174 properans
1466 2148 1481 2170 ‚

201 2185 275 2232 sed
295 2184 479 2246 injuste3
503 2185 725 2232 causando
741 2221 755 2244 ‚
777 2187 905 2250 quod
923 2185 1022 2248 post
1041 2185 1223 2233 Joviani
1241 2186 1482 2244 excessum,

201 2277 308 2307 cum
337 2275 432 2322 quo
466 2259 639 2306 foedera
671 2258 866 2306 firmarat
894 2261 943 2307 &
973 2275 1154 2321 pacem,
1177 2258 1290 2304 nibil
1309 2258 1482 2305 obstare

203 2333 382 2380 debebit
398 2368 415 2391 ,
442 2349 536 2396 quo
566 2333 712 2379 minus
743 2349 794 2379 ea
828 2345 1139 2394 recuperaret,
1162 2349 1260 2396 quae
1278 2343 1407 2380 antea
1427 2331 1488 2381 ad..

203 2405 394 2469 majores
421 2406 526 2454 suos?
551 2407 808 2470 pertinuisse
837 2407 1126 2457 monstrabat.
