<?xml version="1.0" encoding="UTF-8"?>
<!DOCTYPE html PUBLIC "-//W3C//DTD XHTML 1.0 Transitional//EN"
    "http://www.w3.org/TR/xhtml1/DTD/xhtml1-transitional.dtd">
<html xmlns="http://www.w3.org/1999/xhtml" xml:lang="en" lang="en">
 <head>
  <title>
</title>
<meta http-equiv="Content-Type" content="text/html;charset=utf-8" />
  <meta name='ocr-system' content='tesseract 3.04.00' />
  <meta name='ocr-capabilities' content='ocr_page ocr_carea ocr_par ocr_line ocrx_word'/>
</head>
<body>
  <div class='ocr_page' id='page_1' title='image "./rerumgestarumqui00ammiuoft_0108.png"; bbox 0 0 1626 2917; ppageno 0'>
   <div class='ocr_carea' id='block_1_1' title="bbox 197 155 1265 214">
    <p class='ocr_par' dir='ltr' id='par_1_1' title="bbox 197 155 1265 214">
     <span class='ocr_line' id='line_1_1' title="bbox 197 155 1265 214; baseline 0.005 -12"><span class='ocrx_word' id='word_1_1' title='bbox 197 173 251 214; x_wconf 80' lang='lat'>50</span> <span class='ocrx_word' id='word_1_2' title='bbox 401 155 743 202; x_wconf 72' lang='lat' dir='ltr'><strong>AMMIANI</strong></span> <span class='ocrx_word' id='word_1_3' title='bbox 791 157 1265 207; x_wconf 79' lang='lat' dir='ltr'>MARCELLINI</span> 
     </span>
    </p>
   </div>
   <div class='ocr_carea' id='block_1_2' title="bbox 169 261 1470 2523">
    <p class='ocr_par' dir='ltr' id='par_1_2' title="bbox 169 261 1470 2523">
     <span class='ocr_line' id='line_1_2' title="bbox 189 261 1470 330; baseline 0.005 -21"><span class='ocrx_word' id='word_1_4' title='bbox 189 262 367 310; x_wconf 85' lang='lat' dir='ltr'>Paullus</span> <span class='ocrx_word' id='word_1_5' title='bbox 390 265 438 310; x_wconf 67' lang='grc' dir='ltr'>ὃ(</span> <span class='ocrx_word' id='word_1_6' title='bbox 458 261 708 323; x_wconf 77' lang='lat' dir='ltr'>Mercurius</span> <span class='ocrx_word' id='word_1_7' title='bbox 726 262 983 310; x_wconf 78' lang='lat' dir='ltr'>eminebant</span> <span class='ocrx_word' id='word_1_8' title='bbox 1004 283 1014 311; x_wconf 75' lang='grc' dir='ltr'>ε</span> <span class='ocrx_word' id='word_1_9' title='bbox 1033 265 1104 313; x_wconf 77' lang='lat' dir='ltr'>hie</span> <span class='ocrx_word' id='word_1_10' title='bbox 1125 266 1302 330; x_wconf 81' lang='lat' dir='ltr'>origine</span> <span class='ocrx_word' id='word_1_11' title='bbox 1321 267 1470 327; x_wconf 82' lang='lat' dir='ltr'>Persa,</span> 
     </span>
     <span class='ocr_line' id='line_1_3' title="bbox 189 334 1469 393; baseline 0.005 -12"><span class='ocrx_word' id='word_1_12' title='bbox 189 336 265 382; x_wconf 86' lang='lat' dir='ltr'>ille</span> <span class='ocrx_word' id='word_1_13' title='bbox 302 348 425 382; x_wconf 87' lang='lat' dir='ltr'>natus</span> <span class='ocrx_word' id='word_1_14' title='bbox 445 336 490 381; x_wconf 90' lang='lat' dir='ltr'>in</span> <span class='ocrx_word' id='word_1_15' title='bbox 516 334 661 382; x_wconf 81' lang='lat' dir='ltr'>Dacia</span> <span class='ocrx_word' id='word_1_16' title='bbox 684 351 694 379; x_wconf 95' lang='lat'><strong>:</strong></span> <span class='ocrx_word' id='word_1_17' title='bbox 718 336 918 383; x_wconf 87' lang='lat' dir='ltr'>notarius</span> <span class='ocrx_word' id='word_1_18' title='bbox 951 337 1047 393; x_wconf 88' lang='lat' dir='ltr'>ille,</span> <span class='ocrx_word' id='word_1_19' title='bbox 1072 338 1145 386; x_wconf 84' lang='lat' dir='ltr'>hic</span> <span class='ocrx_word' id='word_1_20' title='bbox 1180 357 1235 386; x_wconf 84' lang='lat' dir='ltr'>ex</span> <span class='ocrx_word' id='word_1_21' title='bbox 1265 340 1469 388; x_wconf 82' lang='lat' dir='ltr'>ministro</span> 
     </span>
     <span class='ocr_line' id='line_1_4' title="bbox 185 408 1469 475; baseline 0.005 -19"><span class='ocrx_word' id='word_1_22' title='bbox 185 409 372 457; x_wconf 68' lang='lat' dir='ltr'>triclinii</span> <span class='ocrx_word' id='word_1_23' title='bbox 401 408 647 456; x_wconf 82' lang='lat' dir='ltr'>rationalis.</span> <span class='ocrx_word' id='word_1_24' title='bbox 683 411 735 455; x_wconf 84' lang='lat' dir='ltr'>Et</span> <span class='ocrx_word' id='word_1_25' title='bbox 762 411 916 458; x_wconf 84' lang='lat' dir='ltr'>Paullo</span> <span class='ocrx_word' id='word_1_26' title='bbox 949 412 1134 475; x_wconf 85' lang='lat' dir='ltr'>quidem</span> <span class='ocrx_word' id='word_1_27' title='bbox 1154 449 1168 471; x_wconf 92' lang='lat'>‚</span> <span class='ocrx_word' id='word_1_28' title='bbox 1200 426 1248 460; x_wconf 94' lang='lat' dir='ltr'>ut</span> <span class='ocrx_word' id='word_1_29' title='bbox 1281 416 1469 463; x_wconf 86' lang='lat' dir='ltr'>relatum</span> 
     </span>
     <span class='ocr_line' id='line_1_5' title="bbox 186 481 1470 549; baseline 0.007 -21"><span class='ocrx_word' id='word_1_30' title='bbox 186 482 250 529; x_wconf 86' lang='lat' dir='ltr'>est</span> <span class='ocrx_word' id='word_1_31' title='bbox 282 482 435 544; x_wconf 86' lang='lat' dir='ltr'>supra,</span> <span class='ocrx_word' id='word_1_32' title='bbox 471 482 655 528; x_wconf 83' lang='lat' dir='ltr'>Catenae</span> <span class='ocrx_word' id='word_1_33' title='bbox 691 481 882 530; x_wconf 88' lang='lat' dir='ltr'>inditum</span> <span class='ocrx_word' id='word_1_34' title='bbox 911 483 972 531; x_wconf 83' lang='lat' dir='ltr'>est</span> <span class='ocrx_word' id='word_1_35' title='bbox 1003 501 1382 549; x_wconf 81' lang='lat' dir='ltr'>cognomentum,</span> <span class='ocrx_word' id='word_1_36' title='bbox 1412 506 1470 537; x_wconf 88' lang='lat' dir='ltr'>eo</span> 
     </span>
     <span class='ocr_line' id='line_1_6' title="bbox 186 556 1470 620; baseline 0.005 -17"><span class='ocrx_word' id='word_1_37' title='bbox 186 558 314 620; x_wconf 82' lang='lat' dir='ltr'>quod</span> <span class='ocrx_word' id='word_1_38' title='bbox 346 557 390 601; x_wconf 84' lang='lat' dir='ltr'>in</span> <span class='ocrx_word' id='word_1_39' title='bbox 425 556 753 619; x_wconf 78' lang='lat' dir='ltr'>complicandis</span> <span class='ocrx_word' id='word_1_40' title='bbox 787 558 1111 606; x_wconf 82' lang='lat' dir='ltr'>calumniarum</span> <span class='ocrx_word' id='word_1_41' title='bbox 1152 561 1340 608; x_wconf 81' lang='lat' dir='ltr'>nexibus</span> <span class='ocrx_word' id='word_1_42' title='bbox 1374 576 1470 609; x_wconf 83' lang='lat' dir='ltr'>erat</span> 
     </span>
     <span class='ocr_line' id='line_1_7' title="bbox 185 629 1470 699; baseline 0.005 -23"><span class='ocrx_word' id='word_1_43' title='bbox 185 629 527 683; x_wconf 80' lang='lat' dir='ltr'>indissolubilis,</span> <span class='ocrx_word' id='word_1_44' title='bbox 547 642 659 676; x_wconf 86' lang='lat' dir='ltr'>tetra</span> <span class='ocrx_word' id='word_1_45' title='bbox 684 646 861 676; x_wconf 87' lang='lat' dir='ltr'>venena</span> <span class='ocrx_word' id='word_1_46' title='bbox 881 629 1052 689; x_wconf 90' lang='lat' dir='ltr'>serens,</span> <span class='ocrx_word' id='word_1_47' title='bbox 1070 633 1281 697; x_wconf 90' lang='lat' dir='ltr'>varieque</span> <span class='ocrx_word' id='word_1_48' title='bbox 1301 636 1470 699; x_wconf 89' lang='lat' dir='ltr'>disper-</span> 
     </span>
     <span class='ocr_line' id='line_1_8' title="bbox 185 702 1469 772; baseline 0.006 -23"><span class='ocrx_word' id='word_1_49' title='bbox 185 705 323 761; x_wconf 66' lang='lat' dir='ltr'>dens,</span> <span class='ocrx_word' id='word_1_50' title='bbox 349 716 397 749; x_wconf 91' lang='lat' dir='ltr'>ut</span> <span class='ocrx_word' id='word_1_51' title='bbox 434 702 480 748; x_wconf 89' lang='lat' dir='ltr'>in</span> <span class='ocrx_word' id='word_1_52' title='bbox 515 703 912 751; x_wconf 64' lang='lat' dir='ltr'>colluRationibus</span> <span class='ocrx_word' id='word_1_53' title='bbox 949 705 1072 752; x_wconf 91' lang='lat' dir='ltr'>calce</span> <span class='ocrx_word' id='word_1_54' title='bbox 1103 718 1254 767; x_wconf 84' lang='lat' dir='ltr'>tenere</span> <span class='ocrx_word' id='word_1_55' title='bbox 1289 710 1469 772; x_wconf 87' lang='lat' dir='ltr'>quidam</span> 
     </span>
     <span class='ocr_line' id='line_1_9' title="bbox 184 773 1468 839; baseline 0.006 -17"><span class='ocrx_word' id='word_1_56' title='bbox 184 775 330 822; x_wconf 83' lang='lat' dir='ltr'>solent</span> <span class='ocrx_word' id='word_1_57' title='bbox 367 773 555 822; x_wconf 84' lang='lat' dir='ltr'>artifices</span> <span class='ocrx_word' id='word_1_58' title='bbox 591 776 853 839; x_wconf 83' lang='lat' dir='ltr'>palaestritae.</span> <span class='ocrx_word' id='word_1_59' title='bbox 899 779 1153 827; x_wconf 86' lang='lat' dir='ltr'>Mercurius</span> <span class='ocrx_word' id='word_1_60' title='bbox 1187 780 1468 830; x_wconf 87' lang='lat' dir='ltr'>somniorum</span> 
     </span>
     <span class='ocr_line' id='line_1_10' title="bbox 183 850 1470 916; baseline 0.005 -20"><span class='ocrx_word' id='word_1_61' title='bbox 183 850 432 914; x_wconf 82' lang='lat' dir='ltr'>appellatus</span> <span class='ocrx_word' id='word_1_62' title='bbox 465 851 662 908; x_wconf 89' lang='lat' dir='ltr'>Comes,</span> <span class='ocrx_word' id='word_1_63' title='bbox 695 851 820 915; x_wconf 90' lang='lat' dir='ltr'>quod</span> <span class='ocrx_word' id='word_1_64' title='bbox 856 865 905 898; x_wconf 91' lang='lat' dir='ltr'>ut</span> <span class='ocrx_word' id='word_1_65' title='bbox 943 853 1057 900; x_wconf 87' lang='lat' dir='ltr'>clam</span> <span class='ocrx_word' id='word_1_66' title='bbox 1093 855 1279 902; x_wconf 83' lang='lat' dir='ltr'>mordax</span> <span class='ocrx_word' id='word_1_67' title='bbox 1314 857 1470 916; x_wconf 90' lang='lat' dir='ltr'>canis,</span> 
     </span>
     <span class='ocr_line' id='line_1_11' title="bbox 183 922 1468 991; baseline 0.005 -21"><span class='ocrx_word' id='word_1_68' title='bbox 183 923 366 987; x_wconf 80' lang='lat' dir='ltr'>interno</span> <span class='ocrx_word' id='word_1_69' title='bbox 384 923 501 971; x_wconf 89' lang='lat' dir='ltr'>vitio</span> <span class='ocrx_word' id='word_1_70' title='bbox 520 922 774 982; x_wconf 66' lang='lat' dir='ltr'>submissus,</span> <span class='ocrx_word' id='word_1_71' title='bbox 791 925 959 989; x_wconf 82' lang='lat' dir='ltr'>agitans</span> <span class='ocrx_word' id='word_1_72' title='bbox 978 927 1188 984; x_wconf 89' lang='lat' dir='ltr'>caudam,</span> <span class='ocrx_word' id='word_1_73' title='bbox 1212 929 1354 991; x_wconf 88' lang='lat' dir='ltr'>epulis</span> <span class='ocrx_word' id='word_1_74' title='bbox 1372 947 1468 977; x_wconf 88' lang='lat' dir='ltr'>coe-</span> 
     </span>
     <span class='ocr_line' id='line_1_12' title="bbox 182 996 1468 1067; baseline 0.005 -23"><span class='ocrx_word' id='word_1_75' title='bbox 182 996 391 1060; x_wconf 81' lang='lat' dir='ltr'>tibusque</span> <span class='ocrx_word' id='word_1_76' title='bbox 422 997 463 1044; x_wconf 88' lang='lat' dir='ltr'>se</span> <span class='ocrx_word' id='word_1_77' title='bbox 495 999 662 1045; x_wconf 80' lang='lat' dir='ltr'>crebris</span> <span class='ocrx_word' id='word_1_78' title='bbox 690 999 912 1051; x_wconf 78' lang='lat' dir='ltr'>inserens,</span> <span class='ocrx_word' id='word_1_79' title='bbox 943 1000 972 1046; x_wconf 78' lang='lat' dir='ltr'>si</span> <span class='ocrx_word' id='word_1_80' title='bbox 1007 1017 1087 1063; x_wconf 87' lang='lat' dir='ltr'>per</span> <span class='ocrx_word' id='word_1_81' title='bbox 1113 1001 1308 1064; x_wconf 83' lang='lat' dir='ltr'>quietem</span> <span class='ocrx_word' id='word_1_82' title='bbox 1345 1004 1468 1067; x_wconf 82' lang='lat' dir='ltr'>quis-</span> 
     </span>
     <span class='ocr_line' id='line_1_13' title="bbox 183 1069 1468 1139; baseline 0.004 -21"><span class='ocrx_word' id='word_1_83' title='bbox 183 1089 352 1135; x_wconf 83' lang='lat' dir='ltr'>quam,</span> <span class='ocrx_word' id='word_1_84' title='bbox 387 1070 463 1116; x_wconf 92' lang='lat' dir='ltr'>ubi</span> <span class='ocrx_word' id='word_1_85' title='bbox 502 1069 639 1117; x_wconf 81' lang='lat' dir='ltr'>fufius</span> <span class='ocrx_word' id='word_1_86' title='bbox 676 1086 829 1117; x_wconf 89' lang='lat' dir='ltr'>natura</span> <span class='ocrx_word' id='word_1_87' title='bbox 863 1084 1079 1135; x_wconf 84' lang='lat' dir='ltr'>vagatur,</span> <span class='ocrx_word' id='word_1_88' title='bbox 1110 1074 1262 1120; x_wconf 71' lang='lat' dir='ltr'>vidisse</span> <span class='ocrx_word' id='word_1_89' title='bbox 1297 1076 1468 1139; x_wconf 87' lang='lat' dir='ltr'>aliquid</span> 
     </span>
     <span class='ocr_line' id='line_1_14' title="bbox 183 1143 1467 1201; baseline 0.002 -9"><span class='ocrx_word' id='word_1_90' title='bbox 183 1145 334 1192; x_wconf 86' lang='lat' dir='ltr'>amico</span> <span class='ocrx_word' id='word_1_91' title='bbox 367 1143 602 1201; x_wconf 73' lang='lat' dir='ltr'>narrasset,</span> <span class='ocrx_word' id='word_1_92' title='bbox 632 1144 677 1190; x_wconf 85' lang='lat' dir='ltr'>id</span> <span class='ocrx_word' id='word_1_93' title='bbox 701 1144 933 1190; x_wconf 84' lang='lat' dir='ltr'>venenatis</span> <span class='ocrx_word' id='word_1_94' title='bbox 953 1145 1123 1191; x_wconf 90' lang='lat' dir='ltr'>artibus</span> <span class='ocrx_word' id='word_1_95' title='bbox 1145 1146 1398 1193; x_wconf 85' lang='lat' dir='ltr'>coloratum</span> <span class='ocrx_word' id='word_1_96' title='bbox 1419 1149 1467 1195; x_wconf 89' lang='lat' dir='ltr'>in</span> 
     </span>
     <span class='ocr_line' id='line_1_15' title="bbox 181 1217 1468 1282; baseline 0.003 -17"><span class='ocrx_word' id='word_1_97' title='bbox 181 1218 311 1282; x_wconf 85' lang='lat' dir='ltr'>pejus</span> <span class='ocrx_word' id='word_1_98' title='bbox 326 1254 339 1276; x_wconf 88' lang='lat'>‚</span> <span class='ocrx_word' id='word_1_99' title='bbox 360 1217 519 1280; x_wconf 85' lang='lat' dir='ltr'>patulis</span> <span class='ocrx_word' id='word_1_100' title='bbox 537 1217 818 1279; x_wconf 84' lang='lat' dir='ltr'>imperatoris</span> <span class='ocrx_word' id='word_1_101' title='bbox 833 1217 1012 1264; x_wconf 87' lang='lat' dir='ltr'>auribus</span> <span class='ocrx_word' id='word_1_102' title='bbox 1028 1217 1312 1267; x_wconf 84' lang='lat' dir='ltr'>infundebat:</span> <span class='ocrx_word' id='word_1_103' title='bbox 1333 1223 1383 1268; x_wconf 89' lang='lat'>&amp;</span> <span class='ocrx_word' id='word_1_104' title='bbox 1403 1223 1468 1269; x_wconf 91' lang='lat' dir='ltr'>ob</span> 
     </span>
     <span class='ocr_line' id='line_1_16' title="bbox 181 1289 1466 1357; baseline 0.002 -19"><span class='ocrx_word' id='word_1_105' title='bbox 181 1293 273 1338; x_wconf 85' lang='lat' dir='ltr'>hoc</span> <span class='ocrx_word' id='word_1_106' title='bbox 309 1291 452 1336; x_wconf 90' lang='lat' dir='ltr'>homo</span> <span class='ocrx_word' id='word_1_107' title='bbox 485 1301 696 1352; x_wconf 89' lang='lat' dir='ltr'>tanquam</span> <span class='ocrx_word' id='word_1_108' title='bbox 729 1289 992 1352; x_wconf 82' lang='lat' dir='ltr'>inexpiabili</span> <span class='ocrx_word' id='word_1_109' title='bbox 1028 1291 1258 1338; x_wconf 72' lang='lat' dir='ltr'>obnoxius</span> <span class='ocrx_word' id='word_1_110' title='bbox 1290 1294 1466 1357; x_wconf 82' lang='lat' dir='ltr'>culpae,</span> 
     </span>
     <span class='ocr_line' id='line_1_17' title="bbox 180 1361 1466 1428; baseline 0.005 -20"><span class='ocrx_word' id='word_1_111' title='bbox 180 1363 311 1427; x_wconf 78' lang='lat' dir='ltr'>gravi</span> <span class='ocrx_word' id='word_1_112' title='bbox 341 1362 463 1408; x_wconf 89' lang='lat' dir='ltr'>mole</span> <span class='ocrx_word' id='word_1_113' title='bbox 485 1361 683 1409; x_wconf 87' lang='lat' dir='ltr'>criminis</span> <span class='ocrx_word' id='word_1_114' title='bbox 705 1361 971 1424; x_wconf 87' lang='lat' dir='ltr'>pulsabatur.</span> <span class='ocrx_word' id='word_1_115' title='bbox 1003 1362 1114 1409; x_wconf 83' lang='lat' dir='ltr'>Haec</span> <span class='ocrx_word' id='word_1_116' title='bbox 1139 1380 1330 1428; x_wconf 87' lang='lat' dir='ltr'>augente</span> <span class='ocrx_word' id='word_1_117' title='bbox 1358 1368 1466 1414; x_wconf 84' lang='lat' dir='ltr'>vul-</span> 
     </span>
     <span class='ocr_line' id='line_1_18' title="bbox 179 1435 1464 1503; baseline 0.003 -20"><span class='ocrx_word' id='word_1_118' title='bbox 179 1437 321 1501; x_wconf 69' lang='lat' dir='ltr'>gatius</span> <span class='ocrx_word' id='word_1_119' title='bbox 353 1435 496 1493; x_wconf 85' lang='lat' dir='ltr'>fama,</span> <span class='ocrx_word' id='word_1_120' title='bbox 517 1448 691 1482; x_wconf 88' lang='lat' dir='ltr'>tantum</span> <span class='ocrx_word' id='word_1_121' title='bbox 714 1436 889 1492; x_wconf 89' lang='lat' dir='ltr'>aberat,</span> <span class='ocrx_word' id='word_1_122' title='bbox 909 1447 959 1481; x_wconf 92' lang='lat' dir='ltr'>ut</span> <span class='ocrx_word' id='word_1_123' title='bbox 991 1436 1204 1498; x_wconf 84' lang='lat' dir='ltr'>proderet</span> <span class='ocrx_word' id='word_1_124' title='bbox 1231 1438 1464 1503; x_wconf 87' lang='lat' dir='ltr'>quisquam</span> 
     </span>
     <span class='ocr_line' id='line_1_19' title="bbox 177 1508 1464 1572; baseline 0.002 -15"><span class='ocrx_word' id='word_1_125' title='bbox 177 1510 271 1557; x_wconf 82' lang='lat' dir='ltr'>visa</span> <span class='ocrx_word' id='word_1_126' title='bbox 307 1510 555 1566; x_wconf 60' lang='lat' dir='ltr'>noelurna,</span> <span class='ocrx_word' id='word_1_127' title='bbox 588 1525 691 1556; x_wconf 90' lang='lat' dir='ltr'>cum</span> <span class='ocrx_word' id='word_1_128' title='bbox 727 1524 843 1572; x_wconf 83' lang='lat' dir='ltr'>aegre</span> <span class='ocrx_word' id='word_1_129' title='bbox 883 1508 1092 1556; x_wconf 87' lang='lat' dir='ltr'>homiues</span> <span class='ocrx_word' id='word_1_130' title='bbox 1132 1509 1341 1558; x_wconf 82' lang='lat' dir='ltr'>dormiffe</span> <span class='ocrx_word' id='word_1_131' title='bbox 1377 1512 1464 1559; x_wconf 81' lang='lat' dir='ltr'>sese</span> 
     </span>
     <span class='ocr_line' id='line_1_20' title="bbox 177 1581 1463 1644; baseline 0.004 -17"><span class='ocrx_word' id='word_1_132' title='bbox 177 1581 468 1644; x_wconf 74' lang='lat' dir='ltr'>praesentibus</span> <span class='ocrx_word' id='word_1_133' title='bbox 481 1581 724 1628; x_wconf 89' lang='lat' dir='ltr'>faterentur</span> <span class='ocrx_word' id='word_1_134' title='bbox 743 1581 962 1628; x_wconf 79' lang='lat' dir='ltr'>externis:</span> <span class='ocrx_word' id='word_1_135' title='bbox 983 1582 1324 1644; x_wconf 80' lang='lat' dir='ltr'>moerebantque</span> <span class='ocrx_word' id='word_1_136' title='bbox 1342 1583 1463 1632; x_wconf 75' lang='lat' dir='ltr'>doffi</span> 
     </span>
     <span class='ocr_line' id='line_1_21' title="bbox 176 1655 1460 1719; baseline 0.002 -17"><span class='ocrx_word' id='word_1_137' title='bbox 176 1655 388 1719; x_wconf 83' lang='lat' dir='ltr'>quidam,</span> <span class='ocrx_word' id='word_1_138' title='bbox 408 1656 536 1719; x_wconf 90' lang='lat' dir='ltr'>quod</span> <span class='ocrx_word' id='word_1_139' title='bbox 557 1657 674 1718; x_wconf 90' lang='lat' dir='ltr'>apud</span> <span class='ocrx_word' id='word_1_140' title='bbox 702 1656 936 1702; x_wconf 89' lang='lat' dir='ltr'>Atlanteos</span> <span class='ocrx_word' id='word_1_141' title='bbox 964 1655 1054 1702; x_wconf 88' lang='lat' dir='ltr'>nati</span> <span class='ocrx_word' id='word_1_142' title='bbox 1077 1672 1172 1701; x_wconf 89' lang='lat' dir='ltr'>non</span> <span class='ocrx_word' id='word_1_143' title='bbox 1197 1655 1361 1714; x_wconf 80' lang='lat' dir='ltr'>effent,</span> <span class='ocrx_word' id='word_1_144' title='bbox 1379 1656 1460 1704; x_wconf 84' lang='lat' dir='ltr'>ubi</span> 
     </span>
     <span class='ocr_line' id='line_1_22' title="bbox 176 1726 1459 1789; baseline 0.002 -17"><span class='ocrx_word' id='word_1_145' title='bbox 176 1740 488 1774; x_wconf 84' lang='lat' dir='ltr'>memorantur</span> <span class='ocrx_word' id='word_1_146' title='bbox 516 1726 686 1774; x_wconf 89' lang='lat' dir='ltr'>somnia</span> <span class='ocrx_word' id='word_1_147' title='bbox 721 1744 816 1774; x_wconf 89' lang='lat' dir='ltr'>non</span> <span class='ocrx_word' id='word_1_148' title='bbox 843 1727 984 1773; x_wconf 90' lang='lat' dir='ltr'>videri</span> <span class='ocrx_word' id='word_1_149' title='bbox 1007 1741 1018 1770; x_wconf 74' lang='grc' dir='ltr'>ε</span> <span class='ocrx_word' id='word_1_150' title='bbox 1050 1726 1174 1789; x_wconf 89' lang='lat' dir='ltr'>quod</span> <span class='ocrx_word' id='word_1_151' title='bbox 1200 1727 1318 1773; x_wconf 85' lang='lat' dir='ltr'>unde</span> <span class='ocrx_word' id='word_1_152' title='bbox 1345 1744 1459 1774; x_wconf 89' lang='lat' dir='ltr'>eve-</span> 
     </span>
     <span class='ocr_line' id='line_1_23' title="bbox 175 1800 1456 1864; baseline 0.002 -17"><span class='ocrx_word' id='word_1_153' title='bbox 175 1801 297 1858; x_wconf 86' lang='lat' dir='ltr'>niat,</span> <span class='ocrx_word' id='word_1_154' title='bbox 332 1818 480 1848; x_wconf 84' lang='lat' dir='ltr'>rerum</span> <span class='ocrx_word' id='word_1_155' title='bbox 523 1800 818 1848; x_wconf 85' lang='lat' dir='ltr'>scientiffimis</span> <span class='ocrx_word' id='word_1_156' title='bbox 858 1801 1175 1864; x_wconf 76' lang='lat' dir='ltr'>relinquamuS.</span> <span class='ocrx_word' id='word_1_157' title='bbox 1225 1802 1344 1848; x_wconf 87' lang='lat' dir='ltr'>Inter</span> <span class='ocrx_word' id='word_1_158' title='bbox 1379 1802 1456 1849; x_wconf 85' lang='lat' dir='ltr'>has</span> 
     </span>
     <span class='ocr_line' id='line_1_24' title="bbox 175 1873 1455 1939; baseline 0.001 -20"><span class='ocrx_word' id='word_1_159' title='bbox 175 1874 474 1937; x_wconf 68' lang='lat' dir='ltr'>quaestionum</span> <span class='ocrx_word' id='word_1_160' title='bbox 502 1874 916 1937; x_wconf 88' lang='lat' dir='ltr'>suppliciorumque</span> <span class='ocrx_word' id='word_1_161' title='bbox 936 1873 1099 1936; x_wconf 84' lang='lat' dir='ltr'>species</span> <span class='ocrx_word' id='word_1_162' title='bbox 1117 1873 1256 1931; x_wconf 83' lang='lat' dir='ltr'>diras,</span> <span class='ocrx_word' id='word_1_163' title='bbox 1276 1874 1320 1919; x_wconf 90' lang='lat' dir='ltr'>in</span> <span class='ocrx_word' id='word_1_164' title='bbox 1343 1875 1455 1939; x_wconf 89' lang='lat' dir='ltr'>llly-</span> 
     </span>
     <span class='ocr_line' id='line_1_25' title="bbox 175 1945 1457 2007; baseline 0.002 -16"><span class='ocrx_word' id='word_1_165' title='bbox 175 1946 274 1992; x_wconf 91' lang='lat' dir='ltr'>rico</span> <span class='ocrx_word' id='word_1_166' title='bbox 296 1945 503 1992; x_wconf 84' lang='lat' dir='ltr'>exoritur</span> <span class='ocrx_word' id='word_1_167' title='bbox 529 1946 613 1992; x_wconf 88' lang='lat' dir='ltr'>alia</span> <span class='ocrx_word' id='word_1_168' title='bbox 636 1946 780 1993; x_wconf 85' lang='lat' dir='ltr'>clades</span> <span class='ocrx_word' id='word_1_169' title='bbox 795 1982 807 2002; x_wconf 90' lang='lat'>,</span> <span class='ocrx_word' id='word_1_170' title='bbox 826 1946 880 1992; x_wconf 90' lang='lat' dir='ltr'>ad</span> <span class='ocrx_word' id='word_1_171' title='bbox 911 1945 1155 1992; x_wconf 89' lang='lat' dir='ltr'>multorum</span> <span class='ocrx_word' id='word_1_172' title='bbox 1183 1946 1380 2007; x_wconf 86' lang='lat' dir='ltr'>pericula</span> <span class='ocrx_word' id='word_1_173' title='bbox 1399 1964 1457 1994; x_wconf 82' lang='lat' dir='ltr'>ex</span> 
     </span>
     <span class='ocr_line' id='line_1_26' title="bbox 173 2018 1455 2082; baseline 0.002 -18"><span class='ocrx_word' id='word_1_174' title='bbox 173 2018 424 2065; x_wconf 89' lang='lat' dir='ltr'>verborum</span> <span class='ocrx_word' id='word_1_175' title='bbox 446 2018 657 2065; x_wconf 86' lang='lat' dir='ltr'>inanitate</span> <span class='ocrx_word' id='word_1_176' title='bbox 677 2018 913 2082; x_wconf 81' lang='lat' dir='ltr'>progreffa.</span> <span class='ocrx_word' id='word_1_177' title='bbox 936 2021 981 2064; x_wconf 90' lang='lat' dir='ltr'>ln</span> <span class='ocrx_word' id='word_1_178' title='bbox 1003 2018 1227 2065; x_wconf 83' lang='lat' dir='ltr'>convivio</span> <span class='ocrx_word' id='word_1_179' title='bbox 1251 2018 1455 2067; x_wconf 89' lang='lat' dir='ltr'>Africani</span> 
     </span>
     <span class='ocr_line' id='line_1_27' title="bbox 171 2089 1453 2153; baseline 0.002 -16"><span class='ocrx_word' id='word_1_180' title='bbox 171 2090 422 2137; x_wconf 85' lang='lat' dir='ltr'>Pannoniae</span> <span class='ocrx_word' id='word_1_181' title='bbox 449 2089 650 2137; x_wconf 86' lang='lat' dir='ltr'>secundae</span> <span class='ocrx_word' id='word_1_182' title='bbox 674 2090 886 2147; x_wconf 59' lang='lat' dir='ltr'>rectoris,</span> <span class='ocrx_word' id='word_1_183' title='bbox 908 2090 1026 2152; x_wconf 82' lang='lat' dir='ltr'>apud</span> <span class='ocrx_word' id='word_1_184' title='bbox 1043 2089 1251 2136; x_wconf 87' lang='lat' dir='ltr'>Sirmium</span> <span class='ocrx_word' id='word_1_185' title='bbox 1275 2092 1453 2153; x_wconf 87' lang='lat' dir='ltr'>poculis</span> 
     </span>
     <span class='ocr_line' id='line_1_28' title="bbox 172 2163 1454 2227; baseline 0.002 -17"><span class='ocrx_word' id='word_1_186' title='bbox 172 2163 468 2226; x_wconf 86' lang='lat' dir='ltr'>amplioribus</span> <span class='ocrx_word' id='word_1_187' title='bbox 486 2164 717 2210; x_wconf 57' lang='lat' dir='ltr'>madefacti</span> <span class='ocrx_word' id='word_1_188' title='bbox 738 2164 918 2227; x_wconf 89' lang='lat' dir='ltr'>quidam</span> <span class='ocrx_word' id='word_1_189' title='bbox 931 2199 944 2222; x_wconf 94' lang='lat'>,</span> <span class='ocrx_word' id='word_1_190' title='bbox 962 2163 1178 2210; x_wconf 83' lang='lat' dir='ltr'>arbitrum</span> <span class='ocrx_word' id='word_1_191' title='bbox 1193 2163 1333 2210; x_wconf 80' lang='lat' dir='ltr'>adeffe</span> <span class='ocrx_word' id='word_1_192' title='bbox 1353 2164 1454 2212; x_wconf 87' lang='lat' dir='ltr'>nul·</span> 
     </span>
     <span class='ocr_line' id='line_1_29' title="bbox 171 2235 1452 2298; baseline 0.002 -16"><span class='ocrx_word' id='word_1_193' title='bbox 171 2235 265 2282; x_wconf 86' lang='lat' dir='ltr'>lum</span> <span class='ocrx_word' id='word_1_194' title='bbox 308 2236 630 2294; x_wconf 80' lang='lat' dir='ltr'>existimantes,</span> <span class='ocrx_word' id='word_1_195' title='bbox 672 2236 858 2283; x_wconf 86' lang='lat' dir='ltr'>licenter</span> <span class='ocrx_word' id='word_1_196' title='bbox 893 2235 1130 2298; x_wconf 86' lang='lat' dir='ltr'>imperium</span> <span class='ocrx_word' id='word_1_197' title='bbox 1175 2237 1367 2298; x_wconf 66' lang='lat' dir='ltr'>praeiens</span> <span class='ocrx_word' id='word_1_198' title='bbox 1400 2250 1452 2284; x_wconf 92' lang='lat' dir='ltr'>ut</span> 
     </span>
     <span class='ocr_line' id='line_1_30' title="bbox 170 2308 1451 2373; baseline 0.003 -18"><span class='ocrx_word' id='word_1_199' title='bbox 170 2309 522 2356; x_wconf 68' lang='lat' dir='ltr'>molestissimum</span> <span class='ocrx_word' id='word_1_200' title='bbox 559 2309 850 2356; x_wconf 83' lang='lat' dir='ltr'>incusabant:</span> <span class='ocrx_word' id='word_1_201' title='bbox 881 2326 906 2357; x_wconf 92' lang='lat' dir='ltr'>e</span> <span class='ocrx_word' id='word_1_202' title='bbox 942 2308 1110 2373; x_wconf 42' lang='lat' dir='ltr'>quibus,</span> <span class='ocrx_word' id='word_1_203' title='bbox 1140 2310 1215 2356; x_wconf 84' lang='lat' dir='ltr'>alii</span> <span class='ocrx_word' id='word_1_204' title='bbox 1250 2322 1451 2373; x_wconf 80' lang='lat' dir='ltr'>optatam</span> 
     </span>
     <span class='ocr_line' id='line_1_31' title="bbox 169 2382 1469 2447; baseline -0.001 -19"><span class='ocrx_word' id='word_1_205' title='bbox 169 2382 543 2443; x_wconf 80' lang='lat' dir='ltr'>permutationem</span> <span class='ocrx_word' id='word_1_206' title='bbox 562 2395 815 2445; x_wconf 85' lang='lat' dir='ltr'>temporum</span> <span class='ocrx_word' id='word_1_207' title='bbox 834 2383 1100 2439; x_wconf 88' lang='lat' dir='ltr'>adventare,</span> <span class='ocrx_word' id='word_1_208' title='bbox 1123 2385 1266 2430; x_wconf 82' lang='lat' dir='ltr'>veluti</span> <span class='ocrx_word' id='word_1_209' title='bbox 1289 2401 1314 2430; x_wconf 90' lang='lat' dir='ltr'>e</span> <span class='ocrx_word' id='word_1_210' title='bbox 1333 2402 1469 2447; x_wconf 24' lang='lat' dir='ltr'>praa-1</span> 
     </span>
     <span class='ocr_line' id='line_1_32' title="bbox 170 2453 1450 2523; baseline 0.005 -24"><span class='ocrx_word' id='word_1_211' title='bbox 170 2453 296 2519; x_wconf 85' lang='lat' dir='ltr'>sagiis</span> <span class='ocrx_word' id='word_1_212' title='bbox 329 2456 637 2504; x_wconf 82' lang='lat' dir='ltr'>affirmabant:</span> <span class='ocrx_word' id='word_1_213' title='bbox 667 2456 877 2504; x_wconf 87' lang='lat' dir='ltr'>nonnulli</span> <span class='ocrx_word' id='word_1_214' title='bbox 903 2455 1127 2519; x_wconf 81' lang='lat' dir='ltr'>majorum</span> <span class='ocrx_word' id='word_1_215' title='bbox 1159 2457 1340 2523; x_wconf 82' lang='lat' dir='ltr'>auguria</span> <span class='ocrx_word' id='word_1_216' title='bbox 1370 2457 1450 2505; x_wconf 83' lang='lat' dir='ltr'>fibi</span> 
     </span>
    </p>
   </div>
  </div>
 </body>
</html>
