1626 2917
540 134 806 187 VITA.
1260 151 1316 185 X1

44 245 164 294 testis
194 245 426 304 oculatus,
456 247 558 295 talia
587 248 827 296 observare
855 247 905 294 &
932 246 1121 295 scribere
1151 247 1319 310 potuit.

109 313 209 359 Fuit
241 315 498 359 Ammianus
538 312 618 377 (ut
650 316 699 361 &
736 314 852 360 hanc
888 313 996 374 vitae
1033 312 1128 374 ejus
1163 313 1318 359 dotem

46 377 282 440 exsequar)
320 376 594 440 profeffione
628 378 902 426 Christianus
921 413 935 436 ‚
958 378 1038 424 nifi
1065 377 1225 435 fallor,
1244 389 1322 424 aut

44 442 196 489 saltem
224 442 377 490 animo
406 444 455 490 δε
481 456 599 490 voto
628 461 653 491 a
688 443 944 490 Christianis
989 459 1083 490 non
1121 443 1323 489 alienus:

45 507 101 554 de
130 508 294 573 quibus
323 507 574 555 honorifice
595 509 641 556 in
677 521 777 557 tota
801 508 995 556 Historia
1023 508 1200 572 sparfim
1222 507 1326 554 sen-⁶

45 572 122 628 tit,
139 577 188 621 &
208 573 384 629 scribit;
399 573 586 637 dataque
603 574 841 622 occasione
860 574 1002 622 libens
1019 591 1177 621 eorum
1197 590 1325 620 men-

46 638 220 685 tionem
249 638 502 697 interserit,
533 656 626 686 non
669 640 810 698 odio,
841 652 890 685 ut
918 639 1100 702 maligni
1133 639 1329 701 scripto·-

48 719 153 762 res‚
189 703 262 750 sed
298 705 350 751 ad
381 705 824 752 commendationem
865 705 1034 767 potius.
1069 706 1181 751 Nam
1222 720 1327 750 cum

47 768 150 833 lego
178 768 259 817 1ib.
288 771 436 816 XVIII
464 782 667 816 extremo
691 770 855 817 facf'cum
887 769 1066 832 Saporis
1100 770 1328 817 Per-sarum

48 833 164 896 regis
190 833 358 881 laudari
375 869 390 892 ‚
412 834 490 898 qui
517 834 562 880 in
587 834 772 883 castellis
791 836 966 882 duobus
986 851 1011 881 a
1039 834 1081 880 se
1098 834 1238 898 captis
1259 837 1326 881 in·-

48 916 193 946 ventas
224 903 404 961 virgines
425 934 439 957 ,
470 901 699 965 Christiano
729 902 813 947 ritu
845 903 973 946 cultui
1002 903 1148 946 divino
1171 902 1329 960 sitem·-

50 980 144 1020 tas,
168 966 358 1031 ctgstodiri
385 965 564 1010 intaffas
583 1000 597 1021 ‚
634 964 676 1012 δ’
703 969 891 1028 religioni
904 967 1058 1026 servire
1079 968 1214 1028 solito
1234 985 1329 1014 mo:-

49 1048 121 1085 rc,
160 1034 276 1075 nullo
306 1045 465 1076 vetante
487 1064 502 1087 ,
535 1035 724 1091 praecepit
740 1051 761 1086 ,-
795 1030 878 1077 vix
918 1029 1005 1085 est,
1032 1042 1080 1076 ut
1116 1030 1290 1077 credam
1311 1062 1329 1086 ,

50 1092 291 1141 Christiani
311 1094 403 1140 oris
427 1094 523 1142 haec
549 1096 688 1142 verba
718 1112 814 1142 non
840 1095 937 1143 esse.
957 1096 1073 1142 Cum
1101 1095 1208 1142 item
1230 1111 1331 1142 nar-

50 1170 119 1204 rat
146 1157 223 1207 lib.
251 1159 441 1216 XXIX,
471 1159 779 1207 Theodosium
807 1173 976 1223 patrem
999 1159 1157 1207 leniter
1183 1160 1330 1207 susce-

51 1222 158 1286 piffe
192 1223 432 1270 Christiani
463 1224 575 1272 ritus
605 1225 848 1283 antistites,
881 1243 905 1272 a
940 1226 1091 1272 Firmo
1125 1238 1330 1290 tyranno

52 1287 228 1346 missos,
247 1300 298 1335 ut
323 1303 479 1351 pacem
497 1302 678 1337 orarent
697 1307 712 1347 3
737 1290 848 1354 quid
875 1291 997 1338 aliud
1012 1326 1028 1347 ‚
1047 1307 1180 1353 quam
1201 1308 1258 1338 ex
1279 1307 1331 1337 ea

47 1351 100 1398 *ln
131 1352 410 1400 Christianos
450 1354 726 1402 humanitate
761 1355 934 1402 laudern
962 1355 1230 1404 Theodosio
1267 1355 1333 1402 as-

54 1416 220 1464 seruit?
254 1418 338 1464 Sed
358 1417 453 1465 haec
479 1417 578 1477 sunt
600 1420 803 1469 leviora:
829 1420 895 1467 his
914 1433 1087 1478 autem,
1104 1437 1204 1483 quae
1232 1419 1332 1467 sub-

54 1480 232 1542 jiciam,
251 1482 359 1546 quid
376 1482 536 1530 clarius
555 1484 574 1531 ?
604 1501 704 1531 nam
724 1486 779 1532 de
805 1486 1074 1532 Constantio
1103 1485 1164 1532 ita
1185 1485 1333 1532 statuit

55 1545 134 1593 lib.
160 1548 304 1604 XXI,
332 1550 607 1614 Christianam
639 1553 874 1612 religionem
900 1553 1133 1611 absolutam
1164 1549 1207 1597 δ’
1222 1551 1332 1615 stm-

50 1613 201 1673 plz'cem
239 1616 348 1659 anili
371 1615 622 1677 superstione
657 1615 898 1679 confudiffe.
928 1620 979 1662 ln
1014 1632 1109 1679 quo
1149 1616 1191 1662 ei
1229 1632 1333 1663 cum

56 1688 154 1723 tota
186 1676 364 1724 historia
394 1678 692 1729 Ecclefiastica
720 1680 970 1738 convenit,
1002 1698 1102 1743 quae
1129 1697 1224 1727 uno
1253 1696 1336 1727 ore

55 1741 237 1788 Arianae
268 1742 500 1805 pigavitatis
539 1743 799 1792 consensum
840 1746 1114 1793 Constantio
1147 1745 1336 1808 affingit.

57 1808 364 1872 Superstitionis
392 1807 512 1856 enim
533 1810 718 1857 nomine
738 1811 966 1859 haereticas
995 1810 1232 1858 sententias
1264 1812 1338 1856 in-

56 1871 216 1935 telligit
244 1874 505 1932 Ammianus
522 1909 536 1932 ,
560 1875 665 1937 quia
690 1877 738 1924 &
764 1876 818 1923 de
849 1876 1114 1923 Manichaeis
1143 1875 1343 1939 loquens,

57 1935 136 1983 lib.
167 1938 448 1999 XV,fiHam
459 1941 793 2003 superstitionum
819 1941 1024 2003 appellat.
1044 1942 1160 1988 Cum
1187 1953 1335 1988 autem

56 2000 137 2048 lib.
166 2004 298 2049 XXH
323 2004 377 2050 de
405 2005 594 2068 Georgii
626 2006 918 2054 Alexandrini
939 2006 1144 2053 antistitis
1165 2006 1339 2053 acerbi-

57 2077 148 2112 tate
167 2101 181 2124 ,
215 2069 266 2116 &
299 2067 510 2115 vindi&ae
540 2068 683 2118 nimio
712 2071 858 2118 studio
891 2071 1030 2134 usque
1058 2071 1115 2117 ad
1136 2070 1228 2119 vile
1258 2070 1338 2116 de-

58 2129 242 2178 lationis
262 2132 476 2182 officium
499 2169 514 2190 ,
546 2151 678 2199 quem
709 2136 772 2182 ob
800 2136 846 2182 id
876 2136 1002 2198 plebs
1035 2135 1338 2183 Alexandrina

60 2195 353 2244 crudeliffime
371 2198 568 2256 occidit,
593 2200 718 2261 plura
741 2200 943 2257 dixiffet3
967 2199 1212 2264 subjungit:
1232 2204 1339 2247 Pro·

57 2260 319 2323 seffionisque
339 2264 431 2324 suae
463 2266 614 2310 oblitus
632 2300 646 2323 ,
666 2285 751 2327 quoe
779 2269 893 2312 nihil
912 2267 996 2330 nisi
1006 2267 1167 2331 justum
1179 2267 1339 2326 suadet

64 2323 108 2371 ὅ*
134 2331 218 2372 lene
236 2362 250 2385 ,
286 2331 346 2374 ad
372 2333 600 2375 delatorum
633 2332 739 2392 ausa
765 2331 926 2390 feralia
956 2332 1210 2393 descifiebat.
1250 2330 1336 2378 Sed

62 2389 200 2452 paulo
226 2392 325 2453 post
347 2395 571 2457 Martyres
595 2393 656 2441 ait
686 2395 921 2459 appellari,
943 2401 1013 2457 qui
1031 2399 1193 2443 deviare
1221 2414 1249 2441 a
1274 2414 1336 2440 re-

62 2457 215 2517 ligione
234 2459 455 2525 compufsi,
479 2460 660 2522 adusque
675 2463 896 2524 gloriofizm
912 2477 1078 2509 mortem
1099 2464 1346 2509 intemerata.
