1626 2917
1279 140 1368 189 ΧΠ

98 295 575 375 STATUS
665 294 970 370 REIP.
1056 291 1369 380 ΗΘΜ.

656 451 802 493 SUB

102 579 656 642 CONSTANTINO
707 581 790 637 M.
825 573 921 636 ΕΤ
954 556 1121 637 EJUS
1155 578 1377 637 ΗΠΒ,-

101 798 260 888 Duo
286 845 393 895 sunt,
413 853 548 898 praeter
563 846 642 894 J'am
666 843 802 882 tradita
817 872 828 890 ‚
855 854 938 893 quae
961 842 1010 880 ad
1029 840 1223 881 Ammiani
1246 838 1379 879 lectio-

102 920 194 946 nem
221 916 451 958 praeparant,
476 909 511 947 &
539 907 587 945 ad
616 907 696 954 ejus
726 904 921 943 historiam
941 902 1090 942 facilius
1109 902 1378 952 affequendam

104 969 328 1014 deducunt:
360 968 599 1020 Reipublicae
634 967 780 1007 scilicet
816 967 940 1006 forma
976 965 1026 1005 ob
1058 964 1192 1004 oculos
1228 965 1377 1015 pofita‚

103 1043 186 1080 quae
208 1040 300 1069 tunc
321 1030 416 1078 fuit,
441 1042 485 1069 ac
511 1029 759 1080 praecedentis
791 1027 954 1067 historiae
982 1039 1129 1074 nexus,
1154 1027 1226 1065 five
1252 1038 1380 1065 narra..

100 1091 215 1130 tionis
237 1093 319 1141 eJus
335 1091 558 1140 conjunetio
575 1122 587 1139 ‚
611 1104 726 1140 quam
751 1089 954 1139 intercepit
978 1088 1139 1128 vetustas
1153 1118 1164 1135 ,
1187 1090 1222 1126 &
1241 1087 1280 1125 in
1303 1099 1378 1137 qua

99 1153 321 1194 defluebant
347 1154 541 1194 Ammiani
573 1152 662 1192 libri
686 1153 842 1203 priores.
873 1151 918 1192 In
946 1150 1167 1202 reipublicae
1199 1150 1381 1189 constitu.

98 1213 206 1253 tione
228 1213 277 1253 ad
303 1213 541 1254 Constantini
575 1220 750 1263 tempora
775 1211 966 1263 praecipue
995 1210 1275 1261 respiciendum
1301 1209 1378 1259 est,

99 1277 166 1326 qui
185 1275 323 1316 faciem
348 1278 428 1326 ejus
452 1276 608 1315 invertit
623 1305 636 1324 ‚
663 1273 858 1324 novosque
881 1273 1152 1324 Magistratus,
1177 1271 1380 1327 suppressis

101 1337 205 1385 aliis,
226 1339 394 1388 adjecit,
420 1340 456 1378 &
472 1351 588 1377 novas
611 1337 814 1388 dignitates
833 1336 1040 1375 adinvenit.
1071 1337 1255 1376 Oneravit
1276 1335 1382 1375 enim

101 1399 383 1450 rempublicam
421 1400 547 1439 inutili
573 1399 787 1440 officiorum
812 1411 856 1438 ac
877 1399 1107 1449 dignitatum
1134 1398 1259 1439 turba.
1297 1399 1382 1439 Nos

102 1474 192 1501 vero
219 1460 372 1501 striclim
402 1473 447 1500 ac
469 1460 689 1500 summatim
720 1460 850 1514 (quod
876 1458 962 1498 satis
985 1459 1026 1498 fit
1051 1460 1197 1499 auctori
1225 1458 1382 1511 nostro)

102 1522 233 1562 omnia
258 1522 547 1573 persequemurz,
579 1523 666 1573 quia
689 1521 854 1573 amplior
881 1520 995 1570 huJus
1023 1524 1074 1560 rei
1103 1522 1318 1572 digerendae
1343 1523 1383 1561 &

102 1584 338 1635 explicandae
371 1586 489 1633 ratio,
530 1584 649 1625 alium
677 1585 807 1624 locum
833 1587 868 1625 ἃ
891 1584 996 1624 aliud
1023 1593 1175 1636 tempus
1205 1584 1381 1636 postulat⁸

103 1645 369 1686 Constantinus
398 1646 588 1697 Magnus,
614 1646 798 1697 Byzantio
823 1646 1030 1697 ampliato,
1057 1649 1093 1686 <Sc
1118 1648 1158 1685 in
1182 1647 1235 1685 sui
1256 1647 1382 1685 nomi..

102 1707 161 1745 nis
182 1707 318 1746 urbem
341 1707 446 1747 verso
475 1707 652 1761 (causam
678 1706 848 1748 Zosimus
879 1709 958 1748 fere
989 1708 1090 1748 solus
1121 1709 1283 1758 exponit
1312 1708 1381 1749 lib.

103 1767 178 1817 II.)
204 1767 362 1807 alteram
390 1769 543 1820 imperii
568 1770 696 1810 sedem
721 1770 895 1810 aemulam
918 1771 1050 1811 Romae
1075 1772 1292 1818 constituit,
1315 1780 1384 1820 ut,

105 1829 433 1878 quemadmodum
477 1830 599 1870 Roma
649 1831 873 1871 Occidentis
889 1862 902 1880 ,
942 1833 993 1872 fic
1033 1833 1384 1883 Constantinopolis

106 1890 275 1930 Orientis
302 1891 452 1941 imperii
479 1891 588 1932 locus
622 1893 723 1933 esset.
768 1894 913 1934 Primus
941 1896 1045 1935 enim
1072 1896 1234 1936 antehac
1261 1909 1384 1935 unum

106 1954 142 1992 &
166 1951 349 2002 singulare
372 1953 587 1993 Romanum
615 1955 819 2006 imperium
842 1957 1022 2005 discidit,
1047 1958 1281 1996 ornamentis
1300 1958 1385 2006 ejus

104 2011 244 2050 eodem
270 2026 338 2063 pro
361 2022 468 2064 parte
490 2014 687 2056 translatis,
726 2016 819 2057 Haec
847 2030 947 2056 nova
978 2031 1103 2057 rerum
1130 2020 1246 2058 facies
1268 2021 1303 2058 &
1325 2020 1386 2060 di-

103 2073 195 2113 vifio
219 2075 335 2113 traxit
364 2074 477 2115 aliam
500 2077 541 2115 in
568 2076 847 2127 rempublicam
872 2082 1245 2130 commutationem,
1271 2084 1306 2122 &
1327 2091 1386 2123 to-

34 2142 37 2144 ’
101 2142 182 2174 tam
207 2135 514 2187 magistratuum,
547 2151 591 2177 ac
620 2139 757 2178 veteris
786 2140 1122 2182 administrationis
1150 2143 1225 2183 five
1260 2145 1384 2186 civilis

103 2197 178 2237 five
200 2197 349 2238 bellicae
368 2200 554 2239 rationem
583 2201 770 2251 pervertit.
800 2203 901 2242 Nam
925 2203 1068 2255 duplex
1090 2206 1383 2255 quodammodo

103 2259 252 2311 imperii
287 2272 404 2312 caput
441 2262 614 2313 duplices
646 2264 763 2304 etiam
786 2265 1021 2316 magistratus
1048 2267 1251 2318 exigebat:
1288 2283 1386 2320 quos

103 2321 169 2360 ille
192 2321 308 2361 semel
327 2323 373 2363 ab
398 2323 574 2364 institutis
599 2333 768 2365 veterum
793 2327 925 2367 devius
940 2359 953 2374 ,
979 2328 1025 2367 ad
1052 2328 1160 2368 suum
1181 2329 1384 2370 arbitrium

105 2384 142 2422 δε
169 2395 236 2432 pro
262 2395 376 2434 captu
402 2393 622 2436 temporum
652 2387 896 2437 informavit3
935 2390 1149 2439 provincias
1178 2390 1287 2430 aliter
1315 2392 1386 2430 de-

103 2442 271 2495 scripfit3
297 2445 540 2498 disciplinam
570 2447 771 2488 militarem
796 2449 909 2502 longe
939 2448 1044 2491 secus
1074 2451 1278 2492 constituit.
1312 2451 1385 2493 fa-
