<?xml version="1.0" encoding="UTF-8"?>
<!DOCTYPE html PUBLIC "-//W3C//DTD XHTML 1.0 Transitional//EN"
    "http://www.w3.org/TR/xhtml1/DTD/xhtml1-transitional.dtd">
<html xmlns="http://www.w3.org/1999/xhtml" xml:lang="en" lang="en">
 <head>
  <title>
</title>
<meta http-equiv="Content-Type" content="text/html;charset=utf-8" />
  <meta name='ocr-system' content='tesseract 3.04.00' />
  <meta name='ocr-capabilities' content='ocr_page ocr_carea ocr_par ocr_line ocrx_word'/>
</head>
<body>
  <div class='ocr_page' id='page_1' title='image "./rerumgestarumqui00ammiuoft_0029.png"; bbox 0 0 1626 2917; ppageno 0'>
   <div class='ocr_carea' id='block_1_1' title="bbox 471 179 1266 226">
    <p class='ocr_par' dir='ltr' id='par_1_1' title="bbox 471 179 1266 226">
     <span class='ocr_line' id='line_1_1' title="bbox 471 179 1266 226; baseline 0.003 -2"><span class='ocrx_word' id='word_1_1' title='bbox 471 179 736 226; x_wconf 79' lang='lat' dir='ltr'><em>VITA.</em></span> <span class='ocrx_word' id='word_1_2' title='bbox 1167 187 1266 226; x_wconf 58' lang='lat' dir='ltr'><strong>xix</strong></span> 
     </span>
    </p>
   </div>
   <div class='ocr_carea' id='block_1_2' title="bbox 0 283 1287 2607">
    <p class='ocr_par' dir='ltr' id='par_1_2' title="bbox 0 283 1287 2607">
     <span class='ocr_line' id='line_1_2' title="bbox 0 283 1270 348; baseline -0.002 -12"><span class='ocrx_word' id='word_1_3' title='bbox 0 283 168 336; x_wconf 76' lang='lat' dir='ltr'><strong>mentio</strong></span> <span class='ocrx_word' id='word_1_4' title='bbox 193 284 469 348; x_wconf 81' lang='lat' dir='ltr'>corrumpit,</span> <span class='ocrx_word' id='word_1_5' title='bbox 488 302 573 333; x_wconf 88' lang='lat' dir='ltr'><strong>nec</strong></span> <span class='ocrx_word' id='word_1_6' title='bbox 594 284 857 341; x_wconf 88' lang='lat' dir='ltr'><strong>mendacio;</strong></span> <span class='ocrx_word' id='word_1_7' title='bbox 880 300 1026 346; x_wconf 84' lang='lat' dir='ltr'><strong>eoque</strong></span> <span class='ocrx_word' id='word_1_8' title='bbox 1045 285 1098 333; x_wconf 85' lang='lat' dir='ltr'><strong>ad</strong></span> <span class='ocrx_word' id='word_1_9' title='bbox 1122 298 1270 348; x_wconf 72' lang='lat' dir='ltr'><strong>aequa-</strong></span> 
     </span>
     <span class='ocr_line' id='line_1_3' title="bbox 0 350 1269 414; baseline -0.001 -14"><span class='ocrx_word' id='word_1_10' title='bbox 0 355 79 400; x_wconf 73' lang='lat' dir='ltr'><strong>iem</strong></span> <span class='ocrx_word' id='word_1_11' title='bbox 98 352 162 400; x_wconf 90' lang='lat' dir='ltr'><strong>sui</strong></span> <span class='ocrx_word' id='word_1_12' title='bbox 188 351 446 398; x_wconf 84' lang='lat' dir='ltr'>memoriam</span> <span class='ocrx_word' id='word_1_13' title='bbox 467 368 718 413; x_wconf 86' lang='lat' dir='ltr'><strong>provocat,</strong></span> <span class='ocrx_word' id='word_1_14' title='bbox 736 352 911 412; x_wconf 70' lang='lat' dir='ltr'><strong>confifizs</strong></span> <span class='ocrx_word' id='word_1_15' title='bbox 926 387 938 405; x_wconf 82' lang='grc'>,</span> <span class='ocrx_word' id='word_1_16' title='bbox 951 350 1128 414; x_wconf 87' lang='lat' dir='ltr'><strong>(verbis</strong></span> <span class='ocrx_word' id='word_1_17' title='bbox 1148 352 1269 399; x_wconf 90' lang='lat' dir='ltr'><strong>enim</strong></span> 
     </span>
     <span class='ocr_line' id='line_1_4' title="bbox 0 416 1272 479; baseline 0 -15"><span class='ocrx_word' id='word_1_18' title='bbox 0 417 87 479; x_wconf 86' lang='lat' dir='ltr'><strong>ejus</strong></span> <span class='ocrx_word' id='word_1_19' title='bbox 119 417 228 464; x_wconf 88' lang='lat' dir='ltr'><strong>hinc</strong></span> <span class='ocrx_word' id='word_1_20' title='bbox 259 417 362 462; x_wconf 91' lang='lat' dir='ltr'><strong>inde</strong></span> <span class='ocrx_word' id='word_1_21' title='bbox 397 416 590 462; x_wconf 81' lang='lat' dir='ltr'><strong>affumtis</strong></span> <span class='ocrx_word' id='word_1_22' title='bbox 623 416 765 477; x_wconf 86' lang='lat' dir='ltr'><strong>utar)</strong></span> <span class='ocrx_word' id='word_1_23' title='bbox 795 420 904 477; x_wconf 78' lang='lat' dir='ltr'><strong>quod</strong></span> <span class='ocrx_word' id='word_1_24' title='bbox 932 435 1002 462; x_wconf 83' lang='lat' dir='ltr'><strong>nec</strong></span> <span class='ocrx_word' id='word_1_25' title='bbox 1033 434 1169 475; x_wconf 78' lang='lat' dir='ltr'><strong>metu,</strong></span> <span class='ocrx_word' id='word_1_26' title='bbox 1200 433 1272 464; x_wconf 65' lang='lat' dir='ltr'><strong>nee</strong></span> 
     </span>
     <span class='ocr_line' id='line_1_5' title="bbox 0 481 1276 547; baseline -0.002 -17"><span class='ocrx_word' id='word_1_27' title='bbox 0 486 204 530; x_wconf 81' lang='lat' dir='ltr'><strong>adulandi</strong></span> <span class='ocrx_word' id='word_1_28' title='bbox 220 481 418 542; x_wconf 78' lang='lat' dir='ltr'><strong>foedz&#39;tate</strong></span> <span class='ocrx_word' id='word_1_29' title='bbox 440 481 651 547; x_wconf 71' lang='lat' dir='ltr'><strong>constric‘la</strong></span> <span class='ocrx_word' id='word_1_30' title='bbox 671 482 911 546; x_wconf 75' lang='lat' dir='ltr'><strong>posteritaS,</strong></span> <span class='ocrx_word' id='word_1_31' title='bbox 937 485 1173 543; x_wconf 80' lang='lat' dir='ltr'><strong>incorrupta</strong></span> <span class='ocrx_word' id='word_1_32' title='bbox 1190 502 1276 544; x_wconf 82' lang='lat' dir='ltr'><strong>po-</strong></span> 
     </span>
     <span class='ocr_line' id='line_1_6' title="bbox 0 545 1277 610; baseline -0.001 -15"><span class='ocrx_word' id='word_1_33' title='bbox 0 549 180 606; x_wconf 70' lang='lat' dir='ltr'><strong>sterorum</strong></span> <span class='ocrx_word' id='word_1_34' title='bbox 192 549 330 608; x_wconf 72' lang='lat' dir='ltr'><strong>soleat</strong></span> <span class='ocrx_word' id='word_1_35' title='bbox 350 545 423 610; x_wconf 60' lang='lat' dir='ltr'><strong>effe</strong></span> <span class='ocrx_word' id='word_1_36' title='bbox 435 548 677 607; x_wconf 63' lang='lat' dir='ltr'><strong>spec‘latrix.</strong></span> <span class='ocrx_word' id='word_1_37' title='bbox 722 551 897 592; x_wconf 80' lang='lat' dir='ltr'><strong>Arcana</strong></span> <span class='ocrx_word' id='word_1_38' title='bbox 924 559 1070 593; x_wconf 82' lang='lat' dir='ltr'><strong>tamen</strong></span> <span class='ocrx_word' id='word_1_39' title='bbox 1100 547 1277 594; x_wconf 84' lang='lat' dir='ltr'><strong>Princi-</strong></span> 
     </span>
     <span class='ocr_line' id='line_1_7' title="bbox 0 611 1277 676; baseline 0 -18"><span class='ocrx_word' id='word_1_40' title='bbox 0 630 103 676; x_wconf 86' lang='lat' dir='ltr'><strong>pum</strong></span> <span class='ocrx_word' id='word_1_41' title='bbox 133 611 419 660; x_wconf 84' lang='lat' dir='ltr'><strong>&amp;interiora</strong></span> <span class='ocrx_word' id='word_1_42' title='bbox 451 612 561 657; x_wconf 85' lang='lat' dir='ltr'><strong>aulae</strong></span> <span class='ocrx_word' id='word_1_43' title='bbox 594 611 759 657; x_wconf 77' lang='lat' dir='ltr'><strong>nullius</strong></span> <span class='ocrx_word' id='word_1_44' title='bbox 791 611 888 657; x_wconf 86' lang='lat' dir='ltr'><strong>usus</strong></span> <span class='ocrx_word' id='word_1_45' title='bbox 908 628 1037 667; x_wconf 88' lang='lat' dir='ltr'><strong>,non</strong></span> <span class='ocrx_word' id='word_1_46' title='bbox 1071 612 1169 659; x_wconf 84' lang='lat' dir='ltr'><strong>vult</strong></span> <span class='ocrx_word' id='word_1_47' title='bbox 1201 612 1277 658; x_wconf 91' lang='lat' dir='ltr'><strong>vi-</strong></span> 
     </span>
     <span class='ocr_line' id='line_1_8' title="bbox 0 675 1272 740; baseline 0 -16"><span class='ocrx_word' id='word_1_48' title='bbox 0 678 92 725; x_wconf 88' lang='lat' dir='ltr'><strong>deri</strong></span> <span class='ocrx_word' id='word_1_49' title='bbox 122 678 253 723; x_wconf 87' lang='lat' dir='ltr'><strong>anxie</strong></span> <span class='ocrx_word' id='word_1_50' title='bbox 283 675 516 739; x_wconf 85' lang='lat' dir='ltr'><strong>persequi:</strong></span> <span class='ocrx_word' id='word_1_51' title='bbox 544 694 643 740; x_wconf 85' lang='lat' dir='ltr'><strong>quae</strong></span> <span class='ocrx_word' id='word_1_52' title='bbox 676 676 816 737; x_wconf 80' lang='lat' dir='ltr'><strong>palam</strong></span> <span class='ocrx_word' id='word_1_53' title='bbox 846 678 984 738; x_wconf 79' lang='lat' dir='ltr'><strong>gesta,</strong></span> <span class='ocrx_word' id='word_1_54' title='bbox 1010 678 1059 724; x_wconf 69' lang='grc' dir='ltr'><strong>δε</strong></span> <span class='ocrx_word' id='word_1_55' title='bbox 1087 693 1187 738; x_wconf 81' lang='lat' dir='ltr'><strong>quae</strong></span> <span class='ocrx_word' id='word_1_56' title='bbox 1215 677 1272 724; x_wconf 86' lang='lat' dir='ltr'><strong>ad</strong></span> 
     </span>
     <span class='ocr_line' id='line_1_9' title="bbox 0 741 1276 804; baseline 0 -14"><span class='ocrx_word' id='word_1_57' title='bbox 0 742 253 804; x_wconf 84' lang='lat' dir='ltr'><strong>exemplum</strong></span> <span class='ocrx_word' id='word_1_58' title='bbox 297 741 551 803; x_wconf 84' lang='lat' dir='ltr'><strong>pertinent,</strong></span> <span class='ocrx_word' id='word_1_59' title='bbox 592 741 799 804; x_wconf 80' lang='lat' dir='ltr'><strong>quamvis</strong></span> <span class='ocrx_word' id='word_1_60' title='bbox 839 742 1048 797; x_wconf 72' lang='lat' dir='ltr'><strong>occulta,</strong></span> <span class='ocrx_word' id='word_1_61' title='bbox 1084 741 1276 790; x_wconf 79' lang='lat' dir='ltr'><strong>scribere</strong></span> 
     </span>
     <span class='ocr_line' id='line_1_10' title="bbox 0 804 1280 866; baseline 0 -12"><span class='ocrx_word' id='word_1_62' title='bbox 0 808 188 855; x_wconf 82' lang='lat' dir='ltr'><strong>mavult.</strong></span> <span class='ocrx_word' id='word_1_63' title='bbox 209 807 326 853; x_wconf 87' lang='lat' dir='ltr'><strong>Nam</strong></span> <span class='ocrx_word' id='word_1_64' title='bbox 347 806 401 852; x_wconf 93' lang='lat' dir='ltr'><strong>de</strong></span> <span class='ocrx_word' id='word_1_65' title='bbox 423 804 597 852; x_wconf 87' lang='lat' dir='ltr'><strong>secretis</strong></span> <span class='ocrx_word' id='word_1_66' title='bbox 623 806 758 851; x_wconf 71' lang='lat' dir='ltr'><strong>literis</strong></span> <span class='ocrx_word' id='word_1_67' title='bbox 777 804 936 852; x_wconf 80' lang='lat' dir='ltr'><strong>Juliani</strong></span> <span class='ocrx_word' id='word_1_68' title='bbox 955 804 1041 866; x_wconf 81' lang='lat' dir='ltr'><strong>jam</strong></span> <span class='ocrx_word' id='word_1_69' title='bbox 1068 819 1161 852; x_wconf 86' lang='lat' dir='ltr'><strong>tum</strong></span> <span class='ocrx_word' id='word_1_70' title='bbox 1182 809 1280 854; x_wconf 53' lang='lat' dir='ltr'><strong>Au*</strong></span> 
     </span>
     <span class='ocr_line' id='line_1_11' title="bbox 0 868 1278 936; baseline 0.001 -18"><span class='ocrx_word' id='word_1_71' title='bbox 0 872 108 936; x_wconf 82' lang='lat' dir='ltr'><strong>gusti</strong></span> <span class='ocrx_word' id='word_1_72' title='bbox 138 871 192 917; x_wconf 84' lang='lat' dir='ltr'><strong>ad</strong></span> <span class='ocrx_word' id='word_1_73' title='bbox 220 870 533 917; x_wconf 88' lang='lat' dir='ltr'><strong>Constantium</strong></span> <span class='ocrx_word' id='word_1_74' title='bbox 561 868 651 915; x_wconf 82' lang='lat' dir='ltr'><strong>ita:</strong></span> <span class='ocrx_word' id='word_1_75' title='bbox 679 872 766 915; x_wconf 75' lang='lat' dir='ltr'><strong>His</strong></span> <span class='ocrx_word' id='word_1_76' title='bbox 794 873 922 915; x_wconf 72' lang='lat' dir='ltr'><strong>literis</strong></span> <span class='ocrx_word' id='word_1_77' title='bbox 942 871 1117 928; x_wconf 66' lang='lat' dir='ltr'><strong>junc‘las</strong></span> <span class='ocrx_word' id='word_1_78' title='bbox 1138 874 1278 932; x_wconf 74' lang='lat' dir='ltr'><strong>ficre-</strong></span> 
     </span>
     <span class='ocr_line' id='line_1_12' title="bbox 1 933 1279 1000; baseline 0 -17"><span class='ocrx_word' id='word_1_79' title='bbox 1 941 123 984; x_wconf 79' lang='lat' dir='ltr'><strong>tiores</strong></span> <span class='ocrx_word' id='word_1_80' title='bbox 151 939 283 994; x_wconf 83' lang='lat' dir='ltr'><strong>alias,</strong></span> <span class='ocrx_word' id='word_1_81' title='bbox 307 937 544 1000; x_wconf 78' lang='lat' dir='ltr'><strong>Constantio</strong></span> <span class='ocrx_word' id='word_1_82' title='bbox 571 933 823 998; x_wconf 61' lang='lat' dir='ltr'><strong>offerendas,</strong></span> <span class='ocrx_word' id='word_1_83' title='bbox 845 938 1031 981; x_wconf 70' lang='lat' dir='ltr'><strong>clanculo</strong></span> <span class='ocrx_word' id='word_1_84' title='bbox 1060 938 1171 1000; x_wconf 77' lang='lat' dir='ltr'><strong>misit</strong></span> <span class='ocrx_word' id='word_1_85' title='bbox 1203 941 1279 983; x_wconf 82' lang='lat' dir='ltr'><strong>ob-</strong></span> 
     </span>
     <span class='ocr_line' id='line_1_13' title="bbox 0 999 1279 1064; baseline 0.001 -16"><span class='ocrx_word' id='word_1_86' title='bbox 0 1003 254 1064; x_wconf 71' lang='lat' dir='ltr'><strong>iurgatorias</strong></span> <span class='ocrx_word' id='word_1_87' title='bbox 284 999 326 1046; x_wconf 64' lang='grc' dir='ltr'><strong>δ’</strong></span> <span class='ocrx_word' id='word_1_88' title='bbox 357 1003 564 1045; x_wconf 80' lang='lat' dir='ltr'><strong>mordaces</strong></span> <span class='ocrx_word' id='word_1_89' title='bbox 584 1017 601 1045; x_wconf 89' lang='lat'><strong>.·</strong></span> <span class='ocrx_word' id='word_1_90' title='bbox 632 1017 803 1060; x_wconf 76' lang='lat' dir='ltr'><strong>quarum</strong></span> <span class='ocrx_word' id='word_1_91' title='bbox 822 1001 972 1060; x_wconf 77' lang='lat' dir='ltr'><strong>seriem</strong></span> <span class='ocrx_word' id='word_1_92' title='bbox 1005 1019 1076 1046; x_wconf 78' lang='lat' dir='ltr'><strong>nec</strong></span> <span class='ocrx_word' id='word_1_93' title='bbox 1094 1003 1279 1062; x_wconf 72' lang='lat' dir='ltr'><strong>scrutari</strong></span> 
     </span>
     <span class='ocr_line' id='line_1_14' title="bbox 0 1063 1279 1129; baseline -0.001 -16"><span class='ocrx_word' id='word_1_94' title='bbox 0 1070 147 1122; x_wconf 82' lang='lat' dir='ltr'><strong>licuit,</strong></span> <span class='ocrx_word' id='word_1_95' title='bbox 178 1083 249 1111; x_wconf 83' lang='lat' dir='ltr'><strong>nec</strong></span> <span class='ocrx_word' id='word_1_96' title='bbox 267 1065 320 1129; x_wconf 86' lang='lat' dir='ltr'><em>fi</em></span> <span class='ocrx_word' id='word_1_97' title='bbox 349 1063 546 1128; x_wconf 77' lang='lat' dir='ltr'><strong>licuiffit,</strong></span> <span class='ocrx_word' id='word_1_98' title='bbox 573 1064 752 1125; x_wconf 59' lang='lat' dir='ltr'><strong>proferri</strong></span> <span class='ocrx_word' id='word_1_99' title='bbox 784 1067 945 1110; x_wconf 77' lang='lat' dir='ltr'><strong>decebat</strong></span> <span class='ocrx_word' id='word_1_100' title='bbox 977 1066 1024 1110; x_wconf 75' lang='lat' dir='ltr'><strong>itz</strong></span> <span class='ocrx_word' id='word_1_101' title='bbox 1048 1069 1279 1126; x_wconf 51' lang='lat' dir='ltr'><strong>publicum,</strong></span> 
     </span>
     <span class='ocr_line' id='line_1_15' title="bbox 0 1128 1282 1192; baseline 0.002 -15"><span class='ocrx_word' id='word_1_102' title='bbox 0 1131 247 1177; x_wconf 87' lang='lat' dir='ltr'><strong>Prudenter</strong></span> <span class='ocrx_word' id='word_1_103' title='bbox 278 1128 410 1185; x_wconf 83' lang='lat' dir='ltr'><strong>sane;</strong></span> <span class='ocrx_word' id='word_1_104' title='bbox 440 1145 541 1185; x_wconf 86' lang='lat' dir='ltr'><strong>cum</strong></span> <span class='ocrx_word' id='word_1_105' title='bbox 572 1129 626 1175; x_wconf 90' lang='lat' dir='ltr'><strong>de</strong></span> <span class='ocrx_word' id='word_1_106' title='bbox 660 1128 765 1176; x_wconf 83' lang='lat' dir='ltr'><strong>Diis</strong></span> <span class='ocrx_word' id='word_1_107' title='bbox 791 1146 843 1175; x_wconf 87' lang='lat' dir='ltr'><strong>ac</strong></span> <span class='ocrx_word' id='word_1_108' title='bbox 871 1129 1151 1192; x_wconf 84' lang='lat' dir='ltr'>Principibus</span> <span class='ocrx_word' id='word_1_109' title='bbox 1184 1149 1282 1179; x_wconf 83' lang='lat' dir='ltr'><strong>non</strong></span> 
     </span>
     <span class='ocr_line' id='line_1_16' title="bbox 2 1193 1284 1260; baseline 0.003 -20"><span class='ocrx_word' id='word_1_110' title='bbox 2 1194 156 1242; x_wconf 87' lang='lat' dir='ltr'><strong>omnia</strong></span> <span class='ocrx_word' id='word_1_111' title='bbox 178 1193 402 1258; x_wconf 85' lang='lat' dir='ltr'><strong>vulganda</strong></span> <span class='ocrx_word' id='word_1_112' title='bbox 425 1193 533 1252; x_wconf 80' lang='lat' dir='ltr'><strong>effe,</strong></span> <span class='ocrx_word' id='word_1_113' title='bbox 554 1194 674 1241; x_wconf 87' lang='lat' dir='ltr'><strong>bona</strong></span> <span class='ocrx_word' id='word_1_114' title='bbox 692 1194 882 1241; x_wconf 80' lang='lat' dir='ltr'><strong>vetustas</strong></span> <span class='ocrx_word' id='word_1_115' title='bbox 903 1195 1161 1242; x_wconf 82' lang='lat' dir='ltr'><strong>crediderit:</strong></span> <span class='ocrx_word' id='word_1_116' title='bbox 1184 1215 1284 1260; x_wconf 83' lang='lat' dir='ltr'><strong>quo</strong></span> 
     </span>
     <span class='ocr_line' id='line_1_17' title="bbox 2 1258 1282 1324; baseline 0.002 -18"><span class='ocrx_word' id='word_1_117' title='bbox 2 1261 176 1324; x_wconf 85' lang='lat' dir='ltr'><strong>pudore</strong></span> <span class='ocrx_word' id='word_1_118' title='bbox 203 1258 317 1322; x_wconf 84' lang='lat' dir='ltr'><strong>saepe</strong></span> <span class='ocrx_word' id='word_1_119' title='bbox 344 1259 569 1306; x_wconf 85' lang='lat' dir='ltr'><strong>contineri</strong></span> <span class='ocrx_word' id='word_1_120' title='bbox 596 1258 638 1306; x_wconf 93' lang='lat' dir='ltr'><strong>se</strong></span> <span class='ocrx_word' id='word_1_121' title='bbox 670 1259 778 1305; x_wconf 88' lang='lat' dir='ltr'><strong>dicit</strong></span> <span class='ocrx_word' id='word_1_122' title='bbox 804 1260 1097 1319; x_wconf 88' lang='lat' dir='ltr'><strong>Herodotus,</strong></span> <span class='ocrx_word' id='word_1_123' title='bbox 1124 1279 1180 1308; x_wconf 89' lang='lat' dir='ltr'><strong>ne</strong></span> <span class='ocrx_word' id='word_1_124' title='bbox 1211 1280 1282 1310; x_wconf 85' lang='lat' dir='ltr'><strong>res</strong></span> 
     </span>
     <span class='ocr_line' id='line_1_18' title="bbox 2 1323 1282 1389; baseline 0.002 -17"><span class='ocrx_word' id='word_1_125' title='bbox 2 1324 214 1389; x_wconf 83' lang='lat' dir='ltr'><strong>mysticas</strong></span> <span class='ocrx_word' id='word_1_126' title='bbox 240 1323 409 1387; x_wconf 86' lang='lat' dir='ltr'><strong>altique</strong></span> <span class='ocrx_word' id='word_1_127' title='bbox 436 1323 622 1380; x_wconf 86' lang='lat' dir='ltr'><strong>filentii,</strong></span> <span class='ocrx_word' id='word_1_128' title='bbox 650 1323 903 1370; x_wconf 75' lang='lat' dir='ltr'><strong>narratione</strong></span> <span class='ocrx_word' id='word_1_129' title='bbox 932 1324 1154 1387; x_wconf 83' lang='lat' dir='ltr'><strong>profanet.</strong></span> <span class='ocrx_word' id='word_1_130' title='bbox 1194 1329 1282 1374; x_wconf 86' lang='lat' dir='ltr'><strong>Sed</strong></span> 
     </span>
     <span class='ocr_line' id='line_1_19' title="bbox 1 1388 1283 1454; baseline 0.001 -17"><span class='ocrx_word' id='word_1_131' title='bbox 1 1390 131 1453; x_wconf 91' lang='lat' dir='ltr'><strong>quod</strong></span> <span class='ocrx_word' id='word_1_132' title='bbox 153 1389 200 1436; x_wconf 91' lang='lat' dir='ltr'><strong>in</strong></span> <span class='ocrx_word' id='word_1_133' title='bbox 225 1402 314 1434; x_wconf 83' lang='lat' dir='ltr'><strong>tam</strong></span> <span class='ocrx_word' id='word_1_134' title='bbox 339 1388 465 1434; x_wconf 85' lang='lat' dir='ltr'><strong>varia</strong></span> <span class='ocrx_word' id='word_1_135' title='bbox 488 1388 671 1435; x_wconf 83' lang='lat' dir='ltr'><strong>historia</strong></span> <span class='ocrx_word' id='word_1_136' title='bbox 693 1388 1004 1435; x_wconf 87' lang='lat' dir='ltr'><strong>difficillimum</strong></span> <span class='ocrx_word' id='word_1_137' title='bbox 1029 1390 1114 1447; x_wconf 88' lang='lat' dir='ltr'><strong>est,</strong></span> <span class='ocrx_word' id='word_1_138' title='bbox 1135 1394 1283 1454; x_wconf 64' lang='lat' dir='ltr'><strong>quod-³</strong></span> 
     </span>
     <span class='ocr_line' id='line_1_20' title="bbox 3 1453 1281 1516; baseline 0.002 -16"><span class='ocrx_word' id='word_1_139' title='bbox 3 1470 92 1516; x_wconf 87' lang='lat' dir='ltr'><strong>que</strong></span> <span class='ocrx_word' id='word_1_140' title='bbox 117 1453 250 1515; x_wconf 85' lang='lat' dir='ltr'><strong>pauci</strong></span> <span class='ocrx_word' id='word_1_141' title='bbox 273 1464 539 1508; x_wconf 79' lang='lat' dir='ltr'><strong>tenuerunt,</strong></span> <span class='ocrx_word' id='word_1_142' title='bbox 569 1453 647 1498; x_wconf 86' lang='lat' dir='ltr'><strong>fibi</strong></span> <span class='ocrx_word' id='word_1_143' title='bbox 676 1453 883 1500; x_wconf 86' lang='lat' dir='ltr'><strong>constans</strong></span> <span class='ocrx_word' id='word_1_144' title='bbox 909 1454 968 1500; x_wconf 89' lang='lat' dir='ltr'><strong>est</strong></span> <span class='ocrx_word' id='word_1_145' title='bbox 991 1456 1281 1516; x_wconf 79' lang='lat' dir='ltr'><strong>Ammianus,</strong></span> 
     </span>
     <span class='ocr_line' id='line_1_21' title="bbox 3 1517 1283 1583; baseline 0.005 -19"><span class='ocrx_word' id='word_1_146' title='bbox 3 1534 90 1564; x_wconf 90' lang='lat' dir='ltr'><strong>nec</strong></span> <span class='ocrx_word' id='word_1_147' title='bbox 117 1517 336 1564; x_wconf 87' lang='lat' dir='ltr'><strong>summum</strong></span> <span class='ocrx_word' id='word_1_148' title='bbox 367 1518 545 1575; x_wconf 87' lang='lat' dir='ltr'><strong>medio,</strong></span> <span class='ocrx_word' id='word_1_149' title='bbox 573 1518 767 1564; x_wconf 88' lang='lat' dir='ltr'><strong>medium</strong></span> <span class='ocrx_word' id='word_1_150' title='bbox 804 1535 887 1565; x_wconf 91' lang='lat' dir='ltr'><strong>nec</strong></span> <span class='ocrx_word' id='word_1_151' title='bbox 918 1518 1133 1583; x_wconf 80' lang='lat' dir='ltr'><strong>discrepat</strong></span> <span class='ocrx_word' id='word_1_152' title='bbox 1171 1521 1283 1571; x_wconf 72' lang='lat' dir='ltr'><strong>imm</strong></span> 
     </span>
     <span class='ocr_line' id='line_1_22' title="bbox 3 1582 1279 1646; baseline 0.005 -18"><span class='ocrx_word' id='word_1_153' title='bbox 3 1582 76 1629; x_wconf 87' lang='lat' dir='ltr'><strong>Est</strong></span> <span class='ocrx_word' id='word_1_154' title='bbox 103 1583 280 1646; x_wconf 89' lang='lat' dir='ltr'><strong>quidem</strong></span> <span class='ocrx_word' id='word_1_155' title='bbox 316 1582 482 1628; x_wconf 83' lang='lat' dir='ltr'><strong>multus</strong></span> <span class='ocrx_word' id='word_1_156' title='bbox 513 1582 558 1627; x_wconf 89' lang='lat' dir='ltr'><strong>in</strong></span> <span class='ocrx_word' id='word_1_157' title='bbox 589 1582 747 1629; x_wconf 81' lang='lat' dir='ltr'><strong>Juliani</strong></span> <span class='ocrx_word' id='word_1_158' title='bbox 778 1586 886 1643; x_wconf 88' lang='lat' dir='ltr'><strong>Imp.</strong></span> <span class='ocrx_word' id='word_1_159' title='bbox 922 1585 1069 1632; x_wconf 86' lang='lat' dir='ltr'><strong>rebus.</strong></span> <span class='ocrx_word' id='word_1_160' title='bbox 1100 1587 1279 1634; x_wconf 85' lang='lat' dir='ltr'><strong>Fatetur</strong></span> 
     </span>
     <span class='ocr_line' id='line_1_23' title="bbox 4 1646 1281 1714; baseline 0.004 -21"><span class='ocrx_word' id='word_1_161' title='bbox 4 1647 125 1694; x_wconf 89' lang='lat' dir='ltr'><strong>enim</strong></span> <span class='ocrx_word' id='word_1_162' title='bbox 153 1647 270 1693; x_wconf 89' lang='lat' dir='ltr'><strong>libro</strong></span> <span class='ocrx_word' id='word_1_163' title='bbox 299 1647 437 1703; x_wconf 87' lang='lat' dir='ltr'>XVI,</span> <span class='ocrx_word' id='word_1_164' title='bbox 467 1646 508 1692; x_wconf 88' lang='lat' dir='ltr'><strong>se</strong></span> <span class='ocrx_word' id='word_1_165' title='bbox 529 1648 792 1714; x_wconf 80' lang='lat' dir='ltr'><strong>instrumenta</strong></span> <span class='ocrx_word' id='word_1_166' title='bbox 817 1651 960 1695; x_wconf 77' lang='lat' dir='ltr'><strong>omnia</strong></span> <span class='ocrx_word' id='word_1_167' title='bbox 978 1653 1193 1697; x_wconf 74' lang='lat' dir='ltr'><strong>mediocris</strong></span> <span class='ocrx_word' id='word_1_168' title='bbox 1210 1655 1281 1699; x_wconf 57' lang='lat' dir='ltr'><strong>ist-³</strong></span> 
     </span>
     <span class='ocr_line' id='line_1_24' title="bbox 3 1713 1280 1777; baseline 0.005 -19"><span class='ocrx_word' id='word_1_169' title='bbox 3 1715 118 1775; x_wconf 84' lang='lat' dir='ltr'><strong>genii</strong></span> <span class='ocrx_word' id='word_1_170' title='bbox 147 1713 193 1758; x_wconf 84' lang='lat' dir='ltr'><strong>in</strong></span> <span class='ocrx_word' id='word_1_171' title='bbox 219 1714 284 1758; x_wconf 78' lang='lat' dir='ltr'><strong>his</strong></span> <span class='ocrx_word' id='word_1_172' title='bbox 313 1713 592 1777; x_wconf 76' lang='lat' dir='ltr'><strong>monstrandis</strong></span> <span class='ocrx_word' id='word_1_173' title='bbox 620 1731 910 1760; x_wconf 80' lang='lat' dir='ltr'><strong>commoturum</strong></span> <span class='ocrx_word' id='word_1_174' title='bbox 932 1732 949 1759; x_wconf 92' lang='lat'><strong>.·</strong></span> <span class='ocrx_word' id='word_1_175' title='bbox 983 1714 1056 1761; x_wconf 86' lang='lat' dir='ltr'><strong>sed</strong></span> <span class='ocrx_word' id='word_1_176' title='bbox 1082 1716 1132 1762; x_wconf 89' lang='lat'>&amp;</span> <span class='ocrx_word' id='word_1_177' title='bbox 1157 1716 1280 1765; x_wconf 86' lang='lat' dir='ltr'><strong>libro</strong></span> 
     </span>
     <span class='ocr_line' id='line_1_25' title="bbox 2 1776 1280 1841; baseline 0.004 -18"><span class='ocrx_word' id='word_1_178' title='bbox 2 1778 97 1824; x_wconf 88' lang='lat' dir='ltr'><strong>XV</strong></span> <span class='ocrx_word' id='word_1_179' title='bbox 121 1777 176 1823; x_wconf 92' lang='lat' dir='ltr'><strong>de</strong></span> <span class='ocrx_word' id='word_1_180' title='bbox 197 1776 279 1822; x_wconf 78' lang='lat' dir='ltr'><strong>illo</strong></span> <span class='ocrx_word' id='word_1_181' title='bbox 307 1776 573 1839; x_wconf 77' lang='lat' dir='ltr'><strong>scripturus,</strong></span> <span class='ocrx_word' id='word_1_182' title='bbox 593 1778 647 1824; x_wconf 84' lang='lat' dir='ltr'><strong>ab</strong></span> <span class='ocrx_word' id='word_1_183' title='bbox 671 1778 750 1825; x_wconf 87' lang='lat' dir='ltr'><strong>hac</strong></span> <span class='ocrx_word' id='word_1_184' title='bbox 781 1778 1044 1841; x_wconf 68' lang='lat' dir='ltr'><strong>praefatione</strong></span> <span class='ocrx_word' id='word_1_185' title='bbox 1072 1797 1167 1826; x_wconf 89' lang='lat' dir='ltr'><strong>non</strong></span> <span class='ocrx_word' id='word_1_186' title='bbox 1198 1778 1280 1828; x_wconf 50' lang='lat' dir='ltr'><strong>aba</strong></span> 
     </span>
     <span class='ocr_line' id='line_1_26' title="bbox 3 1840 1278 1905; baseline 0.003 -17"><span class='ocrx_word' id='word_1_187' title='bbox 3 1840 165 1888; x_wconf 83' lang='lat' dir='ltr'><strong>stinet:</strong></span> <span class='ocrx_word' id='word_1_188' title='bbox 192 1841 347 1899; x_wconf 79' lang='lat' dir='ltr'><strong>Majus</strong></span> <span class='ocrx_word' id='word_1_189' title='bbox 368 1861 470 1903; x_wconf 85' lang='lat' dir='ltr'><strong>opus</strong></span> <span class='ocrx_word' id='word_1_190' title='bbox 495 1862 662 1899; x_wconf 75' lang='lat' dir='ltr'><strong>moveO,</strong></span> <span class='ocrx_word' id='word_1_191' title='bbox 680 1844 891 1905; x_wconf 81' lang='lat' dir='ltr'><strong>majorque</strong></span> <span class='ocrx_word' id='word_1_192' title='bbox 914 1865 1042 1891; x_wconf 81' lang='lat' dir='ltr'><strong>rerum</strong></span> <span class='ocrx_word' id='word_1_193' title='bbox 1070 1848 1173 1891; x_wconf 78' lang='lat' dir='ltr'><strong>mihi</strong></span> <span class='ocrx_word' id='word_1_194' title='bbox 1197 1867 1278 1893; x_wconf 78' lang='lat' dir='ltr'><strong>na·</strong></span> 
     </span>
     <span class='ocr_line' id='line_1_27' title="bbox 0 1907 1278 1973; baseline 0.005 -21"><span class='ocrx_word' id='word_1_195' title='bbox 0 1907 132 1969; x_wconf 82' lang='lat' dir='ltr'><strong>scitur</strong></span> <span class='ocrx_word' id='word_1_196' title='bbox 158 1910 269 1953; x_wconf 83' lang='lat' dir='ltr'><strong>ordo.</strong></span> <span class='ocrx_word' id='word_1_197' title='bbox 305 1907 452 1954; x_wconf 84' lang='lat' dir='ltr'><strong>Falsos</strong></span> <span class='ocrx_word' id='word_1_198' title='bbox 481 1908 601 1953; x_wconf 89' lang='lat' dir='ltr'><strong>enim</strong></span> <span class='ocrx_word' id='word_1_199' title='bbox 631 1908 685 1954; x_wconf 92' lang='lat' dir='ltr'><strong>de</strong></span> <span class='ocrx_word' id='word_1_200' title='bbox 714 1925 770 1955; x_wconf 91' lang='lat' dir='ltr'><strong>eo</strong></span> <span class='ocrx_word' id='word_1_201' title='bbox 809 1926 1011 1956; x_wconf 85' lang='lat' dir='ltr'><strong>rumores</strong></span> <span class='ocrx_word' id='word_1_202' title='bbox 1037 1912 1278 1973; x_wconf 78' lang='lat' dir='ltr'><strong>coarguit,</strong></span> 
     </span>
     <span class='ocr_line' id='line_1_28' title="bbox 5 1971 1282 2036; baseline 0.004 -17"><span class='ocrx_word' id='word_1_203' title='bbox 5 1973 56 2019; x_wconf 88' lang='lat'>&amp;</span> <span class='ocrx_word' id='word_1_204' title='bbox 72 1971 127 2017; x_wconf 88' lang='lat' dir='ltr'><strong>ab</strong></span> <span class='ocrx_word' id='word_1_205' title='bbox 152 1971 365 2033; x_wconf 85' lang='lat' dir='ltr'><strong>improbo</strong></span> <span class='ocrx_word' id='word_1_206' title='bbox 387 1972 657 2036; x_wconf 86' lang='lat' dir='ltr'><strong>magicarum</strong></span> <span class='ocrx_word' id='word_1_207' title='bbox 685 1973 845 2020; x_wconf 86' lang='lat' dir='ltr'><strong>artium</strong></span> <span class='ocrx_word' id='word_1_208' title='bbox 864 1992 915 2021; x_wconf 83' lang='lat' dir='ltr'><strong>ac</strong></span> <span class='ocrx_word' id='word_1_209' title='bbox 940 1975 1173 2021; x_wconf 84' lang='lat' dir='ltr'><strong>divinandi</strong></span> <span class='ocrx_word' id='word_1_210' title='bbox 1194 1977 1282 2023; x_wconf 72' lang='lat' dir='ltr'><strong>stu-</strong></span> 
     </span>
     <span class='ocr_line' id='line_1_29' title="bbox 6 2035 1284 2102; baseline 0.005 -20"><span class='ocrx_word' id='word_1_211' title='bbox 6 2035 85 2083; x_wconf 85' lang='lat' dir='ltr'><strong>dio</strong></span> <span class='ocrx_word' id='word_1_212' title='bbox 101 2070 115 2093; x_wconf 89' lang='lat'><strong>,</strong></span> <span class='ocrx_word' id='word_1_213' title='bbox 138 2036 262 2099; x_wconf 89' lang='lat' dir='ltr'><strong>quod</strong></span> <span class='ocrx_word' id='word_1_214' title='bbox 285 2036 326 2082; x_wconf 86' lang='lat' dir='ltr'><strong>ei</strong></span> <span class='ocrx_word' id='word_1_215' title='bbox 350 2049 498 2083; x_wconf 83' lang='lat' dir='ltr'><strong>tamen</strong></span> <span class='ocrx_word' id='word_1_216' title='bbox 523 2054 727 2099; x_wconf 84' lang='lat' dir='ltr'><strong>proceres</strong></span> <span class='ocrx_word' id='word_1_217' title='bbox 753 2039 914 2086; x_wconf 83' lang='lat' dir='ltr'><strong>nostrae</strong></span> <span class='ocrx_word' id='word_1_218' title='bbox 944 2040 1174 2102; x_wconf 85' lang='lat' dir='ltr'><strong>religionis</strong></span> <span class='ocrx_word' id='word_1_219' title='bbox 1201 2043 1284 2089; x_wconf 65' lang='lat' dir='ltr'><strong>tri-</strong></span> 
     </span>
     <span class='ocr_line' id='line_1_30' title="bbox 6 2099 1283 2166; baseline 0.003 -18"><span class='ocrx_word' id='word_1_220' title='bbox 6 2099 178 2159; x_wconf 86' lang='lat' dir='ltr'><strong>buunt,</strong></span> <span class='ocrx_word' id='word_1_221' title='bbox 207 2100 348 2163; x_wconf 89' lang='lat' dir='ltr'><strong>ipsum</strong></span> <span class='ocrx_word' id='word_1_222' title='bbox 379 2101 590 2149; x_wconf 90' lang='lat' dir='ltr'><strong>defendit.</strong></span> <span class='ocrx_word' id='word_1_223' title='bbox 626 2109 685 2149; x_wconf 93' lang='lat' dir='ltr'><strong>At</strong></span> <span class='ocrx_word' id='word_1_224' title='bbox 713 2120 855 2165; x_wconf 75' lang='lat' dir='ltr'><strong>neque</strong></span> <span class='ocrx_word' id='word_1_225' title='bbox 885 2118 1119 2166; x_wconf 83' lang='lat' dir='ltr'><strong>propterea</strong></span> <span class='ocrx_word' id='word_1_226' title='bbox 1145 2106 1283 2153; x_wconf 85' lang='lat' dir='ltr'><strong>liber-</strong></span> 
     </span>
     <span class='ocr_line' id='line_1_31' title="bbox 4 2166 1282 2232; baseline 0.005 -20"><span class='ocrx_word' id='word_1_227' title='bbox 4 2166 107 2212; x_wconf 81' lang='lat' dir='ltr'><strong>tatis</strong></span> <span class='ocrx_word' id='word_1_228' title='bbox 131 2166 490 2228; x_wconf 82' lang='lat' dir='ltr'><strong>&amp;ingenuitatis</strong></span> <span class='ocrx_word' id='word_1_229' title='bbox 521 2167 834 2216; x_wconf 79' lang='lat' dir='ltr'><strong>obliviscitur:</strong></span> <span class='ocrx_word' id='word_1_230' title='bbox 863 2170 970 2232; x_wconf 85' lang='lat' dir='ltr'><strong>quin</strong></span> <span class='ocrx_word' id='word_1_231' title='bbox 999 2169 1140 2215; x_wconf 88' lang='lat' dir='ltr'><strong>immo</strong></span> <span class='ocrx_word' id='word_1_232' title='bbox 1176 2189 1282 2218; x_wconf 84' lang='lat' dir='ltr'><strong>can-</strong></span> 
     </span>
     <span class='ocr_line' id='line_1_32' title="bbox 6 2229 1279 2297; baseline 0.006 -22"><span class='ocrx_word' id='word_1_233' title='bbox 6 2229 116 2275; x_wconf 90' lang='lat' dir='ltr'><strong>dido</strong></span> <span class='ocrx_word' id='word_1_234' title='bbox 146 2232 197 2277; x_wconf 92' lang='lat'>&amp;</span> <span class='ocrx_word' id='word_1_235' title='bbox 219 2244 376 2291; x_wconf 88' lang='lat' dir='ltr'><strong>aperto</strong></span> <span class='ocrx_word' id='word_1_236' title='bbox 401 2233 581 2293; x_wconf 60' lang='lat' dir='ltr'><strong>pectore</strong></span> <span class='ocrx_word' id='word_1_237' title='bbox 606 2231 806 2294; x_wconf 87' lang='lat' dir='ltr'><strong>pluribus</strong></span> <span class='ocrx_word' id='word_1_238' title='bbox 837 2234 949 2281; x_wconf 88' lang='lat' dir='ltr'><strong>locis</strong></span> <span class='ocrx_word' id='word_1_239' title='bbox 973 2235 1279 2297; x_wconf 82' lang='lat' dir='ltr'><strong>timiditatem,</strong></span> 
     </span>
     <span class='ocr_line' id='line_1_33' title="bbox 5 2292 1284 2355; baseline 0.006 -15"><span class='ocrx_word' id='word_1_240' title='bbox 5 2292 374 2354; x_wconf 81' lang='lat' dir='ltr'><strong>ostentationem,</strong></span> <span class='ocrx_word' id='word_1_241' title='bbox 396 2297 624 2344; x_wconf 86' lang='lat' dir='ltr'><strong>levitatem</strong></span> <span class='ocrx_word' id='word_1_242' title='bbox 641 2334 653 2349; x_wconf 74' lang='grc'>,</span> <span class='ocrx_word' id='word_1_243' title='bbox 678 2298 946 2355; x_wconf 86' lang='lat' dir='ltr'><strong>vanitatem,</strong></span> <span class='ocrx_word' id='word_1_244' title='bbox 969 2300 1284 2348; x_wconf 83' lang='lat' dir='ltr'><strong>diffimulatio-</strong></span> 
     </span>
     <span class='ocr_line' id='line_1_34' title="bbox 4 2361 1283 2429; baseline 0.008 -26"><span class='ocrx_word' id='word_1_245' title='bbox 4 2374 108 2404; x_wconf 88' lang='lat' dir='ltr'><strong>nem</strong></span> <span class='ocrx_word' id='word_1_246' title='bbox 122 2393 135 2415; x_wconf 94' lang='lat'>‚</span> <span class='ocrx_word' id='word_1_247' title='bbox 155 2361 438 2408; x_wconf 81' lang='lat' dir='ltr'><strong>acerbitatem</strong></span> <span class='ocrx_word' id='word_1_248' title='bbox 457 2398 470 2419; x_wconf 93' lang='lat'><strong>,</strong></span> <span class='ocrx_word' id='word_1_249' title='bbox 496 2362 784 2409; x_wconf 88' lang='lat' dir='ltr'><strong>temeritatem</strong></span> <span class='ocrx_word' id='word_1_250' title='bbox 800 2400 813 2422; x_wconf 92' lang='lat'><strong>,</strong></span> <span class='ocrx_word' id='word_1_251' title='bbox 837 2365 1156 2429; x_wconf 78' lang='lat' dir='ltr'><strong>malignitatem</strong></span> <span class='ocrx_word' id='word_1_252' title='bbox 1170 2402 1183 2423; x_wconf 92' lang='lat'><strong>‚</strong></span> <span class='ocrx_word' id='word_1_253' title='bbox 1205 2383 1283 2413; x_wconf 88' lang='lat' dir='ltr'><strong>re·-</strong></span> 
     </span>
     <span class='ocr_line' id='line_1_35' title="bbox 6 2422 1283 2492; baseline 0.007 -25"><span class='ocrx_word' id='word_1_254' title='bbox 6 2422 216 2485; x_wconf 86' lang='lat' dir='ltr'><strong>liquaque</strong></span> <span class='ocrx_word' id='word_1_255' title='bbox 248 2426 386 2484; x_wconf 87' lang='lat' dir='ltr'><strong>vitia,</strong></span> <span class='ocrx_word' id='word_1_256' title='bbox 423 2444 618 2489; x_wconf 86' lang='lat' dir='ltr'><strong>quorum</strong></span> <span class='ocrx_word' id='word_1_257' title='bbox 659 2442 792 2487; x_wconf 84' lang='lat' dir='ltr'><strong>caput</strong></span> <span class='ocrx_word' id='word_1_258' title='bbox 822 2444 914 2475; x_wconf 82' lang='lat' dir='ltr'><strong>erat</strong></span> <span class='ocrx_word' id='word_1_259' title='bbox 955 2430 1195 2492; x_wconf 69' lang='lat' dir='ltr'><strong>apostasia,</strong></span> <span class='ocrx_word' id='word_1_260' title='bbox 1231 2435 1283 2481; x_wconf 67' lang='grc' dir='ltr'><strong>ὃς</strong></span> 
     </span>
     <span class='ocr_line' id='line_1_36' title="bbox 9 2485 1287 2560; baseline 0.012 -27"><span class='ocrx_word' id='word_1_261' title='bbox 9 2485 365 2539; x_wconf 85' lang='lat' dir='ltr'><strong>Christianorum</strong></span> <span class='ocrx_word' id='word_1_262' title='bbox 381 2492 554 2555; x_wconf 88' lang='lat' dir='ltr'><strong>odium,</strong></span> <span class='ocrx_word' id='word_1_263' title='bbox 570 2491 821 2556; x_wconf 61' lang='lat' dir='ltr'><strong>insectatur,</strong></span> <span class='ocrx_word' id='word_1_264' title='bbox 841 2508 990 2560; x_wconf 78' lang='lat' dir='ltr'><strong>atque,</strong></span> <span class='ocrx_word' id='word_1_265' title='bbox 1009 2507 1059 2541; x_wconf 83' lang='lat' dir='ltr'><strong>ut</strong></span> <span class='ocrx_word' id='word_1_266' title='bbox 1076 2493 1169 2556; x_wconf 76' lang='lat' dir='ltr'><strong>ejus</strong></span> <span class='ocrx_word' id='word_1_267' title='bbox 1189 2513 1287 2553; x_wconf 57' lang='grc' dir='ltr'><strong>νεῐτ</strong></span> 
     </span>
     <span class='ocr_line' id='line_1_37' title="bbox 1028 2561 1102 2607; baseline 0 -1"><span class='ocrx_word' id='word_1_268' title='bbox 1028 2561 1056 2607; x_wconf 74' lang='lat' dir='ltr'>b</span> <span class='ocrx_word' id='word_1_269' title='bbox 1078 2577 1102 2606; x_wconf 88' lang='lat'><em>2</em></span> 
     </span>
    </p>
   </div>
  </div>
 </body>
</html>
