1626 2917
69 145 170 189 DE
201 142 564 189 AMMIANO
594 129 1100 186 MARCELLINO.
1137 151 1329 185 xxxva

46 249 147 304 1609
202 250 351 289 Genevae
373 247 401 287 s.
422 247 578 286 Aureliae
605 247 837 299 Allobrogum
863 259 922 296 ap.
944 246 1094 285 Petrum
1117 246 1164 285 de
1191 246 1225 284 la
1251 246 1328 285 Ro-

200 303 322 352 viere,
350 301 418 344 fol.
440 302 482 341 in
506 300 621 352 Corp.
647 300 730 339 hist.
764 301 875 340 Rom.
903 301 1051 351 Scriptt.
1071 300 1172 341 Latt.
1195 300 1326 341 Tomo

198 357 250 397 II.

143 464 286 506 AETAS
327 463 388 504 III
419 463 856 504 LINDENBROGIO
887 463 1209 504 VALESIANA

544 571 703 626 1609-
721 584 821 625 1773

38 683 149 732 cuius
175 682 357 734 princeps
384 679 487 720 Frid.
509 678 789 731 Lindenbrogius
815 677 1088 718 Marcellinum
1123 689 1172 718 ex
1208 677 1321 719 MSS,

197 745 289 775 vett.
315 735 505 786 praecipue
526 733 747 772 Florentino
768 734 919 782 egregie
945 734 1072 771 denuo
1102 733 1263 772 correxit
1283 735 1321 772 Sc

195 790 341 841 primus
359 787 465 828 Obss.
480 786 690 826 illustravit.
707 785 868 825 Biennio
882 787 964 835 post
981 787 1243 826 Accursianam
1258 798 1320 824 ca-

194 843 343 894 stigavit
368 844 404 882 ἃ
429 842 469 880 in
488 840 610 890 capita
627 839 797 878 distinxit
813 839 931 886 Janus
958 841 1136 878 Gruterus.
1178 840 1321 880 Utrius-

197 909 272 948 que
301 897 400 936 curis
429 895 543 934 nixus
571 892 754 942 novisque
788 892 962 941 auxiliis,
991 895 1026 932 ἃ
1058 894 1180 934 Codd.
1207 894 1320 934 MSS,

195 951 388 1001 praecipue
412 948 511 987 Cod.
538 946 637 987 Bibl.
668 959 746 996 reg.
775 945 883 985 Paris.
908 948 943 985 δε
968 947 1056 986 edd.
1086 948 1230 997 primus
1256 960 1318 985 au-

199 1007 278 1044 etus
309 1004 370 1052 Jo.
403 1003 564 1054 Valefius
596 999 868 1040 Marcellinum
897 1002 1166 1040 correcliorem
1199 1003 1234 1040 δε
1261 1001 1318 1038 lo-

196 1056 434 1108 cupletatum
455 1068 514 1093 an.
535 1055 634 1105 1636
655 1055 787 1093 edidit.
806 1053 934 1103 Quam
950 1055 1010 1093 ed.
1032 1055 1131 1093 curis
1153 1054 1317 1094 Linden-

195 1111 318 1161 brogii
342 1113 378 1150 ὁὶ
415 1108 551 1149 Valefii
579 1108 777 1155 secundis,
803 1121 979 1158 novaque
1007 1108 1212 1148 collatione
1240 1108 1319 1148 Co·

195 1166 293 1205 dicis
322 1163 533 1204 Colbertini
560 1171 632 1202 cet.
653 1162 944 1213 perfeetiorem
968 1163 1119 1213 vitaque
1148 1162 1314 1203 Marcel-

194 1219 266 1259 lini
290 1231 311 1257 a
336 1217 392 1258 Cl.
412 1217 607 1257 Chiffletio
629 1215 766 1267 scripta
786 1218 821 1255 ἃ
844 1217 974 1255 indice
991 1226 1082 1257 cett.
1101 1218 1314 1257 auffiorem

189 1271 403 1325 publicavit
434 1271 531 1311 1681
561 1271 682 1311 Hadr.
707 1270 882 1321 Valefius‚
899 1270 959 1318 J0.
974 1270 1085 1310 filius.
1112 1272 1220 1311 Hanc
1245 1272 1306 1310 ed.

188 1324 530 1378 praestantiffimam
569 1325 650 1372 Jac.
692 1325 893 1362 Gronovius
931 1337 1002 1374 pro
1045 1325 1206 1366 modulo
1242 1324 1312 1363 suo

191 1381 317 1428 auxit,
343 1378 542 1428 numisque
562 1380 599 1417 ἃ
615 1377 697 1416 aliis
713 1377 802 1427 figg.
819 1386 996 1416 ornatum
1019 1379 1173 1428 repetiit
1199 1380 1312 1431 1693.

193 1435 312 1484 Cujus
336 1442 485 1472 textum
518 1432 687 1471 reddidit
716 1431 911 1481 Lipfienfis
940 1434 1036 1482 Aug.
1061 1432 1165 1472 Guil.
1188 1433 1312 1473 Erne-

192 1489 272 1536 stii,
302 1489 337 1526 ἃ
361 1499 430 1525 nos
455 1486 572 1524 secuti
598 1484 739 1523 sumus.

34 1541 134 1596 1609
189 1542 409 1592 Hamhurgi,
438 1555 473 1588 4.
504 1552 550 1578 ex
582 1537 811 1589 bibliopolio
833 1539 1086 1580 Frobeniano.
1113 1540 1310 1581 Ammiani

189 1594 406 1637 Marcellini
425 1606 549 1632 rerum
575 1593 763 1643 gestarum
784 1594 850 1643 qui
875 1594 923 1632 de
946 1595 1089 1634 XXXI
1110 1594 1308 1644 supersunt

187 1649 273 1689 libri
296 1648 439 1690 XVIII.
467 1648 525 1686 Ad
550 1646 668 1686 fidem
693 1647 805 1687 MSS.
835 1649 870 1687 ἃ
897 1657 1065 1687 veterum
1094 1649 1219 1688 codd.
1247 1662 1306 1688 re-

189 1703 340 1751 censiti,
369 1704 404 1742 &
431 1701 756 1740 observationibus
782 1700 963 1741 illustrati.
988 1703 1044 1742 Ex
1066 1702 1308 1744 bibliotheca

189 1757 250 1798 Fr.
273 1756 530 1812 Lindenbrogii.
557 1778 603 1785 -
618 1754 715 1795 Usus
741 1755 772 1794 is
797 1755 848 1794 est
871 1758 1062 1807 praecipue
1091 1757 1186 1796 Cod.
1217 1756 1309 1797 Flo·-

189 1812 341 1850 rentino
356 1841 369 1857 ,
405 1811 514 1859 cujus
542 1822 617 1859 ope
644 1808 751 1848 locos
771 1809 918 1859 aliquot
937 1813 1090 1862 egregie
1111 1811 1304 1851 correxit:

185 1865 404 1918 primusque
423 1864 596 1902 omnium
624 1865 819 1903 auetorem
835 1864 923 1903 sane
940 1865 1208 1904 difficillimum
1224 1878 1309 1915 per*²

186 1922 311 1970 petuis
344 1917 670 1958 observationibus
706 1916 889 1957 illustrare
920 1919 1030 1958 ausus
1060 1920 1123 1958 est.
1173 1920 1307 1959 Varias

187 1974 273 2015 MS.
298 1972 485 2012 leetiones
508 1972 549 2011 in
577 1971 684 2010 calce
705 1971 882 2011 editionis
907 1973 1094 2023 apposuit.
1118 1974 1140 1994 *

297 2026 320 2047 ⁴²
338 2027 397 2067 Fr.
429 2025 707 2075 Lindenbrogii
724 2027 947 2066 Ammianus
974 2027 1095 2067 indici
1122 2040 1305 2079 expurga-

239 2082 342 2120 torio
356 2080 581 2121 Madritenfi
596 2079 756 2118 insertus
772 2081 842 2127 est,
860 2082 964 2131 quod
984 2082 1140 2120 miratur
1159 2082 1310 2123 Matth-

237 2135 570 2175 Zimmermannus
597 2133 637 2171 in
663 2135 860 2174 montibus
886 2135 1040 2185 pietatis
1064 2149 1100 2186 p.
1117 2137 1209 2188 458.

34 2188 131 2228 1611
189 2190 397 2236 Hanoviae,
423 2188 492 2227 fol.
514 2211 559 2218 --
576 2200 665 2226 cum
692 2188 1003 2239 castigationibus
1026 2192 1061 2230 ἅ
1092 2191 1190 2228 notis
1214 2190 1305 2238 Jani

189 2243 346 2281 Gruteri.
375 2243 423 2282 In
443 2241 564 2291 ejusd.
591 2242 744 2292 Scriptt,
773 2243 869 2283 Hist.
891 2245 988 2294 Aug.
1012 2245 1058 2284 T.
1082 2244 1138 2291 Π,
1154 2257 1190 2294 p.
1211 2257 1302 2296 453.

187 2296 367 2337 Gruterus
403 2298 545 2346 primus
573 2296 817 2336 Ammianum
842 2300 882 2336 in
906 2299 1030 2348 capita
1053 2298 1192 2346 secuit,
1212 2298 1300 2337 usus

184 2351 356 2444 {dixtlione
386 2350 555 2391 Aecurfii
590 2352 626 2390 δι
656 2350 766 2390 variis
793 2351 1025 2392 lectionibus
1060 2353 1170 2393 MSS.
1201 2349 1316 2392 Gam

272 2415 358 2444 atie.

14 2455 131 2509 ‘1632
185 2458 300 2514 Lugd.
324 2459 411 2499 Bat.
438 2470 647 2502 12.-cum
667 2471 704 2501 n.
723 2459 847 2502 Matci
871 2460 997 2502 Zuerii
1022 2459 1300 2506 βὀκΙιωηὲιζ--ιι4

996 2532 1067 2578 03
