1626 2917
219 157 308 204 160
441 153 773 200 AMMIANI
816 153 1276 201 MARCELLINI

212 280 317 309 cum
346 262 508 308 milites
540 260 753 322 quosdam
777 261 929 316 ruisse,
957 263 1006 309 &
1033 263 1074 309 se
1099 263 1380 311 vulneratum
1417 261 1508 310 imi

215 350 369 396 parem
395 332 492 378 fore
515 332 835 378 certaminibus
869 333 1119 379 adverteret
1147 335 1311 380 crebris
1331 370 1345 392 ‚
1367 335 1506 380 dosso

217 407 515 466 Imperatore,
536 403 645 466 quid
663 403 733 466 agi
750 404 932 450 deberet
949 439 961 461 ‚
984 404 1027 449 id
1047 405 1108 450 est
1129 407 1338 468 adeptus5
1361 417 1408 450 ut
1432 421 1509 467 pe·

211 478 355 523 ditum
395 476 599 540 magister
633 476 821 523 Severus
861 478 1129 539 opitulatum
1175 480 1306 525 rebus
1357 479 1506 525 dubiis

215 550 466 596 adveniret.
486 549 580 610 Qui
611 549 779 597 ducens
807 550 993 596 militem
1013 551 1077 596 rei
1096 551 1385 598 sufficientem
1405 567 1508 598 cum

216 624 410 670 venisset
435 624 490 669 ad
525 624 627 672 loca
646 659 660 680 ,
691 624 1003 671 discriminatis
1029 625 1264 673 ordinibus
1294 626 1511 672 barbaros

221 710 325 744 ante
357 695 730 743 colluctationem
767 698 878 744 adeo
910 697 1073 743 terruit
1111 699 1160 745 ὅ(
1199 700 1434 756 turbavit,
1462 710 1512 744 ut

222 790 307 819 nec
325 771 645 819 controversas
674 784 962 835 opponerent
983 789 1166 829 manus,
1189 773 1262 819 sed
1284 773 1513 836 signorum

223 846 564 910 aquilarumque
609 845 791 909 fulgore
827 845 1057 910 praestrifiti
1095 847 1318 893 venialem
1354 845 1515 909 posce-

222 935 323 968 rent
352 937 521 984 pacem.
555 920 741 984 Diuque
775 920 956 967 variatis
987 920 1185 968 consiliis
1203 955 1215 978 ,
1241 939 1341 968 cum
1364 920 1411 966 id
1431 919 1517 967 rei·

224 995 419 1059 publicae
455 995 712 1042 conducere
744 993 1003 1052 videretur,
1046 994 1179 1056 paffis
1221 994 1434 1052 indutiis,
1467 996 1517 1043 &

226 1069 335 1115 datis
357 1085 413 1114 ex
433 1067 699 1115 conditione
729 1067 958 1128 proposita
985 1064 1227 1127 juvenibus
1256 1067 1406 1113 multis
1437 1067 1518 1114 ha·-

229 1141 396 1190 bilibus
423 1141 479 1187 ad
512 1140 717 1187 militiam
735 1175 748 1196 ‚
772 1139 995 1187 discedere
1025 1139 1217 1202 permissi
1252 1139 1349 1185 sunt
1377 1142 1517 1185 Saxo-

229 1232 336 1272 nes,
366 1215 456 1260 fine
488 1213 840 1276 impedimento,
861 1213 978 1258 unde
1011 1225 1251 1268 venerant,
1279 1214 1518 1261 reversuri,

229 1287 412 1348 Quibus
433 1287 560 1334 omni
591 1285 678 1346 jam
699 1284 944 1331 formidine
964 1285 1120 1331 vacuis
1139 1285 1419 1348 reditumque
1444 1303 1519 1347 pa-

228 1361 432 1408 rantibus
454 1395 468 1418 ,
505 1359 688 1406 occulte
723 1358 895 1421 pedites
927 1358 1038 1404 miffi
1076 1358 1252 1405 infidias
1290 1359 1335 1404 in
1372 1359 1520 1406 abdita

228 1432 421 1496 quadam
441 1431 560 1478 valle
584 1431 862 1487 struxerunt,
881 1430 1002 1476 unde
1023 1441 1343 1491 praetereuntes
1370 1446 1522 1492 aggre-

233 1508 281 1554 di
311 1506 500 1570 negotio
528 1517 738 1568 poterant
759 1505 886 1552 levi:
912 1505 985 1551 sed
1009 1504 1144 1568 longe
1179 1504 1298 1552 secus
1328 1506 1522 1561 accidit,

232 1597 370 1643 quam
398 1579 670 1641 sperabatur.
695 1577 859 1624 Sonitu
888 1577 1007 1623 enim
1044 1577 1384 1623 adventantium
1423 1592 1524 1639 per·

234 1652 315 1700 citi
340 1652 559 1698 exsiluere
577 1650 758 1713 quidam
789 1649 1101 1713 intempestive
1118 1685 1131 1708 ‚
1154 1650 1323 1713 visique
1347 1650 1523 1710 subito,

236 1727 342 1772 dum
379 1724 419 1771 se
454 1723 627 1771 firmare
657 1723 887 1781 festinant,
907 1723 1180 1770 ululantibus
1209 1724 1395 1787 lugubre
1427 1727 1524 1772 bar·

237 1798 356 1845 baris
379 1810 619 1844 vertuntur
647 1797 694 1843 in
721 1797 869 1860 pedes.
895 1797 1063 1842 Stetere
1097 1808 1246 1842 tamen
1270 1813 1378 1842 mox
1414 1814 1525 1843 con·

239 1871 444 1935 globati,
473 1884 759 1933 extremaque
788 1870 908 1916 sorte
939 1870 1058 1917 vires
1084 1870 1185 1916 licet
1218 1887 1310 1915 non
1334 1870 1526 1934 integras

238 1944 526 2007 suggerente,
550 1941 794 2005 confligere
821 1942 1099 2005 cogebantur
1120 1960 1131 1988 z
1152 1942 1375 2004 multaque
1405 1944 1527 1990 caede

241 2015 430 2078 perculsi
460 2016 757 2063 concidissent
776 2016 903 2062 nullo
931 2016 1087 2061 reli&o
1108 2051 1121 2072 ‚
1146 2015 1190 2060 ni
1220 2016 1528 2077 cataphraCto-

242 2106 343 2136 rum
382 2088 584 2152 equitum
631 2105 829 2143 cuneus,
863 2089 919 2134 ad
953 2087 1230 2134 inferendum
1281 2088 1528 2149 periculum

243 2160 574 2208 transeuntibus
605 2161 799 2208 barbaris
833 2178 888 2207 ex
915 2161 1005 2207 alio
1036 2161 1169 2206 latere
1200 2178 1341 2223 prope
1370 2162 1528 2207 divor-

245 2236 357 2284 tium
384 2235 553 2282 itineris
583 2237 677 2297 pari
707 2236 847 2281 modo
871 2236 1041 2281 locatus
1065 2272 1077 2293 ‚
1109 2235 1305 2282 clamore
1334 2236 1528 2297 percitus

246 2308 358 2356 tristi
379 2310 551 2372 agiliter
572 2310 852 2357 subvenisset.
879 2311 993 2356 Exin
1012 2310 1280 2356 concursum
1303 2310 1501 2356 infestius
1517 2342 1532 2368 ,

246 2381 515 2445 firmatisque
544 2384 797 2444 pestoribus
829 2385 934 2429 hinc
964 2384 1067 2428 inde
1090 2384 1398 2428 incumbentes
1432 2383 1530 2428 Ro-

246 2457 369 2511 mani
388 2456 558 2508 clausos
573 2458 718 2513 hostes
737 2458 902 2510 eduClis
916 2457 1068 2522 gladiis
1084 2458 1411 2507 obtruncabant
1426 2475 1435 2504 ε
1449 2466 1532 2503 nec
