1626 2917
162 228 252 261 Μ).
364 214 714 260 AMMtANt
761 213 1241 261 MARCELLINI

161 320 243 366 hac
274 320 411 382 gratia
443 319 686 381 postulatus
705 352 718 376 ‚
740 319 865 382 quod
890 319 1016 382 super
1041 320 1326 382 adipiscendo
1358 318 1430 365 in·

159 389 395 451 terrogaffe
416 388 647 435 dicebatur
666 388 856 449 imperio
874 407 884 435 :
904 406 1069 452 perque
1090 391 1285 454 elogium
1307 391 1431 453 prin-

159 463 270 524 cipis
288 461 487 523 torqueri
507 474 752 523 praeceptus
767 497 780 519 ,
797 462 873 523 qui
893 461 935 507 in
955 462 1021 509 his
1041 463 1206 509 casibus
1226 480 1306 510 nec
1328 480 1429 525 pec·

159 546 308 580 catum
338 533 578 594 aliquando
609 532 759 594 pietati
781 533 961 578 dederat
987 549 1068 580 nec
1093 547 1281 579 erratum
1298 568 1310 590 ‚
1331 532 1428 579 fato

155 607 355 669 quodam
399 618 576 653 arcente
596 643 607 663 ,
642 622 836 668 corpore
874 607 1156 653 immaculato
1199 607 1283 654 lata
1326 606 1429 669 fuga

160 682 391 727 damnatus
411 680 485 725 est.
515 680 638 727 Dein
656 680 881 727 Parnasius
902 697 957 726 ex
981 680 1188 742 praefeflo
1209 682 1391 745 AEgypti
1411 718 1427 739 ,

111 813 114 816 Α
155 754 300 800 homo
341 754 604 816 simplicium
641 770 852 810 morum,
883 770 940 800 eo
972 754 1181 801 deduCtus
1212 756 1426 816 periculi,

155 840 206 873 ut
238 827 605 889 pronuntiaretur
637 826 793 887 capitis
811 842 910 873 reus
927 862 939 883 ,
958 826 1108 872 itidem
1135 826 1280 889 pulsus
1301 827 1361 873 est
1381 829 1427 874 in

157 899 358 946 exsilium
388 917 398 945 ε
433 898 544 961 saepe
584 899 759 945 auditus
799 899 942 945 multo
979 900 1167 946 antehac
1204 900 1426 957 retulisse,

153 974 303 1037 quod,
323 991 423 1020 cum
446 974 591 1019 Patras
613 973 861 1020 Achaicum
892 973 1108 1034 oppidum
1127 1009 1141 1029 ,
1163 972 1238 1018 ubi
1254 974 1428 1036 >genitus

154 1048 310 1093 habuit
343 1048 510 1103 larem,
532 1047 821 1108 impetrandae
862 1045 989 1092 causa
1023 1045 1247 1107 cujusdam
1293 1046 1428 1091 relin-

154 1132 312 1181 queret
344 1118 570 1181 potestatis
590 1153 602 1174 ‚
626 1134 702 1179 per
729 1119 923 1179 quietem
948 1117 1209 1163 deducentia
1242 1116 1282 1163 se
1304 1119 1428 1163 habi-

152 1205 223 1238 tus
243 1191 397 1253 tragici
418 1188 625 1253 figmenta
647 1190 821 1237 viderat
845 1188 996 1234 multa.
1020 1190 1304 1236 Andronicus
1330 1190 1429 1251 post

153 1282 180 1311 a
199 1264 348 1310 studiis
372 1263 623 1308 liberalibus
642 1265 689 1309 ὅ(
710 1261 971 1308 claritudine
991 1262 1235 1307 carminum
1257 1274 1391 1308 notus
1412 1296 1426 1318 ,

151 1337 201 1384 in
236 1335 451 1397 judicium
478 1335 759 1380 introductus
776 1370 788 1391 ‚
813 1351 914 1380 cum
938 1333 1088 1380 secura
1119 1345 1265 1380 mente
1298 1334 1428 1381 nullis

153 1409 482 1472 suspicionibus
497 1420 754 1471 urgeretur,
774 1407 1006 1470 purgando
1029 1406 1197 1469 semper
1223 1409 1271 1454 &
1292 1405 1428 1454 fiden-

152 1482 240 1528 tius
259 1482 485 1528 absolutus
503 1480 577 1527 est.
596 1480 856 1527 Demetrius
873 1479 1025 1526 itidem
1041 1480 1237 1544 Chytras
1256 1497 1429 1544 cogno·

151 1570 310 1605 mento
345 1555 642 1619 philosophus
664 1590 677 1612 ,
702 1555 965 1618 grandaevus
1002 1553 1179 1616 quidam
1200 1588 1212 1609 ‚
1239 1557 1288 1602 &
1321 1571 1431 1601 cor-

153 1648 266 1694 pore
297 1631 428 1676 durus
449 1631 498 1676 &
526 1629 677 1674 animo
693 1663 706 1685 ,
733 1625 986 1674 sacrificasse
1011 1626 1247 1688 aliquoties
1266 1626 1428 1674 confu-

152 1716 270 1751 tatus
292 1701 472 1748 infitiari
495 1719 588 1748 non
617 1701 767 1764 potuit
786 1735 800 1759 ‚
825 1699 1011 1746 asserens
1030 1699 1302 1761 propitiandi
1321 1717 1428 1747 cau-

152 1778 195 1826 sa
219 1777 412 1823 numinis
442 1777 537 1824 hee-c
558 1794 581 1823 a
602 1776 742 1839 prima
767 1775 1059 1823 adolescentia
1081 1774 1312 1832 faelitaffe,
1332 1792 1425 1823 non

154 1851 354 1898 tentandi
380 1850 637 1896 sublimiora
664 1849 891 1897 scrutatis:
914 1865 996 1896 nec
1019 1848 1136 1894 enim
1160 1864 1426 1911 quemquam

154 1927 200 1974 id
232 1938 424 1972 noverat
456 1926 669 1972 affe&are.
702 1924 796 1972 Diu
820 1923 967 1986 itaque
991 1923 1217 1969 adhaerens
1249 1921 1425 1980 eculeo,

155 2017 282 2055 cum,
306 1995 467 2047 fiducia
500 1998 626 2061 gravi
655 1998 862 2044 fundatus
882 2032 894 2053 ,
916 2010 1196 2059 nequaquam
1226 1994 1428 2055 varians,

155 2072 310 2117 eadem
341 2084 487 2117 oraret
507 2071 754 2133 intrepidus
768 2106 782 2128 ,
803 2069 1115 2117 Alexandriam
1133 2102 1145 2121 ,
1173 2067 1290 2113 unde
1309 2066 1426 2112 orie-

153 2145 315 2201 batur,
343 2144 558 2190 innoxius
599 2144 720 2190 abire
751 2142 975 2206 permissus
1004 2141 1079 2188 est.
1119 2143 1173 2186 Et
1207 2140 1289 2186 hos
1318 2139 1424 2202 qui-

152 2217 254 2263 dem
290 2215 487 2279 aliosque
514 2232 681 2278 paucos
713 2232 839 2279 aequa
865 2213 958 2261 sors
987 2213 1186 2260 veritatis
1204 2212 1395 2274 adjutrix
1414 2247 1429 2271 ,

153 2289 366 2353 periculis
393 2290 559 2335 exemit
590 2289 802 2350 abruptis.
822 2286 1095 2334 Criminibus
1116 2302 1227 2333 vero
1254 2285 1427 2345 serpen-

154 2361 275 2409 tibus
304 2360 432 2407 latius
458 2378 535 2423 per
562 2361 816 2424 implicatos
845 2376 986 2407 nexus
1013 2359 1101 2404 fine
1135 2357 1224 2405 fine
1261 2358 1425 2404 disten-

154 2444 257 2489 tos,
290 2431 469 2494 quidam
500 2431 768 2493 corporibus
800 2430 972 2477 laniatis
1001 2428 1422 2492 exstinguebantur:

155 2505 230 2553 alii
251 2505 399 2570 poenis
417 2505 703 2556 ulterioribus
722 2505 915 2555 damnati
938 2504 1061 2565 sunt,
1082 2504 1213 2553 bonis
1234 2501 1418 2566 ereptis,
