1626 2917
179 199 241 254 48
386 196 736 244 AMM1AN1
783 194 1266 241 MARCELLINI

181 303 345 353 tarium
384 315 534 366 raptus
570 300 799 348 Ursicinus
833 299 1114 346 indemnatus
1150 299 1462 356 occideretur,

183 391 232 425 ut
267 380 494 440 quondam
534 374 768 421 Domitius
801 375 1010 420 Corbulo
1048 373 1210 420 dicitur
1248 372 1382 420 caesus
1413 373 1463 419 in

184 449 450 498 colluvione
497 447 571 493 illa
613 446 863 493 Neroniani
905 445 1067 502 seculi,
1118 445 1466 508 provinciarum

183 520 297 568 fidus
333 518 536 566 defensor
577 519 625 566 &
660 531 829 566 cautus.
868 518 1049 578 Quibus
1084 518 1142 564 ita
1180 509 1465 581 compositis,

185 611 290 642 cum
320 594 374 641 ad
391 593 480 639 hoc
502 592 704 638 destinati
726 592 984 654 praediffmm
1002 604 1176 654 tempus
1199 592 1467 656 opperiren-

187 680 285 724 tur,
308 665 497 713 consilio
523 663 569 710 in
592 663 887 710 lenitudinem
915 662 1060 721 flexo,
1087 663 1259 712 facinus
1280 664 1468 726 impium

186 741 242 787 ad
263 738 631 785 deliberationem
650 736 888 783 secundam
912 734 1078 781 differri
1101 751 1373 799 praeceptum
1394 736 1469 783 est.

186 813 383 875 Indeque
409 812 464 858 ad
494 810 713 858 Iulianum
749 825 904 855 recens
936 809 1193 871 perductum
1223 809 1471 856 calumnia-

189 905 287 934 rum
317 885 510 935 vertitur
539 884 770 942 machina,
794 883 1132 930 memorabilem
1166 883 1319 945 postea
1347 884 1474 946 prin-

189 959 364 1021 cipem,
383 957 563 1021 gemino
592 955 779 1004 crimine
804 967 854 1001 ut
881 954 1091 1018 iniquitas
1117 954 1356 1002 aestimabat
1385 953 1472 1000 im-

189 1031 395 1094 plicitum
427 1047 438 1076 :
472 1029 598 1092 quod
636 1045 660 1075 a
700 1027 876 1074 Macelli
915 1026 1058 1073 fundo
1100 1026 1146 1072 in
1183 1026 1474 1090 Cappadocia

189 1104 366 1168 posim,
395 1103 449 1149 ad
485 1102 631 1149 Asiam
662 1101 925 1164 demigrarat
963 1100 1208 1146 liberalium
1253 1100 1473 1147 desiderio

191 1174 495 1222 doftrinarum
510 1209 523 1231 ‚
544 1176 591 1220 &
609 1190 685 1234 per
703 1172 1151 1234 Constantinopolim
1171 1173 1474 1220 transeuntem

193 1247 369 1294 viderat
393 1246 588 1293 fratrem.
621 1245 840 1306 Quicum
871 1244 1045 1306 objecta
1076 1245 1291 1302 dilueret,
1323 1245 1478 1292 osten-¹

193 1322 432 1383 deretque‚
451 1333 658 1365 neutrum
687 1319 774 1364 fine
793 1317 907 1379 juffu
925 1318 1097 1376 feciffe,
1119 1318 1316 1366 nefando
1339 1319 1476 1366 ass'en·

193 1405 394 1441 'catorum
412 1404 535 1439 coetu
558 1390 732 1453 periffet
747 1404 951 1454 urgente,
973 1391 1018 1437 ni
1037 1391 1303 1453 aspiratione
1322 1392 1477 1455 super-

196 1467 243 1513 ni
276 1464 499 1523 numinis,
525 1464 711 1511 Eusebia
742 1463 1006 1527 suffragante
1032 1465 1205 1528 regina,
1237 1467 1390 1514 ductus
1421 1466 1479 1513 ad

197 1540 396 1586 Comum
415 1536 634 1600 oppidum
655 1536 920 1584 Mediolano
941 1537 1174 1595 vicinum,
1193 1537 1346 1602 ibique
1370 1555 1480 1599 pau-

196 1612 329 1675 lisper
356 1624 584 1668 moratus,
607 1611 886 1674 procudendi
911 1610 1079 1675 ingenii
1104 1611 1252 1670 causa,
1274 1625 1323 1659 ut
1346 1613 1478 1675 cupi-

196 1686 301 1733 dine
320 1684 551 1747 flagravit,
572 1684 626 1730 ad
646 1684 872 1731 Graeciam
893 1683 957 1730 ire
981 1684 1208 1747 permissus
1228 1685 1347 1732 effet.
1378 1685 1421 1731 N
1426 1701 1478 1733 ec

198 1759 380 1806 defuere
414 1758 623 1821 deinceps
658 1776 712 1805 ex
744 1759 814 1806 his
846 1759 1113 1821 emergentia
1152 1759 1346 1815 casibus,
1376 1776 1481 1823 quae

200 1831 438 1894 dispiceres
461 1830 661 1878 secundis
680 1831 841 1878 avibus
864 1831 1118 1895 contigisse,
1139 1832 1245 1878 dum
1266 1832 1483 1895 puniren-

200 1917 274 1950 tur
288 1912 358 1950 'ex
387 1902 483 1964 jure
500 1938 514 1961 ,
538 1903 613 1950 vel
632 1915 842 1967 tanquam
863 1903 984 1951 irrita
1006 1904 1262 1950 diffluebant
1281 1907 1330 1952 &
1351 1919 1485 1952 vana.·

202 1977 288 2024 Sed
308 1976 538 2024 accidebat
567 1993 897 2040 nonnunquam
913 2013 926 2034 ,
945 1989 994 2022 ut
1024 1977 1230 2039 opulenti
1261 1977 1482 2040 pulsantes

203 2047 402 2112 praesidia
420 2048 652 2111 potiorum
667 2084 681 2106 ‚
707 2048 948 2112 iisdemque
967 2062 1173 2111 tanquam
1198 2050 1340 2096 ederae
1360 2050 1484 2097 celsis

206 2120 438 2167 arboribus
468 2120 745 2166 adhaerentes
761 2155 773 2177 ,
793 2119 1122 2166 absolutionem
1142 2119 1292 2181 pretiis
1311 2136 1485 2166 merca-

206 2207 358 2241 rentur
382 2193 604 2240 immensis
625 2209 635 2238 :
659 2205 812 2240 tenues
835 2210 948 2240 vero
963 2229 975 2249 ,
995 2193 1155 2256 quibus
1175 2192 1346 2254 exiguae
1366 2191 1485 2238 vires

206 2280 335 2315 erant
367 2267 422 2314 ad
456 2266 759 2312 redimendam
793 2265 970 2312 salutem
1006 2279 1081 2311 aut
1115 2264 1277 2321 nullae,
1303 2264 1487 2310 damna-

209 2341 372 2388 bantur
390 2340 588 2402 abrupte.
620 2339 814 2402 Ideoque
845 2342 893 2386 &
920 2338 1081 2386 veritas
1102 2337 1342 2383 mendaciis
1362 2335 1486 2384 vela-

211 2415 364 2471 batur,
392 2414 442 2460 &
473 2412 654 2458 valuere
684 2429 767 2474 pro
800 2412 920 2459 veris
948 2410 1188 2475 aliquoties
1225 2410 1343 2457 falsa.
1378 2410 1485 2454 Per-

211 2486 366 2534 duStus
403 2485 464 2534 est
494 2484 647 2533 iisdem
682 2484 838 2532 diebus
871 2486 921 2532 ὃ(
958 2483 1250 2547 Gorgonius,
1282 2481 1357 2531 cui
1394 2492 1488 2528 erat
