1626 2917
1336 148 1420 198 ¹33

219 313 686 383 AMMIANI
746 258 1349 381 MARCELLINI

130 500 625 606 [RERUM
688 511 1426 603 GESTARUM

408 684 511 787 Ll'l
547 731 589 787 B
627 730 670 785 E
705 729 757 784 R
823 726 1154 785 xxvm.

145 1053 287 1102 Multi,
313 1053 427 1093 etiam
455 1052 668 1098 senatores,
695 1062 740 1090 ac
777 1050 951 1090 senatorii
983 1049 1128 1101 generis
1153 1049 1322 1099 feminae,
1341 1050 1426 1091 Ros

196 1127 269 1154 mae
298 1113 593 1161 veneficiorum,
616 1111 831 1162 stuprorum
846 1142 856 1160 ,
879 1113 914 1151 ὃς
941 1111 1216 1151 adulteriorum
1239 1111 1427 1151 accusan-

195 1186 283 1226 tur,
311 1178 346 1217 &
378 1175 565 1227 supplicio
603 1174 829 1213 afficiuntur.
860 1176 899 1214 C.
932 1176 962 1214 I.
996 1174 1286 1215 Valentinianus
1324 1176 1420 1226 Aug.

195 1246 320 1278 totam
336 1237 459 1277 Rheni
481 1237 601 1287 ripam
627 1234 811 1276 Gallicam
831 1235 977 1283 castris,
998 1235 1177 1285 castellis,
1201 1238 1236 1276 ἃ
1257 1236 1425 1275 turribus

196 1300 348 1339 munit:
371 1298 572 1338 Alamanni
594 1298 787 1336 Romanos
813 1306 912 1336 trans
934 1295 1115 1336 Rhenum
1138 1298 1426 1338 munimentum

199 1362 429 1401 exstruentes
469 1360 716 1399 interficiunt.
758 1357 1097 1408 Marathocupreni
1132 1359 1353 1409 grassatores
1385 1359 1427 1398 in

197 1424 304 1474 Syria
327 1423 424 1473 juffu
450 1423 620 1462 Valentis
642 1425 684 1462 A.
709 1434 797 1460 cum
822 1421 948 1461 liberis
966 1424 1000 1461 &
1020 1422 1106 1460 vico
1126 1421 1192 1461 suo
1219 1422 1346 1462 deleti.
1370 1424 1425 1465 II.

199 1486 439 1527 Theodosius
461 1485 572 1524 urbes
596 1485 798 1524 Britanniae
823 1497 843 1522 a
866 1484 1032 1523 barbaris
1059 1485 1214 1524 vastatas
1241 1485 1422 1539 restituit,

200 1546 349 1586 castella
377 1555 550 1598 reparat,
577 1547 611 1584 ὃς
635 1545 878 1595 provinciam
906 1544 1034 1584 insulae
1058 1546 1216 1596 recipit,
1238 1560 1319 1596 quae
1347 1548 1428 1586 Va-
1496 1554 1499 1556 “

197 1611 313 1650 lentia
334 1609 386 1649 est
409 1608 611 1660 appellata.
633 1608 702 1646 III.
732 1607 788 1646 De
807 1607 960 1658 Olybrii
984 1610 1019 1647 ἃ
1042 1608 1206 1658 Ampelii
1223 1610 1428 1658 praefeel'u-

199 1686 240 1712 ra
268 1671 436 1711 urbana:
460 1673 494 1711 &
523 1670 570 1709 de
597 1669 696 1708 vitiis
723 1668 870 1707 senatus
905 1669 1112 1720 populique
1147 1671 1322 1712 Romani.
1357 1674 1425 1713 IV,

201 1735 370 1774 Saxones
397 1732 435 1770 in
458 1731 580 1772 Gallia
595 1760 606 1777 ,
633 1729 715 1780 post
738 1729 854 1768 facias
876 1729 1064 1777 indutias,
1091 1744 1111 1770 a
1140 1731 1320 1771 Romanis
1340 1734 1427 1773 infi-

202 1796 278 1834 diis
304 1793 565 1833 circumventi,
599 1790 907 1838 Valentinianus,
937 1792 1023 1829 data
1047 1790 1123 1830 fide
1144 1793 1328 1843 jungendi
1357 1806 1428 1834 co-

200 1856 307 1906 pias,
330 1853 619 1905 Burgundiones
651 1852 883 1892 Alamanniae
909 1852 1086 1899 immisit,
1113 1853 1174 1903 qui
1201 1854 1352 1904 decepti
1381 1867 1427 1895 ac

202 1915 322 1964 illufi,
359 1917 519 1967 captivis
549 1913 728 1954 omnibus
765 1913 920 1961 occifiS,
950 1914 1109 1952 domum
1137 1914 1343 1954 redierunt.
1379 1917 1426 1955 V.

203 1979 341 2021 Clades
363 1979 510 2030 Tripoli
537 1977 765 2029 provinciae,
791 1976 1076 2027 Leptitanisque
1099 1979 1133 2016 ἅ
1161 1978 1363 2019 OEenfibus
1378 1979 1429 2020 ab

203 2042 435 2083 Austurianis
457 2041 590 2087 illatae,
611 2042 646 2080 &
661 2038 793 2078 fraude
809 2038 971 2078 Romani
991 2040 1145 2079 comitis
1158 2039 1429 2081 Valentiniano.

204 2105 425 2154 occultatae,
449 2106 485 2145 ἃ
509 2104 668 2143 minime
692 2102 904 2142 vindicatae.
934 2103 999 2142 VI.

146 2295 178 2340 1.
215 2228 430 2342 DUM
452 2292 570 2354 apud
598 2291 770 2348 Persas,
789 2301 839 2338 ut
855 2290 985 2355 supra
1003 2293 1302 2349 narravimus,
1326 2301 1426 2355 peri

150 2364 252 2411 fidia
281 2365 392 2426 regis
418 2377 568 2411 motus
592 2365 729 2429 agitat
755 2364 998 2426 insperatos
1020 2401 1035 2423 ‚
1062 2367 1109 2414 &
1128 2367 1174 2411 in
1205 2364 1312 2412 Eois
1334 2376 1425 2410 tra-

151 2437 293 2490 ctibus
322 2435 436 2485 bella
467 2437 671 2488 rediviva
700 2436 974 2501 consurgunt
993 2456 1006 2485 z
1025 2453 1147 2484 anno
1173 2433 1426 2487 sextodeciz

1098 2514 1116 2555 1
1149 2528 1171 2573 3
