1626 2917
197 91 258 140 32

287 247 739 317 AMMIANI
797 160 1407 324 MARCELLINI

201 389 690 538 RERUM
751 447 1500 557 GESTARUM

529 664 884 722 LIBER
952 667 1173 728 XXV.

200 961 317 1002 Perfae
339 961 537 1002 Romanos
562 960 633 1000 iter
661 960 846 1001 facientes
872 960 1016 1008 adorti,
1045 960 1192 1000 fortiter
1224 960 1498 1010 reprimuntur.

258 1025 296 1062 C.
316 1023 346 1060 I.
387 1021 522 1071 Inopia
545 1021 729 1059 frumenti
763 1024 798 1060 ἅ
818 1021 948 1071 pabuli
974 1023 1159 1071 premitur
1178 1022 1366 1060 exercitus
1391 1034 1399 1060 :
1428 1021 1498 1068 Ju-

256 1085 380 1124 lianus
407 1093 567 1122 terretur
589 1083 754 1123 ostentis.
781 1084 832 1122 II.
860 1083 1091 1132 Imperator,
1119 1083 1210 1121 dum
1231 1085 1278 1121 ad
1302 1081 1497 1133 repellen-

256 1148 327 1186 dos
354 1147 500 1194 Persas,
528 1146 590 1196 qui
617 1146 788 1195 undique
812 1145 1023 1193 instabant,
1048 1145 1179 1184 omiffa
1204 1144 1322 1184 lorica
1353 1155 1496 1184 temere

255 1210 294 1248 se
324 1208 469 1259 proeliis
501 1208 654 1253 inserit,
678 1206 780 1245 hasta
808 1206 1050 1254 vulneratur,
1073 1220 1117 1245 ac
1143 1208 1184 1245 in
1207 1207 1499 1246 tabernaculum

256 1273 428 1310 retertur.
452 1271 522 1310 III.
549 1269 732 1309 Romanis
759 1268 850 1307 hinc
875 1269 1102 1318 victoribus,
1128 1270 1219 1308 inde
1245 1270 1355 1317 fufis,
1379 1269 1500 1318 Julia-

258 1346 329 1373 nus
354 1334 395 1371 in
420 1332 588 1371 tentorio
612 1333 767 1380 jacens,
792 1331 1078 1371 circumstantes
1101 1331 1328 1382 alloquitur,
1347 1344 1391 1370 ac
1415 1331 1500 1381 post

258 1406 414 1446 epotam
427 1394 606 1445 frigidam
622 1395 791 1432 moritur.
806 1394 873 1432 IV.
892 1394 1057 1433 Virtutes
1080 1395 1162 1443 ejus
1184 1408 1228 1433 ac
1247 1394 1360 1440 vitia„
1376 1393 1500 1433 forma

259 1459 430 1509 corporis
452 1460 488 1498 Sc
500 1458 647 1498 statura.
667 1459 711 1496 V.
728 1457 931 1505 jovianus.
950 1457 1186 1508 primicerius
1205 1457 1501 1497 domesticorum

258 1524 541 1574 protectorum,
561 1520 809 1560 tumultuarie
841 1519 991 1571 eligitur
1014 1521 1236 1572 Imperator.
1265 1522 1325 1560 VI.
1353 1521 1503 1560 Roma-

259 1599 332 1624 nos
358 1598 405 1624 ex
437 1584 586 1624 Perside
606 1585 730 1622 redire
756 1592 1024 1634 properantes,
1046 1584 1372 1634 procedentesque
1387 1614 1395 1630 ,
1416 1597 1504 1622 cre-

260 1645 338 1685 bris
362 1644 506 1696 proeliis
538 1644 726 1684 lacessunt
751 1646 864 1685 Persae
895 1648 931 1686 Sc
951 1647 1154 1695 Saraceni,
1175 1660 1219 1686 ac
1246 1660 1385 1697 magno
1413 1660 1501 1687 cum

262 1709 495 1747 detrimento
524 1706 768 1758 repelluntur.
792 1709 873 1747 VII.
901 1708 1017 1748 Fame
1041 1709 1226 1760 &inopia
1253 1710 1404 1749 suorum
1431 1711 1504 1749 ad-

263 1771 399 1810 ductus
428 1771 610 1819 jovianus
642 1771 682 1809 A.
708 1782 845 1819 pacem
869 1782 957 1809 cum
986 1772 1125 1821 Sapore
1152 1771 1502 1818 necessariam,sed

261 1834 510 1885 turpillimam
526 1833 631 1881 facit,
645 1833 790 1873 traditis
809 1835 978 1884 quinque
994 1834 1211 1884 regionibus
1231 1847 1319 1872 cum
1334 1834 1450 1873 Nisibi
1467 1836 1503 1872 &-

263 1899 432 1948 Singara.
455 1898 564 1936 VIII.
590 1897 786 1950 Romani,
801 1897 917 1936 fluvio
934 1898 1039 1947 Tigri
1062 1898 1234 1944 transito,
1251 1897 1332 1948 post
1354 1898 1505 1936 diutur-

264 1973 355 1999 nam
379 1962 413 1999 S<
442 1961 648 1999 maximam
671 1959 902 1998 cibariorum
923 1960 1092 2010 inopiam
1115 1950 1260 1999 fortiter
1279 1960 1502 2008 toleratam,

265 2023 424 2062 tandem
441 2022 481 2060 in
505 2022 828 2073 Mesopotamiam
846 2023 1085 2073 perveniunt.
1106 2023 1289 2070 Jovianus
1314 2024 1353 2062 A.
1378 2035 1435 2060 res
1455 2021 1506 2061 ll-

267 2084 377 2136 lyrici
400 2095 511 2135 atque
537 2085 747 2125 Galliarum
772 2096 965 2136 utcunque
981 2087 1143 2126 ordinat.
1160 2087 1228 2124 IX.
1264 2087 1414 2126 Bineses
1438 2101 1508 2125 no-

270 2146 356 2187 bilis
384 2147 490 2187 Persa
514 2148 666 2188 Nisibin
694 2148 828 2188 urbem
855 2148 1219 2200 inexpugnabilem,
1248 2149 1406 2187 nomine
1433 2149 1508 2188 Sa-

269 2210 373 2259 poris
397 2223 417 2248 a
441 2210 605 2256 Joviano
629 2211 789 2261 recipit:
811 2211 993 2261 oppidani
1020 2210 1128 2249 inviti
1153 2211 1273 2261 patria
1293 2212 1506 2258 excedere,

269 2274 309 2312 Sc
332 2273 509 2312 Amidam
535 2274 695 2324 migrare
717 2273 912 2325 compulfi.
934 2274 967 2311 V
990 2274 1163 2322 regiones
1187 2287 1275 2311 cum
1300 2273 1394 2312 urbe
1415 2273 1508 2312 Sin-

274 2347 361 2385 gara
383 2336 418 2374 &
434 2335 525 2374 XVI
551 2335 709 2374 castellis
724 2349 769 2374 ex
784 2338 895 2386 pacto
915 2334 1027 2373 Persis
1050 2334 1298 2384 optimatibus
1320 2334 1507 2384 aslignan-

270 2404 341 2437 tur.
362 2399 416 2436 X.
435 2397 619 2445 Jovianus
644 2407 747 2437 metu
769 2410 892 2438 rerum
918 2409 1105 2438 novarum
1126 2409 1193 2447 per
1219 2397 1390 2448 Syriam,
1409 2394 1505 2444 Ciris
