1626 2917
187 105 247 150 62
396 99 743 147 AMMIANI
792 98 1266 146 MARCELLINI

148 260 152 262 ,
185 208 329 256 Nifibi
360 206 569 270 prodita:
606 223 706 269 quae
735 204 819 265 jam
844 202 949 251 inde
981 221 1004 250 a
1029 201 1323 251 Mithridatici
1343 199 1468 266 regni

186 280 493 344 temporibus,
518 295 572 326 ne
593 277 759 326 Oriens
791 295 815 324 a
847 276 984 324 Perfis
1009 289 1335 340 occuparetur,
1356 274 1469 322 viri-

186 356 270 401 bus
299 352 452 399 restitit
475 351 697 398 maximis.
728 352 969 413 Nunquam
995 350 1114 396 enim
1133 350 1187 396 ab
1210 349 1331 396 urbis
1361 359 1469 394 ortu

186 424 386 473 inveniri
426 424 570 487 potest
609 423 842 470 annalibus
875 422 1129 484 replicatis,
1169 434 1218 468 ut
1246 421 1471 477 arbitror,

187 512 405 545 terrarum
449 515 549 560 pars
585 497 675 544 ulla
716 497 969 545 nostrarum
999 496 1052 542 ab
1085 496 1357 556 Imperatore
1393 491 1468 539 vel

189 571 373 619 consule
396 570 512 616 hosti
541 569 746 616 conceffa
766 588 776 616 ε
802 569 874 615 sed
894 586 948 615 ne
971 569 1032 614 ob
1054 579 1229 629 recepta
1251 567 1431 630 quidem
1453 599 1470 620 ,

186 660 292 706 quae
311 642 481 704 direpta
498 641 596 688 sunt
618 677 632 698 ,
652 658 812 688 verum
841 641 902 687 ob
927 639 1197 702 amplificata
1216 655 1375 701 regna,
1391 636 1470 683 tri·

189 715 411 777 umphalis
440 715 586 778 gloria
611 713 737 761 fuiffe
760 715 917 761 delata.
951 714 1080 760 Unde
1104 715 1150 759 P.
1177 711 1380 774 Scipioni
1408 711 1470 757 ob

189 800 468 849 recuperatas
496 787 729 850 Hispanias
747 823 759 844 ‚
789 786 954 834 Fulvio
972 789 1123 849 Capua
1143 785 1240 848 post
1267 785 1474 830 diuturna

191 862 435 908 certamina
462 861 688 924 superata,
722 864 770 909 &
799 861 990 923 Opimio
1020 861 1120 924 post
1150 859 1351 907 diversos
1376 858 1474 905 exi-

189 947 262 980 tus
283 933 581 995 proeliorum,
610 934 904 997 Fregellanis,
924 947 1033 981 tunc
1063 932 1352 981 internecivis
1385 932 1474 978 ho-

191 1007 328 1054 stibus
348 1043 361 1065 ‚
384 1008 437 1054 ad
455 1008 730 1054 deditionem
753 1009 992 1070 compulsis
1006 1045 1019 1064 ‚
1039 1008 1255 1070 triumphi
1276 1006 1373 1053 sunt
1392 1006 1471 1052 de·

191 1081 358 1144 negati.
380 1081 427 1126 Id
462 1081 592 1127 etiam
625 1081 857 1128 memoriae
888 1098 972 1128 nos
1001 1094 1171 1128 veteres
1193 1081 1359 1126 docent
1380 1115 1393 1136 ‚
1427 1079 1473 1124 in

191 1154 404 1201 extremis
430 1154 595 1201 casibus
618 1154 702 1200 isia
736 1143 837 1200 cum
874 1154 1095 1200 dedecore
1122 1153 1292 1199 foedera
1314 1188 1326 1208 ,
1351 1151 1474 1213 post-

193 1245 327 1291 quam
358 1240 498 1289 partes
521 1227 670 1273 verbis
691 1226 898 1287 juravere
920 1227 1180 1288 conceptis,
1209 1225 1476 1288 repetitione

193 1299 418 1346 bellorum
460 1298 589 1344 illico
625 1297 865 1344 dissoluta:
908 1310 963 1360 ut⁴
1003 1297 1282 1358 temporibus
1324 1294 1477 1358 priscis

194 1373 312 1436 apud
348 1375 507 1419 Furcas
536 1370 761 1418 Caudinas
787 1370 866 1416 sub
888 1369 1040 1433 jugum
1073 1370 1323 1432 legionibus
1347 1368 1479 1417 miffis

192 1447 242 1494 in
278 1445 462 1492 Samnio
490 1479 503 1502 ‚
550 1445 600 1491 &
635 1459 713 1506 per
740 1444 954 1490 Albinum
987 1443 1032 1488 in
1063 1443 1275 1489 Numidia
1307 1441 1480 1488 sceleste

194 1534 304 1581 pace
324 1517 516 1579 cogitata
530 1551 544 1574 ‚
573 1517 629 1562 δι,
653 1517 832 1562 au&ore
854 1516 1044 1578 turpiter
1065 1514 1282 1576 pastionis
1300 1513 1481 1560 festina-

194 1606 254 1638 tae
286 1589 507 1636 Mancino
538 1589 692 1635 dedito
728 1588 1028 1636 Numantinis.
1052 1588 1246 1635 Proinde
1276 1588 1482 1634 extraffis

197 1664 407 1721 civibus,
438 1665 487 1711 &
519 1663 629 1709 urbe
658 1663 816 1709 tradita
837 1699 852 1720 ,
881 1663 1100 1725 missoque
1128 1661 1312 1709 tribuno
1351 1663 1480 1708 Con-

197 1738 360 1783 stantio
374 1773 385 1794 ,
404 1736 480 1799 qui
499 1735 772 1784 munimenta
792 1735 1054 1798 praefidiaria
1077 1752 1176 1781 cum
1196 1734 1480 1799 regionibus,

196 1810 382 1857 Persicis
420 1810 714 1872 optimatibus
744 1809 1005 1872 affignaret:
1034 1826 1135 1855 cum
1153 1810 1314 1856 Juliani
1334 1808 1480 1870 supre·

196 1885 283 1932 mis
312 1884 562 1947 Procopius
606 1885 824 1942 mittitur,
848 1901 896 1930 ea
913 1921 926 1942 ,
956 1897 1006 1930 ut
1026 1883 1238 1946 superstes
1259 1883 1331 1928 ille
1353 1898 1479 1928 man-

197 1960 354 2016 darat,
389 1960 651 2006 humaturus
688 1959 735 2006 in
762 1958 1017 2006 suburbano
1050 1958 1265 2005 Tarsensi.
1299 1958 1396 2018 Qui
1424 1957 1479 2003 ad

197 2032 524 2095 exsequendum
563 2031 790 2095 profe&us
811 2069 825 2089 ‚
862 2031 1094 2078 confestim
1115 2048 1307 2092 corpore
1334 2030 1480 2092 sepul-

196 2118 248 2152 to
267 2105 470 2163 disceffit,
491 2122 574 2152 nec
593 2105 789 2152 inveniri
811 2106 992 2169 usquam
1014 2105 1164 2168 potuit
1185 2104 1330 2150 studio
1352 2121 1478 2165 quae-

197 2177 301 2222 situs
333 2177 537 2239 ingenti,
575 2178 654 2224 nisi
683 2178 807 2242 quod
841 2177 986 2224 multo
1020 2177 1170 2238 postea
1208 2177 1323 2238 apud
1348 2176 1482 2222 Con-

150 2268 151 2272 *
195 2249 539 2311 stantinopolim
568 2250 690 2298 visus
729 2249 791 2296 est
824 2250 971 2296 subito
1008 2263 1287 2312 purpuratus.

268 2322 328 2368 X.
358 2322 437 2368 His
473 2321 563 2368 hoc
601 2323 742 2368 modo
763 2322 974 2384 peraffis,
995 2322 1276 2384 discursisque
1306 2319 1481 2368 itineri-

197 2394 308 2452 bus,
336 2393 629 2444 Antiochiam
652 2395 884 2457 venimus,
899 2395 973 2443 ubi
993 2411 1072 2459 per
1093 2396 1340 2444 continuos
1359 2395 1450 2442 dies
1465 2429 1482 2455 ,
