1626 2917
278 171 361 216 192
468 140 820 199 AMM1AN1
854 151 1381 200 MARC·ELL1N1·‘

273 259 526 308 narratione
554 258 699 306 differi
728 258 941 305 continua
963 259 1155 321 placuit,
1173 276 1250 319 ne,
1277 260 1378 306 dum
1401 277 1546 325 nego-

274 334 345 380 tiis
374 335 509 396 longe
535 332 730 381 discretis
750 334 799 380 &
816 331 928 379 locis
958 331 1043 378 alia
1064 331 1367 391 subseruntur,
1388 334 1546 397 cogni-

273 406 339 453 tio
370 405 604 468 multiplex
629 404 871 451 neceffario
899 402 1214 451 confundatur.
1244 406 1403 452 Nubel.
1421 406 1546 458 velut

272 479 453 543 regulus
489 494 567 540 per
601 480 806 524 nationes
837 476 1056 524 Mauricas
1090 477 1414 540 potentissimus
1450 479 1551 525 vita,

272 550 525 615 digrediens
542 587 554 607 ,
575 551 624 598 &
645 549 866 613 legitimos
892 551 940 597 &
966 562 1095 596 natos
1115 567 1137 597 e
1155 551 1422 598 concubinis
1444 551 1542 597 reli-

271 624 369 687 quit
394 621 511 669 filios
539 640 549 669 ι
581 639 604 669 e
633 622 792 685 quibus
819 623 998 668 Zamma
1027 623 1199 669 Comiti
1234 625 1419 671 nomine
1451 625 1545 671 Ro-

270 713 406 745 mano
437 708 667 759 acceptus,
693 696 880 742 latenter
900 712 924 741 a
953 694 1085 742 fratre
1112 695 1262 744 Firmo
1291 708 1546 759 peremtus,

272 769 514 819 discordias
541 768 758 815 excitavit
789 770 837 815 &
862 767 990 815 bella.
1015 767 1117 829 Ejus
1147 769 1265 816 enim
1292 786 1444 819 necem
1475 771 1546 816 ul-

272 843 378 890 cisci
409 841 675 905 impensiore
703 840 848 887 studio
877 842 1342 903 properansyComes,
1362 843 1418 888 ad
1443 841 1547 891 infi-

272 915 456 961 diatoris
478 913 718 977 perniciem
739 913 875 959 multa
896 913 1039 960 ciebat
1065 914 1114 963 &
1134 911 1426 959 formidanda.
1458 915 1546 960 Ut-

268 1005 358 1052 que
388 1003 590 1034 rumores
620 985 883 1032 distulerunt
916 985 1097 1043 affidui,
1131 985 1376 1032 navabatur
1409 1001 1547 1048 opera

272 1063 456 1126 diligens
498 1062 544 1107 in
584 1060 778 1123 palatio,
817 1060 1010 1106 Romani
1057 1060 1235 1124 quidem
1278 1060 1549 1119 relationes,

270 1140 409 1188 multa
441 1139 489 1185 &
523 1136 672 1199 aspera
701 1148 993 1199 congerentes
1023 1136 1068 1181 in
1101 1137 1323 1192 Firmum,
1356 1135 1545 1182 libenter

272 1208 430 1272 suscipi
450 1208 714 1271 recitarique
734 1207 929 1268 Principi
943 1243 958 1265 ‚
977 1207 1024 1253 in
1043 1224 1192 1254 earum
1210 1206 1413 1253 favorem
1435 1223 1546 1254 con-

271 1283 523 1332 cinentibus
542 1281 691 1328 multis
711 1296 784 1327 :ea
802 1297 937 1339 vero,
955 1298 1054 1344 quae
1074 1294 1230 1328 contra
1246 1282 1415 1328 Firmus
1432 1280 1546 1327 salu-

271 1356 327 1402 tis
355 1354 531 1401 tuendae
555 1352 692 1417 gratia
720 1353 910 1399 docebat
935 1353 1095 1399 crebro
1123 1370 1200 1415 per
1222 1352 1323 1399 suos
1332 1389 1348 1411 ‚
1366 1366 1546 1418 accepta

272 1427 437 1475 diutius
466 1424 717 1473 occultari:
740 1424 946 1488 Remigio
977 1438 1087 1471 tunc
1121 1424 1376 1471 officiorum
1408 1427 1546 1489 magi-

270 1502 386 1557 stro,
414 1500 545 1546 affine
576 1497 812 1561 amicoque
836 1497 1060 1556 Romani,
1092 1498 1208 1543 inter
1232 1498 1432 1560 potiores
1461 1501 1547 1545 lm-

272 1571 491 1637 peratoris
508 1570 778 1617 neceffitates
796 1570 894 1617 haec
919 1571 1039 1618 velut
1061 1570 1243 1617 minima
1260 1573 1309 1619 &
1329 1571 1547 1634 superflua

274 1646 452 1694 nonnisi
497 1657 755 1708 opportune
803 1643 890 1708 legi
930 1644 1052 1707 pofi'e
1092 1645 1376 1692 affeverante.
1430 1648 1547 1707 Quae

273 1738 376 1770 cum
400 1720 455 1767 ad
474 1719 750 1766 obruendam
771 1718 1073 1766 defensionem
1091 1718 1211 1765 suam
1233 1719 1384 1783 agitari
1405 1720 1547 1767 anim-

274 1794 527 1841 adverteret
545 1794 727 1839 Maurus
740 1828 754 1850 ,
772 1791 1033 1838 ultimorum
1052 1803 1174 1838 metu
1190 1790 1279 1854 jam
1298 1793 1543 1855 trepidans,

276 1884 331 1915 ne
361 1866 630 1926 amandatis,
649 1883 748 1929 quae
776 1864 1078 1928 praetendebat
1092 1881 1118 1922 ‚·
1134 1877 1183 1911 ut
1202 1863 1477 1927 perniciosus
1497 1869 1545 1915 δέ

276 1940 630 1990 contumeliosus
650 1941 972 1986 condemnatus
1002 1937 1280 1986 occideretur
1295 1974 1308 1996 ‚
1328 1940 1383 1992 ab
1402 1941 1549 2002 impe-e

275 2014 330 2063 rii
356 2014 528 2074 ditione
563 2011 774 2071 descivit,
807 2012 857 2058 &
889 2010 1141 2072 adjumenta
1171 2014 1195 2035 *
1233 2013 1256 2035 ³*
1292 2014 1316 2036 *
1352 2010 1460 2057 tium
1491 2013 1545 2058 ad

278 2087 552 2134 vastandum.
581 2083 772 2148 [Quare
802 2082 893 2147 ne]
914 2082 1048 2130 hostis
1079 2081 1368 2145 implacabilis
1399 2082 1548 2141 incre-J

276 2158 437 2206 mentis
462 2159 628 2205 virium
646 2155 943 2214 adolesceret,
969 2156 1024 2202 ad
1040 2156 1307 2202 abolendum
1332 2173 1433 2203 cum
1461 2173 1546 2203 co-

278 2232 518 2280 mitatenfis
535 2230 706 2278 auxilio
730 2230 881 2278 militis
900 2229 1031 2293 pauci
1047 2229 1325 2276 Theodosius
1346 2229 1550 2294 magister.

279 2306 481 2371 equitum
507 2305 725 2363 mittitur,
753 2303 876 2367 cujus
901 2304 1087 2351 virtutes
1113 2314 1163 2349 ut
1187 2302 1473 2365 impetrabilis
1493 2320 1544 2350 ea

281 2377 534 2442 tempestate
555 2395 646 2440 prae
671 2377 828 2426 ceteris
850 2377 1076 2436 nitebant,
1097 2375 1293 2423 Domitii
1317 2375 1546 2422 Corbulo-⁴

281 2452 348 2498 nis
377 2451 425 2499 &
457 2449 571 2497 Lusii
598 2462 798 2499 veterum
829 2448 1061 2497 simillimi:
1089 2465 1279 2513 quorum
1313 2447 1543 2511 prior-sub
