1626 2917
339 201 558 248 RERUM
590 199 929 248 GESTARUM
965 199 1066 245 LIB.
1095 199 1240 246 Xvn.
1344 214 1429 260 139

168 307 458 372 perplexitate
471 343 485 367 ‚
504 318 555 355 ut
571 307 618 354 in
637 306 786 354 iisdem
801 305 1008 353 tractibus
1027 312 1277 369 moraturus
1292 337 1305 359 ,
1326 302 1433 348 dum

168 383 386 440 redeunt,
420 394 674 428 muneratos
702 379 908 427 absolvit.
937 379 1161 440 Dictoque
1200 374 1330 423 citius
1365 372 1435 419 se-

169 467 296 501 cutus
340 453 597 516 profectos,
626 453 795 498 Severo
827 451 938 497 duce
975 449 1101 496 miffo
1138 464 1215 511 per
1258 446 1397 510 ripam
1419 481 1436 502 ,

167 525 313 572 subito
341 525 526 573 cunctos
557 525 775 588 aggressus
795 561 809 583 ‚
832 538 1044 587 tanquam
1076 520 1271 569 fulminis
1298 520 1438 566 turbo

166 599 375 661 perculsit
393 616 404 644 ε
423 597 601 661 jamque
627 612 856 661 precantes
877 599 1027 661 potius
1045 632 1058 655 ,
1079 612 1213 659 quam
1237 593 1439 640 resisten-

166 682 264 730 tes,
295 671 343 717 in
373 683 677 734 opportunam
710 671 955 718 clementiae
986 682 1155 733 partem
1180 666 1336 714 effectu
1361 665 1438 712 vi-

170 743 320 790 &oriae
338 744 461 790 flexo
476 779 490 801 ‚
512 734 723 790 dedentes
741 744 782 790 se
800 761 900 791 cum
920 743 1081 805 opibus
1095 738 1328 802 liberisque
1347 736 1440 783 sus-

171 817 301 880 cepit.
320 818 582 865 Chamavos
601 817 754 864 itidem
769 853 782 874 ‚
800 816 928 864 ausos
945 815 1116 872 similia,
1136 814 1316 860 adortus
1330 847 1343 869 ,
1364 827 1442 858 ea-

170 890 270 936 dem
299 890 522 938 celeritate
543 891 700 953 partim
728 890 916 947 cecidit,
944 889 1101 952 partim
1126 888 1283 934 acriter
1304 896 1443 946 repud

168 974 376 1024 gnantes,
405 962 630 1024 vivosque
664 973 847 1024 captos,
887 961 1112 1023 compegit
1148 959 1194 1004 in
1228 957 1443 1005 vincula:

170 1034 283 1080 alios
311 1034 530 1096 praecipiti
558 1033 660 1096 fuga
692 1034 989 1096 trepidantes,
1017 1033 1070 1078 ad
1103 1031 1174 1076 sua
1192 1064 1205 1085 ,
1234 1046 1288 1075 ne
1319 1027 1443 1074 mili-

170 1117 260 1152 tem
285 1105 426 1168 spatio
444 1106 585 1170 longo
603 1105 885 1168 defatigaret,
909 1105 1027 1152 abire
1047 1103 1224 1150 interim
1247 1100 1443 1164 permisit

169 1177 397 1225 innocuos
419 1196 429 1224 :
451 1195 642 1241 quorum
662 1178 816 1242 legatis
851 1177 989 1240 paulo
1010 1177 1162 1240 postea
1185 1174 1317 1221 missis
1339 1190 1446 1237 pre-

172 1263 318 1304 catum
348 1251 687 1314 consultumque
705 1251 833 1298 rebus
853 1251 961 1308 suis,
977 1249 1103 1296 humi
1123 1248 1346 1311 prostratis
1368 1246 1446 1293 sub

171 1325 403 1373 obtutibus
421 1324 513 1386 ejus
531 1361 544 1383 ‚
565 1342 719 1388 pacem
748 1325 837 1372 hoc
867 1324 1019 1371 tribuit
1043 1324 1170 1386 pacto
1190 1358 1204 1381 ‚
1231 1334 1279 1367 ut
1301 1320 1354 1367 ad
1371 1320 1446 1368 sua

174 1399 370 1445 redirent
402 1399 669 1459 incolumes„

237 1472 315 1517 IX.
343 1471 526 1519 Cunctis
552 1471 686 1535 igitur
718 1489 775 1518 ex
805 1484 920 1519 voto
953 1469 1264 1525 currentibus,
1295 1466 1446 1513 studio

173 1543 385 1606 pervigili
411 1560 657 1605 properans
681 1545 826 1591 modis
849 1544 1058 1590 omnibus
1085 1542 1320 1589 utilitatem
1341 1539 1452 1586 fun-

174 1616 278 1662 dare
299 1616 637 1678 provinciarum
657 1655 670 1675 ‚
703 1618 979 1664 munimenta
1001 1617 1082 1662 tria
1109 1617 1221 1662 recta
1251 1613 1357 1661 serie
1378 1612 1449 1659 su-

175 1688 367 1752 perciliis
399 1689 603 1752 imposita
634 1689 828 1737 fluminis
849 1689 1015 1747 Mosae,
1045 1687 1250 1735 subversa
1282 1687 1449 1733 dudum

174 1761 474 1832 obstinatione
507 1763 734 1810 barbarica
756 1799 768 1820 ‚
799 1780 1001 1824 reparare
1027 1779 1110 1825 pro
1139 1774 1343 1823 tempore
1365 1776 1449 1806 co-

175 1835 376 1900 gitabat:
407 1838 456 1884 &
491 1835 617 1882 illico
661 1836 758 1881 sunt
789 1836 1050 1893 instaurata,
1074 1834 1307 1898 procinctu
1338 1851 1451 1896 pau-

173 1909 305 1972 lisper
325 1910 500 1957 omiss'o.
534 1912 680 1973 Atque
701 1924 749 1957 ut
783 1909 1017 1957 consilium
1039 1908 1230 1972 prudens
1252 1907 1450 1955 celeritas

174 1984 337 2033 faceret
354 1997 521 2042 tutum,
542 2001 600 2031 ex
624 2001 802 2031 annona
823 1985 974 2030 decem
996 1982 1165 2029 dierum
1185 1983 1232 2028 &
1254 1981 1418 2044 septem
1436 2012 1453 2034 ,

176 2073 308 2120 quam
339 2055 385 2102 in
412 2057 747 2119 expeditionem
776 2072 962 2120 pergens
983 2055 1178 2101 vehebat
1196 2053 1451 2101 cervicibus

178 2129 330 2187 miles,
355 2130 613 2192 portionem
634 2130 890 2177 subtractam
912 2129 959 2176 in
983 2128 1133 2175 iisdem
1157 2127 1362 2175 condidit
1380 2144 1452 2173 ca·

178 2199 274 2246 stris
288 2236 301 2258 ,
322 2199 493 2264 sperans
512 2219 567 2248 ex
589 2202 927 2248 Chamavorum
949 2201 1165 2264 segetibus
1191 2199 1238 2246 id
1258 2199 1451 2262 suppleri

179 2273 324 2334 posse,
346 2275 472 2337 quod
496 2275 690 2321 ablatum
718 2274 792 2321 est.
824 2276 979 2337 Longe
1005 2290 1151 2320 autem
1171 2272 1298 2319 aliter
1328 2272 1451 2319 acci-

179 2344 255 2392 dit.
284 2347 495 2411 Frugibus
527 2349 645 2395 enim
671 2348 871 2394 nondum
906 2348 1037 2394 etiam
1066 2346 1251 2395 maturis
1277 2383 1293 2404 ,
1325 2346 1451 2392 miles

180 2418 380 2479 expenfis
395 2453 409 2476 ,
426 2436 527 2481 quae
546 2421 753 2482 portabat
766 2455 778 2475 ,
800 2419 1015 2483 nusquam
1036 2419 1259 2481 reperiens
1278 2418 1422 2464 victus
1437 2452 1451 2474 ‚

179 2503 375 2538 extrema
412 2491 621 2540 minitans
662 2492 883 2540 Iulianum
922 2490 1349 2556 compellationibus
1377 2488 1450 2535 in-
