1626 2917
275 55 496 102 RERUM
531 56 869 104 GESTARUM
905 58 1007 105 ΜΒ.
1044 58 1234 106 XXVII.
1306 72 1393 119 103

114 163 247 212 mites
291 166 342 213 &
384 164 566 229 angusti.
611 166 714 213 Hoc
760 163 976 228 prospero
1017 180 1164 212 rerum
1206 160 1362 209 effe&u
1378 197 1398 221 ,

115 253 249 299 quem
278 236 424 284 virtus
455 251 685 301 peregerat
724 240 772 286 δε
807 237 1012 294 fortuna,
1035 238 1172 284 aucta
1204 235 1395 294 fiducia,

114 309 305 358 lovinus
324 310 509 358 militem
529 311 715 370 ducens,
736 311 934 376 diligenti
957 311 1255 374 speculatione
1276 327 1393 374 prae-

113 381 235 428 missa
249 418 263 441 ‚
283 382 331 429 in
350 383 528 440 tertium
552 401 761 441 cuneum,
781 384 858 446 qui
883 384 1086 441 restabat,
1107 400 1299 447 propere
1320 401 1395 431 ca-

113 451 198 500 stra
227 456 508 503 commovit:
533 457 582 503 &
609 469 830 503 maturato
862 456 1020 502 itinere
1047 471 1226 501 omnem
1247 469 1394 516 prope

111 523 384 573 Catelaunos
420 525 596 573 invenit
637 527 691 574 ad
727 527 1109 591 congrediendum
1147 524 1393 588 promtiffi-

110 611 248 644 mum.
293 601 348 645 Et
390 598 515 647 vallo
558 610 816 662 opportune
854 610 1049 656 metato,
1085 593 1257 660 suisque
1304 614 1393 660 pro

110 671 328 732 temporis
348 671 480 734 copia
504 672 607 718 cibo
630 672 834 718 recreatis
865 673 913 719 &
934 672 1120 728 somno,
1142 670 1290 734 primo
1311 686 1392 716 au-

110 758 227 789 rorae
255 756 418 790 exortu
443 744 489 790 in
508 757 655 808 aperta
676 745 856 808 planitie
879 744 1135 808 composuit
1160 744 1299 790 aciem
1320 742 1390 788 di-

108 816 286 864 latatam
319 829 411 864 arte
439 818 635 876 sollerti,
660 831 709 865 ut
736 818 882 881 spatiis
918 817 1215 880 amplioribus
1243 832 1388 863 occu-

107 888 220 950 patis
236 889 504 953 aequiparare
520 889 718 935 Romani
740 889 935 935 hostium
957 888 1288 934 multitudinem
1309 905 1389 951 ap-

106 975 343 1022 parerent,
377 959 614 1007 inferiores
649 977 866 1018 numero,
902 959 1006 1006 licet
1038 959 1209 1006 viribus
1247 975 1387 1022 pares,

103 1032 241 1096 Signo
263 1033 410 1096 itaque
438 1049 517 1096 per
543 1034 756 1081 buccinas
787 1033 921 1089 dat0,
945 1048 1044 1078 cum
1075 1032 1185 1094 pede
1213 1032 1386 1079 collato

102 1120 172 1150 res
205 1104 277 1168 agi
311 1105 546 1169 coepisset,
579 1104 699 1151 sueta
738 1104 1017 1152 vexillorum
1059 1103 1385 1166 splendentium

101 1176 215 1224 facie
244 1178 386 1224 territi
417 1178 572 1224 stetere
602 1178 831 1226 Germani.
862 1177 1040 1238 Quibus
1067 1178 1283 1225 hebetatis
1304 1195 1386 1241 pas

101 1268 306 1314 rumper,
329 1252 628 1315 reparatisque
647 1251 887 1315 *confestim
903 1287 916 1309 ‚
937 1250 1134 1314 adusque
1155 1250 1241 1297 diei
1263 1250 1385 1297 exti-

99 1343 225 1372 mum
263 1325 604 1372 concertatione
643 1316 881 1387 protenta,
914 1323 1106 1371 validius
1140 1322 1384 1371 imminens

99 1397 226 1444 miles
253 1397 443 1444 fruRum
467 1398 530 1444 rei
549 1398 661 1444 bene
681 1396 810 1461 gestae
840 1397 928 1443 fine
954 1395 1185 1458 dispendio
1203 1394 1381 1458 quaesis-

97 1469 160 1517 set
176 1506 190 1529 ‚
211 1470 257 1516 ni
273 1471 613 1518 Balchobaudes
633 1482 953 1517 armaturarum
982 1469 1186 1516 tribunus
1207 1469 1379 1533 magni-

97 1543 332 1606 loquentia
361 1542 540 1589 socordi
567 1542 757 1590 coalitus
774 1578 786 1597 ,
809 1543 1144 1605 propinquante
1177 1540 1263 1603 jam
1296 1558 1378 1589 ve-

95 1615 246 1678 spera,
272 1615 454 1664 ceffiffet
480 1616 726 1670 incondite.
772 1618 922 1677 Quem
944 1616 976 1662 fi
1008 1616 1165 1663 fecutae
1193 1616 1379 1664 refiduae

95 1689 308 1735 cohortes
328 1689 557 1747 abiissent,
585 1689 639 1736 ad
664 1689 805 1736 tristes
830 1689 971 1735 exitus
997 1687 1195 1752 eousque
1229 1706 1373 1752 nego-

93 1754 207 1806 tiurri
242 1772 458 1820 venerat,
492 1773 543 1807 ut
583 1778 667 1808 nec
700 1761 792 1807 aila
827 1760 1106 1807 nuntiaturus
1142 1760 1374 1824 quisquam

91 1836 234 1898 poffet
266 1835 482 1899 superesse
501 1837 774 1883 nostrorum.
794 1837 877 1882 Sed
898 1837 1092 1882 resistens
1114 1837 1371 1885 animorum

92 1907 184 1954 acri
213 1907 381 1955 robore
406 1910 533 1957 miles
555 1910 614 1955 ita
636 1908 812 1955 lacertis
836 1907 1022 1955 eminuit
1037 1943 1050 1964 ,
1081 1919 1157 1967 ut,
1175 1908 1370 1955 hostium

91 1993 289 2043 quatuor
316 1982 512 2030 millibus
545 1982 729 2041 sauciis,
754 1982 828 2029 sex
857 1982 940 2028 alia
968 1980 1238 2029 interficeret
1264 1982 1370 2028 mil-

89 2057 146 2103 lia
167 2075 182 2104 .-
202 2057 290 2120 ipse
319 2074 433 2105 vero
462 2075 557 2104 non
589 2057 776 2119 amplius
805 2056 926 2102 mille
953 2055 1153 2102 ducentis
1189 2055 1366 2102 amitte-

91 2144 181 2187 ret,
203 2131 405 2179 ducentis
427 2130 743 2178 tantummodo
763 2128 1019 2176 vulneratis.
1041 2128 1196 2176 Noctis
1212 2128 1368 2190 itaque

91 2203 287 2250 adventu
323 2203 490 2266 proelio
519 2202 608 2265 jam
639 2202 863 2259 diremt0‚
899 2200 1156 2265 refectisque
1193 2201 1371 2249 viribus

91 2276 208 2324 feffis
222 2314 234 2334 ‚
254 2294 396 2340 prope
412 2277 609 2325 confinia
628 2277 740 2325 lucis
758 2277 916 2323 (1υᾶοΥ
935 2274 1148 2340 egregius,
1165 2275 1210 2322 in
1227 2274 1368 2338 agmi-

88 2349 158 2398 nis
185 2349 388 2414 quadrati
415 2349 600 2416 figuram
621 2350 844 2414 prodiisto
865 2351 1061 2399 exercitu
1076 2387 1089 2409 ‚
1110 2368 1212 2400 cum
1234 2366 1366 2407 com-1:

1001 2426 1045 2473 G
1080 2446 1107 2489 4
