1626 2917
267 157 356 196 150
483 141 818 188 AMMIANI
868 142 1332 189 MARCELLINI

261 260 419 309 parato
441 247 638 303 sollerti,
661 247 796 293 versis
817 247 1084 310 turbatisque
1109 250 1424 296 Britannorum
1448 247 1539 295 for-

261 320 381 364 tunis
415 335 549 381 opem
579 318 817 365 maximam
847 319 974 365 tulit:
1003 335 1259 383 opportuna
1290 322 1458 384 ubique
1485 320 1543 367 ad

261 391 555 438 insidiandum
579 391 772 438 barbaris
793 392 1074 455 praeveniens
1100 393 1226 448 loca,
1249 393 1359 440 nihil
1389 409 1542 456 grega-

261 463 339 509 riis
360 463 582 526 imperans
599 501 611 523 ,
631 464 756 525 cujus
779 482 871 511 non
892 464 982 528 ipse
1009 465 1224 529 primitias
1243 466 1374 512 alacri
1395 463 1545 527 capes·

263 534 376 582 seret
417 552 578 585 mente.
615 539 808 601 Hocque
848 555 1007 602 genere
1052 555 1154 585 cum
1191 538 1355 585 strenui
1391 536 1544 584 militis

263 609 418 656 munia
440 612 487 657 &
512 610 714 673 praeclari
741 611 865 658 ducis
893 628 1021 658 curas
1040 613 1267 673 expleret,
1285 611 1386 659 fufis
1408 610 1545 656 variis

266 682 473 744 gentibus
494 685 542 732 &
569 683 729 747 fugatis
745 721 758 742 ,
788 701 893 747 quas
914 684 1150 731 insolentia
1172 685 1395 731 nutriente
1419 682 1547 730 secu-

265 755 396 801 ritate
428 757 606 820 aggredi
630 759 856 804 Romanas
884 775 950 805 res
986 759 1313 816 inflammabat,
1347 760 1391 805 in
1427 758 1547 804 inte-

266 845 395 891 grum
415 830 603 877 restituit
631 831 838 878 civitates
858 833 915 879 &
937 832 1073 879 castra
1105 832 1427 895 multiplicibus
1447 829 1550 893 qui-

267 901 367 948 dem
399 902 569 950 damnis
588 905 764 962 afflic‘la,
786 904 857 951 sed
887 905 942 952 ad
965 905 1159 969 quietem
1188 905 1404 968 temporis
1423 902 1550 966 longi

266 975 464 1024 fundata.
497 980 720 1026 Evenerat
739 992 887 1027 autem
905 981 1064 1026 eodem
1087 981 1182 1029 haec
1201 994 1357 1046 agente
1379 979 1551 1026 facinus

267 1049 439 1107 dirum,
459 1066 722 1114 erupturum
749 1053 795 1098 in
817 1053 1063 1114 periculum
1087 1071 1221 1116 grave
1236 1090 1247 1112 ,
1269 1055 1313 1100 ni
1333 1054 1447 1100 inter
1464 1051 1552 1114 ipsa

267 1137 459 1171 conatus
503 1125 721 1188 principia
767 1126 912 1173 fuisset
961 1127 1238 1173 exstinEium.
1285 1126 1551 1173 Valentinus

266 1197 448 1259 quidam
471 1198 516 1245 in
536 1199 714 1245 Valeria
734 1200 979 1246 Pannoniae
997 1199 1170 1262 superbi
1198 1199 1372 1261 spiritus
1391 1199 1553 1252 homo,

270 1342 481 1407 conjugis
507 1344 663 1403 frater,
681 1344 742 1391 ob
762 1361 893 1407 grave
915 1344 1083 1391 crimen
1103 1346 1223 1391 aelus
1242 1346 1285 1391 in
1306 1344 1555 1391 Britannias

271 1416 427 1476 exsul,
448 1418 608 1481 quietis
630 1418 865 1480 impatiens
896 1417 1094 1465 malefica
1119 1418 1252 1464 bestia
1279 1418 1333 1464 ad
1357 1433 1424 1463 res
1452 1433 1554 1479 per-

270 1490 464 1538 niciosas
496 1491 791 1556 consurgebat
818 1493 870 1538 &
891 1507 1059 1548 novas,
1081 1491 1125 1536 in
1150 1490 1459 1537 Theodosium
1479 1502 1555 1534 tu-

271 1582 403 1613 more
427 1567 620 1628 quodam
638 1601 651 1621 ‚
675 1581 806 1628 quem
829 1563 970 1609 solum
992 1563 1185 1610 resistere
1205 1563 1327 1625 posse
1358 1560 1556 1607 nefandis

272 1639 628 1704 cogitationibus
664 1638 936 1684 advertebat.
967 1637 1108 1682 Multa
1135 1649 1291 1682 ,tamen
1328 1635 1440 1682 clam
1476 1651 1556 1696 pa-

256 1711 455 1774 lamque
487 1710 876 1773 circumspiciens,
908 1708 1130 1756 crescente
1165 1708 1270 1755 flatu
1305 1707 1557 1770 cupiditatis

270 1783 502 1830 immensae
531 1783 700 1830 exsules
734 1782 1000 1828 sollicitabat
1028 1783 1076 1829 &
1111 1782 1297 1835 milites,
1327 1797 1411 1843 pro
1446 1794 1556 1826 tem-

272 1856 402 1918 poris
431 1868 558 1917 captu
589 1856 796 1902 ausorum
833 1854 1112 1901 illecebrosas
1143 1853 1404 1916 pollicendo
1439 1870 1558 1898 mer·

273 1929 419 1976 cedes,
466 1931 652 1992 Jamque
686 1927 1020 1990 propinquante
1056 1940 1329 1974 tentator-»em
1369 1925 1521 1972 effe&u
1542 1960 1558 1983 ‚

275 2001 436 2048 doftus
469 2003 567 2048 haec
598 2001 717 2047 unde
750 2013 1029 2047 convenerat
1061 2000 1150 2046 dux
1178 1999 1363 2045 alacrior
1396 1999 1448 2044 ad
1479 2014 1556 2043 au-

278 2075 502 2132 dendum,
526 2075 576 2121 &
613 2073 749 2120 corde
784 2073 904 2120 celso
941 2075 996 2119 ad
1030 2073 1271 2120 vindiEtam
1303 2083 1560 2134 comperto·

276 2167 376 2196 rum
402 2151 594 2207 ereihis,
617 2148 907 2196 Valentinum
931 2148 1107 2210 quidem
1131 2163 1231 2192 cum
1264 2145 1411 2207 paucis
1443 2144 1560 2191 ar6ta

277 2223 359 2269 fibi
409 2223 619 2270 societate
659 2221 930 2285 junftiffimis
968 2220 1084 2266 letali
1125 2236 1259 2280 poena
1301 2218 1559 2281 pleEtendos

277 2295 490 2343 Dulcitio
512 2295 737 2342 dediderat
759 2294 860 2341 duci
881 2310 892 2338 ε
913 2293 1090 2340 militari
1118 2293 1296 2338 scientia
1315 2308 1452 2347 vero,
1475 2308 1560 2351 qua

277 2367 512 2429 superabat
543 2368 777 2429 praesentes
797 2404 808 2423 ‚
838 2367 987 2413 futura
1016 2365 1261 2425 conjiciens
1279 2402 1291 2422 ,
1313 2366 1365 2411 de
1401 2363 1559 2423 conju-

277 2441 387 2489 ratis
430 2441 697 2504 quaestiones
734 2441 885 2506 agitari
924 2439 1179 2504 prohibuit,
1215 2456 1270 2486 ne
1317 2437 1559 2485 formidine
