1626 2917
313 207 535 253 RERUM
570 206 908 253 GESTARUM
945 206 1048 251 ΗΒ.
1082 204 1216 250 XXI.
1319 204 1405 250 261

129 324 419 376 coeptorum,
441 325 650 377 tanquam
676 313 937 359 venatitiam
959 312 1174 375 praedam,
1203 322 1379 372 caperet
1401 327 1413 355 :

131 386 224 432 hoc
258 385 376 432 enim
413 386 468 432 ad
504 385 760 432 leniendum
801 385 981 432 suorum
1025 398 1191 432 metum
1228 382 1412 429 subinde

128 457 415 519 praedicabat.
451 459 623 504 Tamen
657 476 713 505 ne
741 457 1034 521 intepesceret
1061 492 1074 513 ,
1108 470 1184 504 aut
1222 456 1413 503 omisisse

129 530 236 577 belli
260 531 488 579 videretur
515 532 634 578 aliud
672 533 782 579 latus
799 567 812 589 ,
840 532 1058 578 adventus
1087 529 1150 576 sui
1188 541 1412 577 terrorem

127 603 299 667 ubique
330 604 613 668 dispergenS,
649 605 933 670 veritusque,
962 622 1018 652 ne
1044 604 1198 652 Africa
1229 603 1411 651 absente

127 694 186 725 eo
221 693 580 743 perrumperetur
601 717 616 738 ‚
647 681 701 727 ad
743 697 901 727 omnes
938 680 1095 737 casus,
1130 677 1410 741 principibus

126 765 422 814 opportuna,
465 752 592 799 velut
627 751 788 799 finibus
826 753 1030 800 Orientis
1065 752 1254 816 egressus
1277 788 1289 807 ,
1328 767 1408 813 per

126 842 245 872 mare
276 827 501 872 notarium
529 826 644 872 misit
674 826 975 873 Gaudentium
995 862 1007 883 ,
1033 843 1165 889 quem
1194 825 1410 887 explora-

125 908 272 944 torem
305 899 478 945 asstuum
501 898 661 946 Juliani
685 915 763 961 per
783 899 952 945 Gallias
973 898 1250 962 aliquamdiu
1280 896 1409 944 fuiffe

125 969 490 1033 praestrinximus.
526 972 657 1017 Hunc
677 970 795 1017 enim
830 970 1049 1033 obsequio
1076 970 1209 1018 celeri
1248 971 1408 1018 cunita

126 1043 488 1091 consideratione
507 1044 678 1107 gemina
695 1043 870 1090 efficere
891 1043 1013 1105 poffe
1037 1043 1260 1106 sperabat,
1282 1043 1408 1105 quod

126 1117 354 1164 adversam
371 1129 539 1180 partem
561 1129 780 1163 metueret
799 1116 1033 1174 offensam,
1055 1118 1104 1163 &
1121 1116 1408 1179 properabat,

123 1189 277 1236 nactus
295 1189 410 1236 hanc
425 1188 834 1251 opportunitatem,
851 1189 1158 1236 commendari
1178 1188 1407 1235 Constan-

122 1263 191 1309 tio
208 1297 225 1322 ,
246 1279 380 1326 quem
417 1263 623 1310 credebat
651 1264 812 1326 procul
846 1262 986 1308 dubio
1016 1262 1116 1309 fore
1151 1262 1370 1310 victorem
1393 1280 1407 1310 ε

124 1352 262 1381 nemo
279 1335 397 1381 enim
416 1334 619 1381 omnium
636 1348 743 1382 tunc
764 1336 818 1381 ab
837 1336 918 1382 hac
945 1334 1167 1382 constanti
1190 1334 1407 1382 sententia

123 1407 413 1470 discrepabat.
431 1407 523 1467 Qui
544 1425 646 1454 cum
662 1424 718 1454 eo
733 1409 919 1454 venifl'et
934 1444 945 1464 ,
958 1409 1271 1455 mandatorum
1291 1408 1396 1455 Prin

124 1480 234 1541 cipis
269 1496 471 1536 memor,
500 1496 580 1541 per
614 1480 762 1527 literas
804 1480 1022 1527 Cretione
1053 1482 1249 1542 comite,
1287 1485 1414 1547 quid·⁴

125 1565 346 1616 ageretur,
364 1553 543 1607 edocto,
561 1553 832 1616 reliquisque
852 1555 1117 1613 rectoribus,
1139 1557 1252 1604 leElO
1274 1560 1406 1606 undi-

125 1642 211 1688 que
241 1625 382 1671 milite
405 1624 597 1671 fortiore
612 1661 626 1679 ,
656 1626 961 1688 translatisque
986 1627 1040 1673 ab
1062 1642 1251 1693 utraque
1273 1633 1406 1678 Mau-

123 1697 282 1745 ritania
311 1696 677 1744 discursatoribus
703 1698 921 1760 expeditis
941 1736 954 1756 ,
972 1700 1230 1762 Aquitaniae
1252 1705 1301 1750 &
1320 1706 1406 1752 Ita-

121 1768 194 1814 liae
215 1767 389 1830 objecta
406 1768 543 1814 litora
558 1769 766 1815 tuebatur
788 1770 1032 1818 arctiffime.
1047 1773 1208 1835 Neque
1230 1773 1274 1819 id
1293 1791 1404 1822 con·-

121 1841 267 1888 filium
301 1840 459 1888 fefellit
480 1843 808 1890 Constantium.
827 1847 894 1889 Eo
914 1844 1033 1890 enini
1053 1844 1281 1908 superstite
1299 1848 1405 1895 nul·

120 1913 188 1960 lus
221 1913 512 1961 adversorum
535 1915 629 1962 illas
658 1915 803 1977 tetigit
823 1928 960 1963 terras
979 1953 992 1973 ,
1014 1917 1120 1965 licet
1140 1936 1262 1966 oram
1287 1920 1406 1967 Sici·-

122 1985 303 2033 liensem
325 2005 349 2034 a
380 1988 589 2052 Lilybaeo
608 2001 861 2051 protentam
885 1992 933 2038 ὃ(
961 1993 1181 2057 Pachyno
1200 2031 1215 2054 ,
1251 1997 1406 2044 multi-

121 2059 234 2105 tudo
263 2059 467 2107 servabat
497 2074 689 2118 armata,
724 2063 756 2108 fi
790 2064 994 2125 patuisset
1028 2065 1213 2114 facultas
1235 2105 1247 2126 ,
1277 2069 1405 2117 ocius

123 2133 370 2181 transitura.
389 2135 471 2182 His
501 2152 586 2198 pro
607 2153 755 2182 rerum
792 2138 992 2195 ratione,
1028 2152 1077 2185 ut
1105 2140 1183 2187 fibi
1203 2142 1406 2203 prodesse
1446 2149 1448 2151 ’

125 2206 399 2255 existimabat
423 2208 742 2267 Constantius,
773 2209 956 2272 aliisque
981 2212 1164 2260 minutis
1187 2216 1236 2262 δε
1257 2215 1407 2263 levio-

125 2280 246 2326 ribus
266 2282 496 2340 ordinatis,
515 2284 680 2330 ducum
702 2285 869 2332 nuntiis
890 2285 1135 2334 docebatur
1155 2289 1205 2335 &
1235 2288 1373 2336 literis
1390 2325 1406 2349 ,

125 2352 348 2400 Persarum
369 2356 520 2418 copias
538 2356 583 2402 in
611 2374 751 2403 unum
775 2359 948 2405 coactas
971 2377 1072 2423 rege
1095 2361 1276 2424 turgido
1294 2378 1406 2424 prae-

125 2440 258 2474 eunte
275 2463 289 2484 ,
308 2429 392 2490 jam
412 2447 552 2494 prope
574 2431 795 2495 margines
817 2433 997 2479 tendere
1015 2434 1233 2498 Tigridis,
1258 2435 1407 2481 incer-

127 2509 241 2559 tum,
253 2516 451 2564 quonam
468 2520 699 2568 erumpere
721 2505 982 2569 cogitantes.
994 2507 1172 2568 Quibus
1191 2508 1407 2572 percitus,

1044 2581 1086 2626 R
1125 2597 1147 2644 3
