<?xml version="1.0" encoding="UTF-8"?>
<!DOCTYPE html PUBLIC "-//W3C//DTD XHTML 1.0 Transitional//EN"
    "http://www.w3.org/TR/xhtml1/DTD/xhtml1-transitional.dtd">
<html xmlns="http://www.w3.org/1999/xhtml" xml:lang="en" lang="en">
 <head>
  <title>
</title>
<meta http-equiv="Content-Type" content="text/html;charset=utf-8" />
  <meta name='ocr-system' content='tesseract 3.04.00' />
  <meta name='ocr-capabilities' content='ocr_page ocr_carea ocr_par ocr_line ocrx_word'/>
</head>
<body>
  <div class='ocr_page' id='page_1' title='image "./rerumgestarumqui00ammiuoft_0110.png"; bbox 0 0 1626 2917; ppageno 0'>
   <div class='ocr_carea' id='block_1_1' title="bbox 194 207 1266 271">
    <p class='ocr_par' dir='ltr' id='par_1_1' title="bbox 194 207 1266 271">
     <span class='ocr_line' id='line_1_1' title="bbox 194 207 1266 271; baseline 0 -16"><span class='ocrx_word' id='word_1_1' title='bbox 194 222 249 271; x_wconf 82' lang='lat'><strong>52</strong></span> <span class='ocrx_word' id='word_1_2' title='bbox 412 208 753 256; x_wconf 80' lang='lat' dir='ltr'><strong>AMMIANI</strong></span> <span class='ocrx_word' id='word_1_3' title='bbox 800 207 1266 256; x_wconf 79' lang='lat' dir='ltr'><strong>MARCELLth</strong></span> 
     </span>
    </p>
   </div>
   <div class='ocr_carea' id='block_1_2' title="bbox 170 312 1473 2559">
    <p class='ocr_par' dir='ltr' id='par_1_2' title="bbox 170 312 1473 2559">
     <span class='ocr_line' id='line_1_2' title="bbox 187 312 1469 380; baseline 0.002 -19"><span class='ocrx_word' id='word_1_4' title='bbox 187 313 313 362; x_wconf 86' lang='lat' dir='ltr'><strong>mitia</strong></span> <span class='ocrx_word' id='word_1_5' title='bbox 335 314 446 377; x_wconf 72' lang='lat' dir='ltr'><strong>saepe</strong></span> <span class='ocrx_word' id='word_1_6' title='bbox 465 316 670 360; x_wconf 87' lang='lat' dir='ltr'><strong>Romana</strong></span> <span class='ocrx_word' id='word_1_7' title='bbox 699 312 829 365; x_wconf 87' lang='lat' dir='ltr'><strong>latius</strong></span> <span class='ocrx_word' id='word_1_8' title='bbox 860 313 1210 378; x_wconf 82' lang='lat' dir='ltr'>irrumpentibus</span> <span class='ocrx_word' id='word_1_9' title='bbox 1229 334 1240 364; x_wconf 90' lang='lat'><strong>:</strong></span> <span class='ocrx_word' id='word_1_10' title='bbox 1263 315 1317 364; x_wconf 89' lang='lat' dir='ltr'><strong>ad</strong></span> <span class='ocrx_word' id='word_1_11' title='bbox 1335 332 1469 380; x_wconf 86' lang='lat' dir='ltr'><strong>quem</strong></span> 
     </span>
     <span class='ocr_line' id='line_1_3' title="bbox 188 386 1472 451; baseline 0.002 -17"><span class='ocrx_word' id='word_1_12' title='bbox 188 387 470 451; x_wconf 66' lang='lat' dir='ltr'><strong>procinftum</strong></span> <span class='ocrx_word' id='word_1_13' title='bbox 489 387 733 449; x_wconf 88' lang='lat' dir='ltr'><strong>imperator</strong></span> <span class='ocrx_word' id='word_1_14' title='bbox 751 386 940 450; x_wconf 80' lang='lat' dir='ltr'><strong>egressus</strong></span> <span class='ocrx_word' id='word_1_15' title='bbox 955 424 968 442; x_wconf 93' lang='lat'><strong>‚</strong></span> <span class='ocrx_word' id='word_1_16' title='bbox 989 387 1033 433; x_wconf 88' lang='lat' dir='ltr'><strong>in</strong></span> <span class='ocrx_word' id='word_1_17' title='bbox 1057 387 1253 435; x_wconf 84' lang='lat' dir='ltr'><strong>Rhaetias</strong></span> <span class='ocrx_word' id='word_1_18' title='bbox 1271 389 1472 451; x_wconf 86' lang='lat' dir='ltr'><strong>campos-</strong></span> 
     </span>
     <span class='ocr_line' id='line_1_4' title="bbox 186 458 1471 522; baseline 0.002 -16"><span class='ocrx_word' id='word_1_19' title='bbox 186 476 278 522; x_wconf 82' lang='lat' dir='ltr'><strong>que</strong></span> <span class='ocrx_word' id='word_1_20' title='bbox 297 460 423 506; x_wconf 86' lang='lat' dir='ltr'><strong>venit</strong></span> <span class='ocrx_word' id='word_1_21' title='bbox 439 458 666 505; x_wconf 84' lang='lat' dir='ltr'><strong>Caninos:</strong></span> <span class='ocrx_word' id='word_1_22' title='bbox 683 460 730 506; x_wconf 89' lang='lat'>&amp;</span> <span class='ocrx_word' id='word_1_23' title='bbox 745 458 920 522; x_wconf 81' lang='lat' dir='ltr'><strong>digestis</strong></span> <span class='ocrx_word' id='word_1_24' title='bbox 938 459 1012 505; x_wconf 90' lang='lat' dir='ltr'><strong>diu</strong></span> <span class='ocrx_word' id='word_1_25' title='bbox 1033 459 1309 516; x_wconf 85' lang='lat' dir='ltr'><strong>confiliis,id</strong></span> <span class='ocrx_word' id='word_1_26' title='bbox 1325 461 1471 508; x_wconf 86' lang='lat' dir='ltr'><strong>visum</strong></span> 
     </span>
     <span class='ocr_line' id='line_1_5' title="bbox 187 529 1473 595; baseline 0.002 -17"><span class='ocrx_word' id='word_1_27' title='bbox 187 532 251 578; x_wconf 83' lang='lat' dir='ltr'><strong>est</strong></span> <span class='ocrx_word' id='word_1_28' title='bbox 274 530 506 578; x_wconf 77' lang='lat' dir='ltr'><strong>honestum</strong></span> <span class='ocrx_word' id='word_1_29' title='bbox 534 531 586 578; x_wconf 87' lang='lat'>&amp;</span> <span class='ocrx_word' id='word_1_30' title='bbox 616 529 724 576; x_wconf 89' lang='lat' dir='ltr'><strong>utile</strong></span> <span class='ocrx_word' id='word_1_31' title='bbox 740 565 754 588; x_wconf 90' lang='lat'><strong>,</strong></span> <span class='ocrx_word' id='word_1_32' title='bbox 779 543 830 576; x_wconf 91' lang='lat' dir='ltr'><strong>ut</strong></span> <span class='ocrx_word' id='word_1_33' title='bbox 857 546 915 577; x_wconf 90' lang='lat' dir='ltr'><strong>eo</strong></span> <span class='ocrx_word' id='word_1_34' title='bbox 937 548 1038 578; x_wconf 90' lang='lat' dir='ltr'><strong>cum</strong></span> <span class='ocrx_word' id='word_1_35' title='bbox 1061 531 1212 578; x_wconf 86' lang='lat' dir='ltr'><strong>militis</strong></span> <span class='ocrx_word' id='word_1_36' title='bbox 1242 546 1364 595; x_wconf 85' lang='lat' dir='ltr'><strong>parte</strong></span> <span class='ocrx_word' id='word_1_37' title='bbox 1387 536 1473 580; x_wconf 88' lang='lat' dir='ltr'><strong>Ar-</strong></span> 
     </span>
     <span class='ocr_line' id='line_1_6' title="bbox 185 602 1472 666; baseline 0 -14"><span class='ocrx_word' id='word_1_38' title='bbox 185 604 312 652; x_wconf 87' lang='lat' dir='ltr'><strong>betio</strong></span> <span class='ocrx_word' id='word_1_39' title='bbox 350 602 552 666; x_wconf 81' lang='lat' dir='ltr'><strong>magister</strong></span> <span class='ocrx_word' id='word_1_40' title='bbox 586 603 815 666; x_wconf 87' lang='lat' dir='ltr'><strong>equitum,</strong></span> <span class='ocrx_word' id='word_1_41' title='bbox 848 619 952 649; x_wconf 88' lang='lat' dir='ltr'><strong>cum</strong></span> <span class='ocrx_word' id='word_1_42' title='bbox 993 604 1214 651; x_wconf 80' lang='lat' dir='ltr'><strong>validiore</strong></span> <span class='ocrx_word' id='word_1_43' title='bbox 1248 605 1472 652; x_wconf 86' lang='lat' dir='ltr'><strong>exercitus</strong></span> 
     </span>
     <span class='ocr_line' id='line_1_7' title="bbox 183 674 1467 741; baseline 0.002 -19"><span class='ocrx_word' id='word_1_44' title='bbox 183 692 320 722; x_wconf 84' lang='lat' dir='ltr'><strong>manu</strong></span> <span class='ocrx_word' id='word_1_45' title='bbox 348 675 549 738; x_wconf 82' lang='lat' dir='ltr'><strong>relegens</strong></span> <span class='ocrx_word' id='word_1_46' title='bbox 569 674 791 739; x_wconf 76' lang='lat' dir='ltr'><strong>margines</strong></span> <span class='ocrx_word' id='word_1_47' title='bbox 818 674 939 722; x_wconf 88' lang='lat' dir='ltr'><strong>lacus</strong></span> <span class='ocrx_word' id='word_1_48' title='bbox 967 675 1203 739; x_wconf 70' lang='lat' dir='ltr'><strong>Brigantiae</strong></span> <span class='ocrx_word' id='word_1_49' title='bbox 1234 691 1467 741; x_wconf 77' lang='lat' dir='ltr'><strong>pergeret,</strong></span> 
     </span>
     <span class='ocr_line' id='line_1_8' title="bbox 183 747 1468 814; baseline 0.002 -20"><span class='ocrx_word' id='word_1_50' title='bbox 183 749 394 810; x_wconf 79' lang='lat' dir='ltr'><strong>protinus</strong></span> <span class='ocrx_word' id='word_1_51' title='bbox 426 748 622 795; x_wconf 82' lang='lat' dir='ltr'><strong>barbaris</strong></span> <span class='ocrx_word' id='word_1_52' title='bbox 653 747 964 811; x_wconf 71' lang='lat' dir='ltr'><strong>congressurus</strong></span> <span class='ocrx_word' id='word_1_53' title='bbox 986 763 998 792; x_wconf 89' lang='lat'><strong>:</strong></span> <span class='ocrx_word' id='word_1_54' title='bbox 1019 748 1142 810; x_wconf 69' lang='lat' dir='ltr'><strong>cuius</strong></span> <span class='ocrx_word' id='word_1_55' title='bbox 1169 750 1260 797; x_wconf 91' lang='lat' dir='ltr'><strong>loci</strong></span> <span class='ocrx_word' id='word_1_56' title='bbox 1285 750 1468 814; x_wconf 82' lang='lat' dir='ltr'><strong>figuram</strong></span> 
     </span>
     <span class='ocr_line' id='line_1_9' title="bbox 182 820 1470 885; baseline 0.002 -18"><span class='ocrx_word' id='word_1_57' title='bbox 182 820 407 879; x_wconf 83' lang='lat' dir='ltr'><strong>breviter,</strong></span> <span class='ocrx_word' id='word_1_58' title='bbox 437 833 657 885; x_wconf 86' lang='lat' dir='ltr'><strong>quantum</strong></span> <span class='ocrx_word' id='word_1_59' title='bbox 687 820 803 867; x_wconf 88' lang='lat' dir='ltr'><strong>ratio</strong></span> <span class='ocrx_word' id='word_1_60' title='bbox 834 820 1027 882; x_wconf 87' lang='lat' dir='ltr'><strong>patitur,</strong></span> <span class='ocrx_word' id='word_1_61' title='bbox 1060 821 1308 885; x_wconf 83' lang='lat' dir='ltr'><strong>defignabo.</strong></span> <span class='ocrx_word' id='word_1_62' title='bbox 1350 824 1470 869; x_wconf 81' lang='lat' dir='ltr'>Inter</span> 
     </span>
     <span class='ocr_line' id='line_1_10' title="bbox 182 891 1470 956; baseline 0 -15"><span class='ocrx_word' id='word_1_63' title='bbox 182 893 412 941; x_wconf 85' lang='lat' dir='ltr'><strong>montium</strong></span> <span class='ocrx_word' id='word_1_64' title='bbox 447 893 666 940; x_wconf 81' lang='lat' dir='ltr'><strong>celsorum</strong></span> <span class='ocrx_word' id='word_1_65' title='bbox 689 891 910 940; x_wconf 58' lang='lat' dir='ltr'><strong>anfraehts</strong></span> <span class='ocrx_word' id='word_1_66' title='bbox 932 892 1115 939; x_wconf 86' lang='lat' dir='ltr'><strong>immani</strong></span> <span class='ocrx_word' id='word_1_67' title='bbox 1136 893 1262 956; x_wconf 87' lang='lat' dir='ltr'><strong>pulsu</strong></span> <span class='ocrx_word' id='word_1_68' title='bbox 1284 895 1470 941; x_wconf 74' lang='lat' dir='ltr'><strong>Rhenus</strong></span> 
     </span>
     <span class='ocr_line' id='line_1_11' title="bbox 183 964 1470 1028; baseline 0 -17"><span class='ocrx_word' id='word_1_69' title='bbox 183 965 396 1012; x_wconf 82' lang='lat' dir='ltr'><strong>exoriens</strong></span> <span class='ocrx_word' id='word_1_70' title='bbox 425 982 501 1028; x_wconf 86' lang='lat' dir='ltr'><strong>per</strong></span> <span class='ocrx_word' id='word_1_71' title='bbox 533 977 785 1028; x_wconf 82' lang='lat' dir='ltr'><strong>praeruptos</strong></span> <span class='ocrx_word' id='word_1_72' title='bbox 805 964 1020 1028; x_wconf 86' lang='lat' dir='ltr'><strong>scopulos</strong></span> <span class='ocrx_word' id='word_1_73' title='bbox 1049 964 1306 1012; x_wconf 84' lang='lat' dir='ltr'>extenditur</span> <span class='ocrx_word' id='word_1_74' title='bbox 1337 965 1470 1011; x_wconf 85' lang='lat' dir='ltr'><strong>nullis</strong></span> 
     </span>
     <span class='ocr_line' id='line_1_12' title="bbox 183 1039 1471 1104; baseline -0.002 -17"><span class='ocrx_word' id='word_1_75' title='bbox 183 1040 313 1104; x_wconf 85' lang='lat' dir='ltr'><strong>aquis</strong></span> <span class='ocrx_word' id='word_1_76' title='bbox 334 1040 530 1086; x_wconf 75' lang='lat' dir='ltr'><strong>externis</strong></span> <span class='ocrx_word' id='word_1_77' title='bbox 550 1039 796 1101; x_wconf 83' lang='lat' dir='ltr'><strong>adoptatis,</strong></span> <span class='ocrx_word' id='word_1_78' title='bbox 821 1051 908 1086; x_wconf 91' lang='lat' dir='ltr'><strong>ut..</strong></span> <span class='ocrx_word' id='word_1_79' title='bbox 925 1075 934 1086; x_wconf 92' lang='lat'><strong><em>.</em></strong></span> <span class='ocrx_word' id='word_1_80' title='bbox 951 1075 961 1086; x_wconf 92' lang='lat'><strong>.</strong></span> <span class='ocrx_word' id='word_1_81' title='bbox 984 1055 1061 1102; x_wconf 87' lang='lat' dir='ltr'><strong>per</strong></span> <span class='ocrx_word' id='word_1_82' title='bbox 1084 1040 1316 1086; x_wconf 58' lang='lat' dir='ltr'><strong>catarattas</strong></span> <span class='ocrx_word' id='word_1_83' title='bbox 1337 1039 1471 1085; x_wconf 89' lang='lat' dir='ltr'><strong>incli-</strong></span> 
     </span>
     <span class='ocr_line' id='line_1_13' title="bbox 181 1112 1471 1177; baseline -0.002 -15"><span class='ocrx_word' id='word_1_84' title='bbox 181 1114 368 1163; x_wconf 76' lang='lat' dir='ltr'>natione</span> <span class='ocrx_word' id='word_1_85' title='bbox 387 1112 608 1177; x_wconf 72' lang='lat' dir='ltr'>praecipiti</span> <span class='ocrx_word' id='word_1_86' title='bbox 623 1112 821 1159; x_wconf 90' lang='lat' dir='ltr'><strong>funditur</strong></span> <span class='ocrx_word' id='word_1_87' title='bbox 839 1113 983 1160; x_wconf 86' lang='lat' dir='ltr'><strong>Nilus.</strong></span> <span class='ocrx_word' id='word_1_88' title='bbox 1004 1115 1058 1159; x_wconf 91' lang='lat' dir='ltr'><strong>Et</strong></span> <span class='ocrx_word' id='word_1_89' title='bbox 1072 1112 1272 1177; x_wconf 81' lang='lat' dir='ltr'><strong>navigari</strong></span> <span class='ocrx_word' id='word_1_90' title='bbox 1290 1115 1345 1160; x_wconf 89' lang='lat' dir='ltr'><strong>ab</strong></span> <span class='ocrx_word' id='word_1_91' title='bbox 1364 1127 1471 1160; x_wconf 88' lang='lat' dir='ltr'><strong>ortu</strong></span> 
     </span>
     <span class='ocr_line' id='line_1_14' title="bbox 183 1184 1470 1250; baseline 0 -19"><span class='ocrx_word' id='word_1_92' title='bbox 183 1197 364 1250; x_wconf 85' lang='lat' dir='ltr'><strong>poterat</strong></span> <span class='ocrx_word' id='word_1_93' title='bbox 401 1184 671 1248; x_wconf 84' lang='lat' dir='ltr'><strong>primigenio</strong></span> <span class='ocrx_word' id='word_1_94' title='bbox 707 1184 852 1247; x_wconf 85' lang='lat' dir='ltr'><strong>copiis</strong></span> <span class='ocrx_word' id='word_1_95' title='bbox 882 1185 1131 1232; x_wconf 81' lang='lat' dir='ltr'><strong>exuberans</strong></span> <span class='ocrx_word' id='word_1_96' title='bbox 1170 1186 1391 1247; x_wconf 89' lang='lat' dir='ltr'><strong>propriis,</strong></span> <span class='ocrx_word' id='word_1_97' title='bbox 1424 1186 1470 1231; x_wconf 89' lang='lat' dir='ltr'><strong>ni</strong></span> 
     </span>
     <span class='ocr_line' id='line_1_15' title="bbox 182 1257 1469 1322; baseline -0.002 -16"><span class='ocrx_word' id='word_1_98' title='bbox 182 1259 334 1307; x_wconf 80' lang='lat' dir='ltr'><strong>ruenti</strong></span> <span class='ocrx_word' id='word_1_99' title='bbox 352 1270 549 1306; x_wconf 84' lang='lat' dir='ltr'><strong>curreret</strong></span> <span class='ocrx_word' id='word_1_100' title='bbox 569 1257 719 1304; x_wconf 74' lang='lat' dir='ltr'><strong>similis</strong></span> <span class='ocrx_word' id='word_1_101' title='bbox 741 1258 891 1321; x_wconf 89' lang='lat' dir='ltr'><strong>potius</strong></span> <span class='ocrx_word' id='word_1_102' title='bbox 905 1294 918 1317; x_wconf 91' lang='lat'><strong>,</strong></span> <span class='ocrx_word' id='word_1_103' title='bbox 939 1275 1073 1322; x_wconf 88' lang='lat' dir='ltr'><strong>quam</strong></span> <span class='ocrx_word' id='word_1_104' title='bbox 1097 1257 1469 1320; x_wconf 84' lang='lat' dir='ltr'><strong>fluenti.·Jamque</strong></span> 
     </span>
     <span class='ocr_line' id='line_1_16' title="bbox 184 1329 1472 1393; baseline -0.002 -14"><span class='ocrx_word' id='word_1_105' title='bbox 184 1332 439 1389; x_wconf 79' lang='lat' dir='ltr'><strong>absolutus,</strong></span> <span class='ocrx_word' id='word_1_106' title='bbox 469 1330 645 1393; x_wconf 82' lang='lat' dir='ltr'><strong>altaque</strong></span> <span class='ocrx_word' id='word_1_107' title='bbox 681 1331 881 1377; x_wconf 88' lang='lat' dir='ltr'><strong>divortia</strong></span> <span class='ocrx_word' id='word_1_108' title='bbox 914 1331 1107 1392; x_wconf 87' lang='lat' dir='ltr'><strong>riparum</strong></span> <span class='ocrx_word' id='word_1_109' title='bbox 1138 1329 1375 1388; x_wconf 87' lang='lat' dir='ltr'><strong>adradens,</strong></span> <span class='ocrx_word' id='word_1_110' title='bbox 1406 1331 1472 1377; x_wconf 83' lang='lat' dir='ltr'><strong>la·</strong></span> 
     </span>
     <span class='ocr_line' id='line_1_17' title="bbox 182 1403 1470 1466; baseline -0.002 -13"><span class='ocrx_word' id='word_1_111' title='bbox 182 1423 285 1454; x_wconf 87' lang='lat' dir='ltr'><strong>cum</strong></span> <span class='ocrx_word' id='word_1_112' title='bbox 304 1405 478 1452; x_wconf 84' lang='lat' dir='ltr'><strong>invadit</strong></span> <span class='ocrx_word' id='word_1_113' title='bbox 497 1403 745 1450; x_wconf 88' lang='lat' dir='ltr'><strong>rotundum</strong></span> <span class='ocrx_word' id='word_1_114' title='bbox 764 1405 813 1450; x_wconf 86' lang='lat'>&amp;</span> <span class='ocrx_word' id='word_1_115' title='bbox 836 1403 1032 1460; x_wconf 85' lang='lat' dir='ltr'><strong>vastum,</strong></span> <span class='ocrx_word' id='word_1_116' title='bbox 1048 1419 1180 1466; x_wconf 88' lang='lat' dir='ltr'><strong>quem</strong></span> <span class='ocrx_word' id='word_1_117' title='bbox 1199 1403 1470 1466; x_wconf 77' lang='lat' dir='ltr'><strong>Brigantiam</strong></span> 
     </span>
     <span class='ocr_line' id='line_1_18' title="bbox 182 1477 1473 1539; baseline -0.002 -13"><span class='ocrx_word' id='word_1_118' title='bbox 182 1479 341 1526; x_wconf 77' lang='lat' dir='ltr'><strong>accola</strong></span> <span class='ocrx_word' id='word_1_119' title='bbox 378 1479 566 1524; x_wconf 82' lang='lat' dir='ltr'><strong>Rhaetus</strong></span> <span class='ocrx_word' id='word_1_120' title='bbox 603 1477 825 1539; x_wconf 86' lang='lat' dir='ltr'><strong>appellat,</strong></span> <span class='ocrx_word' id='word_1_121' title='bbox 861 1493 1031 1539; x_wconf 70' lang='lat' dir='ltr'><strong>perque</strong></span> <span class='ocrx_word' id='word_1_122' title='bbox 1065 1477 1385 1539; x_wconf 81' lang='lat' dir='ltr'><strong>quadringenta</strong></span> <span class='ocrx_word' id='word_1_123' title='bbox 1420 1477 1473 1524; x_wconf 76' lang='grc' dir='ltr'><strong>δε</strong></span> 
     </span>
     <span class='ocr_line' id='line_1_19' title="bbox 182 1547 1473 1613; baseline -0.002 -16"><span class='ocrx_word' id='word_1_124' title='bbox 182 1550 413 1613; x_wconf 75' lang='lat' dir='ltr'><strong>sexaginta</strong></span> <span class='ocrx_word' id='word_1_125' title='bbox 443 1548 577 1595; x_wconf 86' lang='lat' dir='ltr'><strong>stadia</strong></span> <span class='ocrx_word' id='word_1_126' title='bbox 612 1548 825 1612; x_wconf 84' lang='lat' dir='ltr'><strong>longum,</strong></span> <span class='ocrx_word' id='word_1_127' title='bbox 853 1549 1037 1611; x_wconf 85' lang='lat' dir='ltr'><strong>parique</strong></span> <span class='ocrx_word' id='word_1_128' title='bbox 1059 1565 1185 1611; x_wconf 85' lang='lat' dir='ltr'><strong>paene</strong></span> <span class='ocrx_word' id='word_1_129' title='bbox 1212 1547 1355 1610; x_wconf 86' lang='lat' dir='ltr'><strong>spatio</strong></span> <span class='ocrx_word' id='word_1_130' title='bbox 1384 1549 1473 1596; x_wconf 87' lang='lat' dir='ltr'><strong>late</strong></span> 
     </span>
     <span class='ocr_line' id='line_1_20' title="bbox 181 1620 1472 1684; baseline -0.001 -15"><span class='ocrx_word' id='word_1_131' title='bbox 181 1622 389 1669; x_wconf 81' lang='lat' dir='ltr'><strong>diffusum</strong></span> <span class='ocrx_word' id='word_1_132' title='bbox 401 1659 416 1679; x_wconf 89' lang='lat'><strong>,</strong></span> <span class='ocrx_word' id='word_1_133' title='bbox 433 1622 624 1669; x_wconf 84' lang='lat' dir='ltr'><strong>horrore</strong></span> <span class='ocrx_word' id='word_1_134' title='bbox 643 1621 856 1669; x_wconf 77' lang='lat' dir='ltr'><strong>silvarum</strong></span> <span class='ocrx_word' id='word_1_135' title='bbox 875 1620 1169 1684; x_wconf 82' lang='lat' dir='ltr'><strong>squalentium</strong></span> <span class='ocrx_word' id='word_1_136' title='bbox 1185 1621 1472 1679; x_wconf 81' lang='lat' dir='ltr'><strong>inacceffum,</strong></span> 
     </span>
     <span class='ocr_line' id='line_1_21' title="bbox 185 1693 1471 1758; baseline 0.002 -19"><span class='ocrx_word' id='word_1_137' title='bbox 185 1693 294 1758; x_wconf 77' lang='lat' dir='ltr'><strong>(nisi</strong></span> <span class='ocrx_word' id='word_1_138' title='bbox 328 1711 412 1758; x_wconf 89' lang='lat' dir='ltr'><strong>qua</strong></span> <span class='ocrx_word' id='word_1_139' title='bbox 442 1708 571 1741; x_wconf 89' lang='lat' dir='ltr'><strong>vetus</strong></span> <span class='ocrx_word' id='word_1_140' title='bbox 604 1693 679 1740; x_wconf 80' lang='lat' dir='ltr'><strong>illa</strong></span> <span class='ocrx_word' id='word_1_141' title='bbox 712 1695 916 1740; x_wconf 88' lang='lat' dir='ltr'><strong>Romana</strong></span> <span class='ocrx_word' id='word_1_142' title='bbox 944 1694 1089 1741; x_wconf 83' lang='lat' dir='ltr'><strong>virtus</strong></span> <span class='ocrx_word' id='word_1_143' title='bbox 1124 1696 1173 1741; x_wconf 87' lang='lat'>&amp;</span> <span class='ocrx_word' id='word_1_144' title='bbox 1209 1694 1356 1741; x_wconf 88' lang='lat' dir='ltr'><strong>sobria</strong></span> <span class='ocrx_word' id='word_1_145' title='bbox 1386 1695 1471 1741; x_wconf 89' lang='lat' dir='ltr'><strong>iter</strong></span> 
     </span>
     <span class='ocr_line' id='line_1_22' title="bbox 170 1768 1472 1831; baseline 0.001 -16"><span class='ocrx_word' id='word_1_146' title='bbox 170 1769 441 1831; x_wconf 49' lang='lat' dir='ltr'><strong>composuit</strong></span> <span class='ocrx_word' id='word_1_147' title='bbox 473 1770 634 1830; x_wconf 79' lang='lat' dir='ltr'><strong>latum)</strong></span> <span class='ocrx_word' id='word_1_148' title='bbox 666 1768 866 1815; x_wconf 81' lang='lat' dir='ltr'><strong>barbaris</strong></span> <span class='ocrx_word' id='word_1_149' title='bbox 902 1770 951 1816; x_wconf 86' lang='lat'>&amp;</span> <span class='ocrx_word' id='word_1_150' title='bbox 981 1781 1136 1815; x_wconf 86' lang='lat' dir='ltr'><strong>natura</strong></span> <span class='ocrx_word' id='word_1_151' title='bbox 1169 1768 1382 1816; x_wconf 86' lang='lat' dir='ltr'><strong>locorum</strong></span> <span class='ocrx_word' id='word_1_152' title='bbox 1418 1769 1472 1816; x_wconf 87' lang='lat'>&amp;</span> 
     </span>
     <span class='ocr_line' id='line_1_23' title="bbox 182 1842 1471 1906; baseline -0.002 -16"><span class='ocrx_word' id='word_1_153' title='bbox 182 1843 291 1890; x_wconf 86' lang='lat' dir='ltr'><strong>coeli</strong></span> <span class='ocrx_word' id='word_1_154' title='bbox 330 1843 616 1891; x_wconf 86' lang='lat' dir='ltr'><strong>inclementia</strong></span> <span class='ocrx_word' id='word_1_155' title='bbox 656 1843 918 1906; x_wconf 80' lang='lat' dir='ltr'><strong>refragante.</strong></span> <span class='ocrx_word' id='word_1_156' title='bbox 957 1843 1084 1889; x_wconf 88' lang='lat' dir='ltr'><strong>Hanc</strong></span> <span class='ocrx_word' id='word_1_157' title='bbox 1117 1858 1225 1906; x_wconf 86' lang='lat' dir='ltr'><strong>ergo</strong></span> <span class='ocrx_word' id='word_1_158' title='bbox 1262 1842 1471 1905; x_wconf 83' lang='lat' dir='ltr'><strong>paludem</strong></span> 
     </span>
     <span class='ocr_line' id='line_1_24' title="bbox 184 1915 1470 1980; baseline 0 -18"><span class='ocrx_word' id='word_1_159' title='bbox 184 1915 401 1978; x_wconf 73' lang='lat' dir='ltr'><strong>spumosis</strong></span> <span class='ocrx_word' id='word_1_160' title='bbox 425 1916 663 1980; x_wconf 88' lang='lat' dir='ltr'><strong>strependo</strong></span> <span class='ocrx_word' id='word_1_161' title='bbox 690 1916 935 1964; x_wconf 84' lang='lat' dir='ltr'><strong>verticibus</strong></span> <span class='ocrx_word' id='word_1_162' title='bbox 959 1916 1099 1962; x_wconf 88' lang='lat' dir='ltr'><strong>amnis</strong></span> <span class='ocrx_word' id='word_1_163' title='bbox 1121 1915 1397 1977; x_wconf 84' lang='lat' dir='ltr'><strong>irrumpens,</strong></span> <span class='ocrx_word' id='word_1_164' title='bbox 1419 1916 1470 1962; x_wconf 91' lang='lat'>&amp;</span> 
     </span>
     <span class='ocr_line' id='line_1_25' title="bbox 181 1988 1471 2053; baseline 0.002 -20"><span class='ocrx_word' id='word_1_165' title='bbox 181 1989 399 2036; x_wconf 86' lang='lat' dir='ltr'><strong>undarum</strong></span> <span class='ocrx_word' id='word_1_166' title='bbox 427 1991 622 2053; x_wconf 88' lang='lat' dir='ltr'><strong>quietem</strong></span> <span class='ocrx_word' id='word_1_167' title='bbox 653 2006 882 2053; x_wconf 86' lang='lat' dir='ltr'><strong>permeans</strong></span> <span class='ocrx_word' id='word_1_168' title='bbox 906 1989 1101 2052; x_wconf 80' lang='lat' dir='ltr'><strong>pigram,</strong></span> <span class='ocrx_word' id='word_1_169' title='bbox 1124 1988 1314 2036; x_wconf 90' lang='lat' dir='ltr'><strong>mediam</strong></span> <span class='ocrx_word' id='word_1_170' title='bbox 1341 1988 1471 2037; x_wconf 89' lang='lat' dir='ltr'><strong>velut</strong></span> 
     </span>
     <span class='ocr_line' id='line_1_26' title="bbox 179 2060 1469 2127; baseline 0.002 -19"><span class='ocrx_word' id='word_1_171' title='bbox 179 2060 304 2109; x_wconf 85' lang='lat' dir='ltr'><strong>finali</strong></span> <span class='ocrx_word' id='word_1_172' title='bbox 324 2063 557 2111; x_wconf 84' lang='lat' dir='ltr'><strong>intersecat</strong></span> <span class='ocrx_word' id='word_1_173' title='bbox 575 2064 845 2110; x_wconf 87' lang='lat' dir='ltr'><strong>libramento</strong></span> <span class='ocrx_word' id='word_1_174' title='bbox 865 2082 876 2110; x_wconf 76' lang='lat' dir='ltr'><em>z</em></span> <span class='ocrx_word' id='word_1_175' title='bbox 899 2064 947 2111; x_wconf 91' lang='lat'>&amp;</span> <span class='ocrx_word' id='word_1_176' title='bbox 967 2075 1179 2127; x_wconf 81' lang='lat' dir='ltr'><strong>tanquam</strong></span> <span class='ocrx_word' id='word_1_177' title='bbox 1196 2062 1469 2110; x_wconf 80' lang='lat' dir='ltr'><strong>elementum</strong></span> 
     </span>
     <span class='ocr_line' id='line_1_27' title="bbox 179 2134 1470 2199; baseline 0 -19"><span class='ocrx_word' id='word_1_178' title='bbox 179 2135 367 2196; x_wconf 87' lang='lat' dir='ltr'><strong>perenni</strong></span> <span class='ocrx_word' id='word_1_179' title='bbox 401 2135 621 2183; x_wconf 85' lang='lat' dir='ltr'><strong>discordia</strong></span> <span class='ocrx_word' id='word_1_180' title='bbox 643 2136 914 2199; x_wconf 89' lang='lat' dir='ltr'><strong>separatum,</strong></span> <span class='ocrx_word' id='word_1_181' title='bbox 934 2151 1016 2181; x_wconf 90' lang='lat' dir='ltr'><strong>nec</strong></span> <span class='ocrx_word' id='word_1_182' title='bbox 1035 2134 1166 2181; x_wconf 73' lang='grc' dir='ltr'>ειιιξὶο</span> <span class='ocrx_word' id='word_1_183' title='bbox 1182 2169 1196 2192; x_wconf 89' lang='grc'><em>,</em></span> <span class='ocrx_word' id='word_1_184' title='bbox 1218 2151 1302 2181; x_wconf 90' lang='lat' dir='ltr'><strong>nec</strong></span> <span class='ocrx_word' id='word_1_185' title='bbox 1317 2134 1470 2181; x_wconf 89' lang='lat' dir='ltr'><strong>immi-</strong></span> 
     </span>
     <span class='ocr_line' id='line_1_28' title="bbox 181 2207 1473 2272; baseline 0.003 -21"><span class='ocrx_word' id='word_1_186' title='bbox 181 2218 297 2252; x_wconf 90' lang='lat' dir='ltr'><strong>nuto</strong></span> <span class='ocrx_word' id='word_1_187' title='bbox 324 2208 517 2271; x_wconf 84' lang='lat' dir='ltr'><strong>agmine,</strong></span> <span class='ocrx_word' id='word_1_188' title='bbox 535 2210 660 2272; x_wconf 90' lang='lat' dir='ltr'><strong>quod</strong></span> <span class='ocrx_word' id='word_1_189' title='bbox 679 2209 856 2267; x_wconf 89' lang='lat' dir='ltr'><strong>intulit,</strong></span> <span class='ocrx_word' id='word_1_190' title='bbox 879 2207 1110 2256; x_wconf 85' lang='lat' dir='ltr'><strong>vocabulo</strong></span> <span class='ocrx_word' id='word_1_191' title='bbox 1130 2208 1179 2254; x_wconf 88' lang='lat'>&amp;</span> <span class='ocrx_word' id='word_1_192' title='bbox 1201 2208 1372 2254; x_wconf 86' lang='lat' dir='ltr'><strong>viribus</strong></span> <span class='ocrx_word' id='word_1_193' title='bbox 1391 2208 1473 2255; x_wconf 86' lang='lat' dir='ltr'><strong>ab·</strong></span> 
     </span>
     <span class='ocr_line' id='line_1_29' title="bbox 182 2278 1468 2345; baseline 0.002 -20"><span class='ocrx_word' id='word_1_194' title='bbox 182 2278 378 2325; x_wconf 86' lang='lat' dir='ltr'><strong>solvitur</strong></span> <span class='ocrx_word' id='word_1_195' title='bbox 410 2281 618 2344; x_wconf 84' lang='lat' dir='ltr'><strong>integris,</strong></span> <span class='ocrx_word' id='word_1_196' title='bbox 649 2297 732 2328; x_wconf 90' lang='lat' dir='ltr'><strong>nec</strong></span> <span class='ocrx_word' id='word_1_197' title='bbox 764 2281 970 2345; x_wconf 86' lang='lat' dir='ltr'><strong>contagia</strong></span> <span class='ocrx_word' id='word_1_198' title='bbox 1001 2281 1161 2326; x_wconf 84' lang='lat' dir='ltr'><strong>deinde</strong></span> <span class='ocrx_word' id='word_1_199' title='bbox 1188 2281 1278 2328; x_wconf 89' lang='lat' dir='ltr'><strong>ulla</strong></span> <span class='ocrx_word' id='word_1_200' title='bbox 1306 2297 1468 2344; x_wconf 88' lang='lat' dir='ltr'><strong>perpe-</strong></span> 
     </span>
     <span class='ocr_line' id='line_1_30' title="bbox 180 2352 1470 2418; baseline 0.003 -20"><span class='ocrx_word' id='word_1_201' title='bbox 180 2352 324 2408; x_wconf 87' lang='lat' dir='ltr'><strong>tiens,</strong></span> <span class='ocrx_word' id='word_1_202' title='bbox 360 2353 535 2401; x_wconf 86' lang='lat' dir='ltr'><strong>Oceani</strong></span> <span class='ocrx_word' id='word_1_203' title='bbox 570 2353 817 2417; x_wconf 81' lang='lat' dir='ltr'><strong>gurgitibus</strong></span> <span class='ocrx_word' id='word_1_204' title='bbox 855 2354 1100 2400; x_wconf 88' lang='lat' dir='ltr'><strong>intimatur.</strong></span> <span class='ocrx_word' id='word_1_205' title='bbox 1143 2355 1374 2418; x_wconf 82' lang='lat' dir='ltr'><strong>Quodque</strong></span> <span class='ocrx_word' id='word_1_206' title='bbox 1407 2355 1470 2402; x_wconf 89' lang='lat' dir='ltr'><strong>est</strong></span> 
     </span>
     <span class='ocr_line' id='line_1_31' title="bbox 182 2422 1468 2490; baseline 0.002 -21"><span class='ocrx_word' id='word_1_207' title='bbox 182 2422 417 2485; x_wconf 89' lang='lat' dir='ltr'><strong>impendio</strong></span> <span class='ocrx_word' id='word_1_208' title='bbox 462 2424 651 2483; x_wconf 88' lang='lat' dir='ltr'><strong>mirum,</strong></span> <span class='ocrx_word' id='word_1_209' title='bbox 693 2442 776 2473; x_wconf 90' lang='lat' dir='ltr'><strong>nec</strong></span> <span class='ocrx_word' id='word_1_210' title='bbox 820 2426 1017 2490; x_wconf 84' lang='lat' dir='ltr'><strong>stagnum</strong></span> <span class='ocrx_word' id='word_1_211' title='bbox 1054 2442 1267 2489; x_wconf 87' lang='lat' dir='ltr'><strong>aquarum</strong></span> <span class='ocrx_word' id='word_1_212' title='bbox 1309 2425 1468 2488; x_wconf 86' lang='lat' dir='ltr'><strong>rapido</strong></span> 
     </span>
     <span class='ocr_line' id='line_1_32' title="bbox 185 2493 1468 2559; baseline 0.002 -17"><span class='ocrx_word' id='word_1_213' title='bbox 185 2493 439 2544; x_wconf 86' lang='lat' dir='ltr'><strong>transcursu</strong></span> <span class='ocrx_word' id='word_1_214' title='bbox 471 2509 707 2559; x_wconf 86' lang='lat' dir='ltr'><strong>movetur,</strong></span> <span class='ocrx_word' id='word_1_215' title='bbox 737 2515 821 2548; x_wconf 90' lang='lat' dir='ltr'><strong>nec</strong></span> <span class='ocrx_word' id='word_1_216' title='bbox 853 2497 1006 2547; x_wconf 86' lang='lat' dir='ltr'><strong>limosa</strong></span> <span class='ocrx_word' id='word_1_217' title='bbox 1036 2497 1241 2549; x_wconf 80' lang='lat' dir='ltr'><strong>subluvie</strong></span> <span class='ocrx_word' id='word_1_218' title='bbox 1271 2498 1468 2546; x_wconf 87' lang='lat' dir='ltr'><strong>tardatur</strong></span> 
     </span>
    </p>
   </div>
   <div class='ocr_carea' id='block_1_3' title="bbox 1601 2210 1607 2317">
    <p class='ocr_par' dir='ltr' id='par_1_3' title="bbox 1601 2210 1607 2331">
     <span class='ocr_line' id='line_1_33' title="bbox 1601 2210 1607 2317; baseline 0 0"><span class='ocrx_word' id='word_1_219' title='bbox 1601 2210 1607 2317; x_wconf 56' lang='lat' dir='ltr'><em>f</em></span> 
     </span>
    </p>
   </div>
  </div>
 </body>
</html>
