1626 2917
327 212 544 259 RERUM
580 210 917 258 GESTARUM
954 211 1054 256 ΗΒ.
1089 211 1251 256 XVllL
1339 224 1421 268 171

154 319 258 368 artis
286 318 466 375 Perficae
501 318 843 366 scientiffimum.
877 319 1196 377 Quorumore
1230 314 1429 378 provin-

154 394 236 449 ciis
265 392 464 456 percitis,
488 392 666 438 ordines
689 391 924 438 civitatum
951 392 1001 438 &
1029 389 1218 453 populi,
1243 389 1431 437 decretis

154 468 204 514 &
233 465 630 514 acclamationibus
655 464 795 510 densis
809 500 822 521 ‚
843 463 999 526 injeEta
1019 481 1153 510 manu
1172 462 1431 510 detinebant

153 555 292 601 penes
319 538 360 584 se
386 538 617 601 publicum
636 536 910 583 defensorem
928 574 941 594 ,
961 553 1181 583 memores
1194 572 1206 593 ‚
1221 536 1344 599 quod
1362 552 1432 581 re-

153 610 282 669 listus
308 612 363 657 ad
383 610 448 656 sui
475 610 653 657 tutelam
674 627 774 656 cum
796 609 928 656 inerti
947 612 995 657 ὅ(
1015 608 1240 655 umbratili
1263 607 1432 666 milite,

155 683 270 729 nihil
301 682 503 730 amiserat
532 699 610 744 per
633 682 898 729 decennium
920 700 930 728 ε
952 681 1078 728 simul
1101 693 1346 727 metuentes
1369 680 1432 726 sa-

154 754 269 813 luti,
288 756 414 817 quod
442 767 646 816 tempore
676 754 838 805 dubio,
865 766 1043 799 remoto
1074 753 1155 798 illo
1174 789 1187 808 ‚
1209 752 1433 798 advenisse

154 826 386 872 hominem
432 838 745 888 compererant
791 825 1114 872 inertiffimum.
1161 825 1397 871 Credimus
1418 859 1433 881 ,

157 915 302 963 neque
321 898 439 945 enim
465 899 651 945 dubium
685 897 771 955 est,
791 914 869 959 per
889 896 1034 943 aerios
1057 897 1252 943 tramites
1271 897 1435 942 famam

155 984 395 1034 praepetem
414 971 629 1027 volitare,
651 969 776 1030 cujus
796 969 966 1015 indicio
988 969 1082 1015 haec
1101 969 1213 1032 gesta
1233 970 1434 1031 panden-

156 1058 201 1091 te
217 1080 231 1103 ‚
254 1045 541 1092 consiliorum
569 1044 688 1105 apud
710 1041 856 1089 Persas
877 1042 1040 1088 summa
1063 1042 1401 1105 proponebatur
1421 1059 1434 1087 z

159 1118 208 1166 δέ
239 1116 397 1170 multis,
414 1114 532 1162 ultro
559 1115 765 1178 citroque
792 1113 1043 1160 deliberatis
1064 1113 1256 1177 placuit,
1284 1115 1436 1160 Anto-

158 1190 270 1238 nino
298 1190 503 1237 suadente
519 1225 533 1248 ,
554 1191 604 1237 &
639 1188 848 1237 Ursicino
873 1188 1035 1251 procul
1067 1199 1220 1234 amoto
1237 1223 1251 1246 9
1280 1185 1436 1249 despe-

155 1265 320 1328 &oque
350 1264 536 1312 novello
565 1263 703 1319 duce,
738 1262 996 1326 posthabitis
1025 1260 1256 1308 civitatum
1281 1260 1436 1323 perni-

155 1339 287 1387 ciofis
305 1338 508 1395 obfidiis‚
539 1348 900 1400 perrumperetur
917 1336 1190 1414 Euphrates,
1210 1334 1437 1396 ireturque

157 1411 369 1475 prorsus:
388 1423 439 1458 ut
461 1410 674 1472 occupari
693 1409 855 1471 poffint
881 1406 1157 1470 provinciae,
1175 1405 1291 1452 sama
1316 1405 1436 1452 cele-

157 1485 286 1532 ritate
316 1495 577 1547 praeventa,
605 1481 815 1528 omnibus
841 1492 943 1527 ante
964 1479 1089 1525 bellis
1118 1477 1229 1540 (nisi
1256 1490 1438 1540 tempo-

157 1557 282 1604 ribus
313 1554 539 1619 Gallieni)
563 1555 760 1611 inta&ae‚
790 1570 987 1616 paceque
1019 1551 1268 1616 longiffima
1302 1552 1437 1599 locu-

159 1628 325 1692 pletes:
347 1627 472 1690 cujus
489 1627 576 1684 rei,
596 1626 884 1690 prosperante
906 1626 1039 1680 Deo,
1059 1624 1286 1670 du&orem
1310 1641 1438 1671 com-

159 1701 460 1750 modiffimum
497 1700 596 1748 fore
631 1699 893 1763 spondebat.
934 1698 1134 1745 Laudato
1167 1696 1437 1760 firmatoque

158 1774 380 1832 concordi
415 1774 621 1822 omnium
643 1774 896 1821 'voluntate
936 1771 1123 1822 consilio
1141 1807 1154 1828 ‚
1182 1770 1438 1819 conversis-

158 1866 247 1913 que
272 1849 490 1897 univerfis
510 1851 565 1897 ad
591 1867 641 1897 ea
658 1886 671 1908 ‚
697 1867 794 1913 quae
825 1860 947 1896 erant
978 1848 1108 1896 citius
1127 1847 1436 1910 congerenda,

158 1934 432 1971 commeatus
449 1958 463 1981 ‚
483 1923 673 1981 milites,
693 1940 810 1969 arma
825 1959 840 1980 ‚
863 1935 1097 1985 ceteraque
1123 1920 1437 1979 instrumenta,

158 1991 262 2058 quai
293 1994 504 2058 poscebat
534 1995 790 2059 procincius
814 1995 1086 2051 adventans,
1108 2006 1321 2057 perpetua
1342 1994 1439 2040 hie-

160 2085 233 2116 me
255 2070 538 2132 parabantur.
575 2071 675 2116 Nos
702 2070 868 2116 interea
898 2067 1116 2132 paulisper
1150 2068 1211 2114 cis
1233 2069 1438 2115 Taurum

160 2143 352 2201 morati,
387 2159 440 2190 ex
475 2143 667 2206 imperio
705 2143 760 2190 ad
799 2156 940 2206 partes
975 2141 1109 2188 Italiae
1152 2140 1437 2198 festinantes,

161 2232 308 2281 prope
339 2216 507 2264 flumen
551 2217 755 2265 venimus
793 2216 1020 2272 Hebrum,
1055 2231 1112 2261 ex
1156 2215 1437 2279 Odrysarum

161 2287 392 2337 montibus
412 2291 722 2337 decurrentem
741 2288 919 2352 :ibique
937 2287 1154 2351 Principis
1170 2286 1328 2351 scripta
1346 2286 1437 2333 sus-

162 2362 389 2422 cepimus,
407 2361 635 2424 jubentia,
667 2363 793 2411 omni
813 2361 1067 2410 causatione
1088 2361 1337 2425 posthabita
1363 2376 1438 2406 re-

162 2434 281 2482 verti
310 2435 681 2501 Mesopotamiam
711 2437 801 2484 fine
834 2437 1142 2499 apparitione,
1164 2436 1329 2482 nullam
1355 2450 1437 2480 ex-

159 2506 436 2571 peditionem
469 2511 670 2560 curaturi
702 2509 1033 2575 periculosam,
1057 2508 1113 2556 ad
1144 2507 1280 2555 alium
1307 2504 1436 2565 omni
