1626 2917
260 187 346 242 154
463 182 798 229 AMMIANI
848 183 1373 232 MARCELLINI·

252 291 465 337 Severum
489 292 538 337 ὅ(
558 290 836 337 Flaccianum
859 292 1281 356 c'reavere‘legatos‚
1306 289 1524 340 victoria:

251 380 351 411 rum
384 379 516 409 aurea
543 363 768 410 simulacra
790 364 1122 411 Valentiniano
1141 366 1200 412 ob
1230 366 1402 427 imperii
1429 366 1523 426 pri-

252 435 396 481 mitias
423 435 686 482 oblaturos:
711 449 847 498 utque
879 436 1131 483 lacrimosas
1157 437 1405 499 provinciae
1433 438 1525 483 rui-

251 525 329 555 nas
354 510 568 555 docerent
598 508 829 571 intrepide.
863 509 1046 568 ‘Quibus
1081 510 1320 571 compertis
1350 512 1522 556 Roma-

249 598 353 635 nus,
366 581 494 627 miffo
509 580 658 643 equite
675 580 975 639 velocissimo,
988 582 1239 645 magistrum
1260 583 1520 629 officiorum

248 655 363 719 petit
389 655 641 718 Remigium
660 691 674 712 ‚
698 656 874 703 affinem
902 656 1031 702 suum
1062 656 1315 719 rapinarum
1338 657 1522 720 partici-

247 746 379 792 pem,
399 740 448 775 ut
474 728 735 791 provideret
762 729 1045 792 Imperatoris
1076 730 1262 776 arbitrio
1290 729 1521 793 cognitio-

245 819 348 850 nem
384 801 517 862 hujus
553 802 725 865 negotii
750 802 921 850 vicario
955 802 1124 865 sibique
1155 802 1328 849 deferri.
1366 805 1521 848 Vene-

245 884 351 920 runt
371 873 418 919 in
449 872 713 920 comitatum
747 873 906 937 legati:
928 874 1141 937 aditoque
1166 874 1394 937 Principe,
1416 890 1521 921 ver-

246 947 314 995 bis
327 983 341 1006 ,
370 964 472 1011 quae
488 947 671 1010 perpeffi
687 946 808 1005 sunt,
830 948 1120 995 ostenderunt
1140 966 1151 995 :
1171 948 1431 995 obtulerunt
1448 948 1521 995 de-

243 1032 392 1075 creta,
415 1031 587 1066 textum
611 1020 889 1066 continentia
915 1022 979 1067 rei
999 1020 1148 1068 totius.
1172 1020 1352 1080 Quibus
1372 1019 1520 1078 lectis,

246 1110 349 1139 cum
384 1108 529 1155 neque
565 1091 775 1140 relationi
806 1093 1064 1139 officiorum
1096 1093 1288 1155 magistri
1326 1092 1521 1140 faventis

243 1164 437 1214 Romani
458 1164 635 1227 flagitiis
650 1199 664 1222 ,
684 1181 766 1210 nec
795 1164 1019 1212 contraria
1045 1163 1338 1210 referentibus
1365 1166 1520 1212 crede-

243 1250 364 1285 retur
383 1257 393 1284 :
414 1237 623 1300 p-romiffa
648 1236 910 1300 disceptatio
945 1238 1074 1300 plena
1094 1236 1227 1284 dilata
1257 1237 1318 1284 est
1337 1254 1393 1284 eo
1414 1254 1519 1283 mo-

244 1330 318 1370 re,
349 1329 442 1374 quo
474 1311 617 1357 solent
649 1310 765 1356 inter
799 1310 1030 1373 potiorum
1067 1311 1390 1373 occupationes
1424 1311 1517 1357 ludi

243 1386 480 1451 potestates
509 1383 702 1431 excelsae.
728 1383 853 1430 Dum
886 1383 1078 1430 remedia
1110 1384 1309 1447 quaedam
1336 1401 1362 1431 a
1383 1401 1518 1431 -com-

243 1460 408 1507 militio
433 1457 650 1521 Principis
675 1455 1012 1520 exspectantur,
1033 1454 1241 1518 suspenfis
1271 1456 1518 1519 Tripolita-

244 1533 313 1579 nis
336 1532 505 1594 diuque>
527 1528 696 1588 anxiis,
713 1527 859 1576 rursus
891 1528 1014 1592 globi
1038 1528 1334 1591 supervenere
1362 1529 1519 1576 barba-

241 1604 324 1652 rici
339 1640 351 1662 ,
389 1602 551 1650 fiducia
588 1601 746 1649 sublati
789 1601 1119 1664 praeteritorum
1140 1618 1153 1647 ε
1190 1600 1518 1664 Leptitanoque

242 1694 351 1741 agro
372 1679 421 1725 &
445 1676 596 1724 OEensi
619 1675 895 1724 interneciva
921 1675 1217 1739 populatione
1237 1673 1517 1733 transcursis,

242 1749 409 1812 expleti
440 1748 687 1811 praedarum
712 1748 885 1795 acervis
913 1748 1166 1811 ingentibus
1193 1747 1483 1794 abscesserunt
1500 1779 1516 1803 ‚

240 1823 398 1871 occifis
425 1821 741 1870 decurionibus
766 1821 915 1868 multis
934 1839 944 1867 :
965 1821 1082 1867 inter
1100 1837 1216 1883 quos
1234 1819 1514 1866 Rusticianus

240 1896 520 1945 sacerdotalis
541 1897 592 1944 ὅ(
617 1894 815 1942 Nicasius
840 1893 1035 1941 enitebat
1054 1893 1205 1941 aedilis.
1232 1894 1341 1940 Haec
1365 1905 1512 1939 autem

238 1969 417 2033 eruptio
445 1970 548 2016 ideo
567 1967 707 2016 arceri
725 1984 819 2014 non
839 1967 991 2030 potuit
1004 2003 1018 2025 ,
1038 1967 1164 2030 quod
1181 1966 1235 2013 ad
1265 1966 1514 2028 legatorum

239 2062 394 2110 preces
417 2044 706 2110 negotiorum
737 2058 921 2107 quoque
941 2041 1193 2088 militarium
1217 2057 1320 2087 cura
1343 2039 1513 2102 praefidi

237 2119 381 2166 delata
406 2118 593 2165 Ruricio
609 2153 622 2174 ,
641 2132 752 2162 mox
772 2115 981 2163 translata
1001 2115 1061 2161 est
1081 2114 1136 2160 ad
1159 2115 1427 2160 Romanum.
1455 2115 1511 2175 Et

235 2192 323 2255 jam
343 2207 496 2240 recens
515 2190 693 2237 infli&ae
713 2189 849 2237 cladis
882 2188 1064 2235 nuntius
1084 2186 1231 2233 miffus
1247 2187 1301 2233 ad
1319 2186 1511 2243 Gallias,

236 2264 455 2312 excitavit
497 2265 640 2312 acrius
677 2263 943 2325 Principem.
981 2263 1172 2323 Ideoque
1215 2262 1420 2306 tribunus
1461 2261 1511 2307 &

235 2339 440 2385 notarius
460 2339 677 2385 Palladius
697 2338 914 2395 mittitur,
936 2348 983 2383 ut
1004 2337 1052 2382 &
1072 2334 1201 2380 militi
1220 2334 1410 2398 disperso
1434 2350 1511 2396 per

180 2448 183 2449 γ
237 2411 433 2458 Africam
452 2412 667 2473 praeberet
693 2410 958 2473 stipendium
984 2407 1183 2453 debitum
1200 2443 1214 2464 ,
1234 2410 1282 2454 ὅ(
1301 2407 1413 2470 gesta
1432 2422 1510 2468 per

233 2484 460 2549 Tripolim
487 2483 573 2532 fide
612 2501 811 2550 congrua
840 2483 1122 2534 scrutaretur.
1156 2482 1272 2529 Inter
1299 2480 1405 2528 tales
1440 2490 1510 2526 ta-
