1626 2917
227 221 325 268 274
433 203 785 251 AMMIANl
830 204 1313 252 MARCELLINI

226 309 427 371 coepisset
457 309 656 367 hostilis,
687 308 903 357 referrent
931 310 1059 357 citius
1083 311 1253 373 pedem.
1284 312 1501 374 Dumque

225 382 462 429 collimitia
491 380 597 441 jussa
623 381 880 428 custodiunt
904 382 1065 438 duces,
1095 385 1144 431 ὅ(
1177 384 1353 431 occulta
1377 383 1503 430 falla·

226 454 405 500 ciffimae
438 453 578 516 gentis
609 453 937 512 observantur,
963 470 1095 516 agens
1123 456 1212 518 ipse
1247 473 1347 503 cum
1379 467 1503 517 parte

226 525 440 572 validiori
464 525 686 572 exercitus
712 526 898 572 curabat
931 524 1132 590 urgentia
1148 561 1161 585 ‚
1182 527 1306 573 velut
1333 544 1504 590 pugna·

226 614 375 658 turus,
412 599 672 662 oppidaque
708 600 915 646 tuebatur
951 598 1151 647 excursu.
1195 601 1504 663 Speculatores

226 691 339 721 vero
373 675 422 720 &
451 672 689 736 transfuga:
728 672 912 720 subinde
946 673 1178 719 venientes
1211 673 1503 737 repugnantia

223 747 504 808 prodebant:
527 744 629 792 ideo
647 745 904 793 futurorum
923 746 1104 804 incerti,
1122 747 1244 809 quod
1261 747 1380 809 apud
1397 747 1502 793 Per-

224 814 290 862 sas
311 832 445 864 nemo
463 817 752 864 consiliorum
771 818 832 863 est
850 817 1070 873 conscius,
1089 830 1249 879 praeter
1268 817 1504 880 optimates

225 888 476 936 taciturnos
503 891 552 937 &
572 888 712 947 fidos,
732 891 853 952 apud
870 907 985 953 quos
1003 889 1174 936 Silentii
1191 906 1371 953 quoque
1390 889 1505 937 coli-

225 974 299 1008 tur
326 978 503 1008 numen.
534 962 858 1010 Accersebatur
886 977 1033 1009 autem
1056 980 1080 1008 a
1099 963 1356 1011 memoratis
1378 962 1506 1010 duci·-

224 1033 308 1080 bus
329 1036 575 1097 Imperator
593 1036 778 1092 affidue,
797 1035 1026 1082 orantibus
1049 1033 1160 1080 ferri
1179 1035 1254 1081 fibi
1277 1034 1506 1099 suppetias.

223 1108 518 1155 Testabantur
537 1109 680 1165 enim,
701 1108 741 1155 se
759 1127 855 1156 non
877 1110 956 1156 nisi
987 1109 1149 1157 coaffis
1169 1110 1213 1156 in
1235 1128 1373 1157 unum
1398 1110 1507 1155 viri-

224 1182 307 1229 bus
331 1183 498 1230 cunffis
535 1183 657 1244 poffe
686 1183 903 1246 impetum
929 1183 1041 1245 regis
1072 1182 1355 1229 ardentissimi
1387 1181 1505 1228 susti·

223 1275 345 1305 nere.
378 1259 495 1318 Quae
523 1258 629 1304 dum
662 1270 855 1320 aguntur
888 1257 946 1303 ita
978 1256 1197 1314 sollicite,
1229 1256 1375 1302 nuntii
1403 1273 1506 1318 per·

226 1332 441 1378 crebuere
474 1330 698 1377 certiffimi
719 1348 729 1376 ε
753 1346 954 1391 quorum
982 1330 1100 1376 clara
1119 1328 1205 1375 fide
1225 1343 1506 1392 compertum

225 1403 288 1449 est
304 1439 314 1459 ,
334 1402 554 1451 Julianum
578 1402 741 1449 ltaliam
762 1403 811 1449 ὅ(
830 1401 1062 1465 Illyricum
1093 1401 1215 1449 cursu
1238 1403 1370 1449 celeri
1392 1420 1508 1464 prac-

224 1475 483 1539 tergreffum
500 1510 513 1532 ‚
544 1474 728 1522 claustra
758 1475 935 1521 interim
967 1474 1199 1537 occupasse
1225 1476 1470 1523 Succorum
1492 1512 1508 1532 ,

224 1549 368 1596 accita
388 1547 583 1610 undique
603 1547 928 1609 praestolantem
947 1546 1136 1604 auxilia,
1157 1559 1208 1593 ut
1224 1547 1507 1595 multitudine

226 1619 409 1682 stipatus
429 1635 658 1666 armorum
680 1619 942 1679 pervaderet
961 1618 1190 1665 Thracias.
1222 1620 1332 1678 Quo
1352 1620 1509 1683 cogni-

226 1706 296 1748 to,
316 1709 516 1739 moerore
536 1691 704 1739 offusus
724 1692 1036 1750 Constantius,
1054 1692 1213 1739 solatio
1233 1710 1325 1739 uno
1345 1693 1508 1742 susten-

203 1764 430 1824 'tabatur‚
467 1765 592 1827 quod
622 1764 859 1812 intestinos
900 1764 1070 1826 semper
1102 1763 1375 1826 superaverit
1404 1783 1507 1812 mo-

225 1854 297 1885 tus
316 1854 326 1882 ε
347 1855 393 1884 re
412 1851 560 1885 tamen
580 1855 783 1900 magnam
803 1837 844 1884 ei
873 1836 1178 1883 difficultatem
1208 1837 1263 1883 ad
1283 1837 1507 1900 capessen-

227 1913 333 1958 dum
369 1911 604 1960 confilium
633 1911 872 1967 afferente,
901 1911 946 1956 id
974 1910 1106 1974 elegit
1133 1911 1401 1973 potiffimum
1418 1946 1432 1970 ‚
1458 1925 1508 1960 ut

227 1987 448 2034 vehiculis
469 1987 659 2048 publicis
691 1986 948 2049 impositum
977 1985 1187 2047 paulatim
1221 1985 1508 2047 praemitteret

226 2058 413 2106 militem
428 2095 440 2115 ‚
465 2059 715 2105 imminenti
735 2058 855 2106 casus
871 2058 1096 2106 atrocitati
1119 2058 1324 2106 velocius
1342 2075 1506 2106 occur·

229 2131 396 2178 surum.
425 2132 735 2195 Omniumque
760 2131 977 2179 consensu
997 2131 1242 2195 approbata
1263 2131 1476 2180 sententia
1493 2168 1509 2192 ‚

218 2206 497 2269 pergebant,
522 2218 570 2252 ut
595 2218 868 2268 praeceptum
894 2204 982 2263 est,
1004 2205 1213 2267 expediti.
1241 2205 1382 2269 Eique
1411 2207 1507 2253 haec

228 2276 488 2338 disponenti
510 2277 607 2324 luce
626 2277 799 2339 postera
818 2276 1074 2334 nuntiatur,
1097 2293 1241 2339 regem
1263 2294 1362 2323 cum
1382 2273 1509 2323 omni

227 2367 394 2405 manu,
416 2367 546 2413 quam
574 2351 781 2409 duxerat,
810 2349 864 2395 ad
883 2349 1065 2412 propria
1083 2349 1333 2406 revertisse,
1364 2347 1508 2411 auspi-

231 2422 313 2470 ciis
340 2421 676 2468 dirimentibus:
697 2386 1085 2485 lenitoquemetu,
1101 2421 1330 2467 revocaris
1358 2419 1506 2465 omni-

228 2495 338 2556 bus,
362 2507 523 2559 piwaetei
543 2511 650 2554 eos,
669 2510 784 2559 quos
812 2493 1089 2543 consuetudo
1126 2493 1329 2557 praesidio
1359 2491 1511 2546 Meso-
