1626 2917
287 160 508 226 RERUM
542 159 878 207 GESTARUM
912 160 1016 207 Lm.
1050 159 1207 207 xxx,
1305 175 1393 224 235

114 267 383 316 membimus
406 269 516 317 vitia
533 305 546 327 ‚
577 268 677 332 post
697 270 746 316 &
774 267 999 331 praecipua
1028 265 1261 314 narraturi.
1282 267 1400 313 Affi-

112 342 303 389 mulavit
323 359 653 406 nonnunquam
672 341 922 388 clementiae
941 337 1155 404 speciem,
1172 357 1274 388 cum
1294 340 1402 386 esset

112 414 160 462 in
192 415 478 463 acerbitatem
513 430 683 462 naturae
717 415 870 462 calore
901 414 1198 477 propensior:
1230 413 1402 460 oblitus

113 487 348 550 profeEtO,
368 490 493 552 quod
515 488 687 552 regenti
713 488 949 550 imperium
972 487 1127 533 omnia
1146 486 1282 534 nimia
1302 486 1404 533 vel-

112 571 163 606 ut
196 562 373 622 proceri
407 561 580 624 scopuli
613 560 711 607 sunt
750 560 1004 607 devitanda.
1043 561 1139 607 Nec
1171 561 1291 606 enim
1330 558 1405 605 us-

112 648 249 696 quam
274 635 492 697 reperitur
511 634 609 681 miti
633 633 912 681 coercitione
937 644 1178 680 contentus
1195 667 1208 689 ‚
1228 631 1303 679 sed
1319 631 1404 679 ali-

115 707 298 770 quoties
334 708 604 771 quaestiones
645 705 934 769 multiplicari
976 705 1136 767 juffiffe
1172 716 1405 763 cruentas,

113 777 215 840 post
232 777 610 842 interrogationes
636 777 824 824 funestas
844 777 1077 824 nonnullis
1102 776 1296 840 adusque
1316 776 1406 824 dis-

115 850 303 899 crimina
334 853 443 900 vitae
475 852 683 901 vexatis:
711 854 759 901 &
791 851 850 898 ita
884 863 978 899 erat
1020 850 1201 898 effusior
1232 851 1287 898 ad
1315 867 1407 896 no·

115 925 335 985 cendum,
356 937 405 972 ut
433 925 606 972 nullum
638 924 881 987 aliquando
911 924 1224 971 damnatorum
1250 923 1406 987 capitis

115 997 308 1059 eriperet
341 1010 489 1044 morte
523 996 861 1059 subscriptionis
893 996 1047 1059 elogio
1081 996 1196 1054 leni,
1231 1014 1332 1044 cum
1361 996 1407 1042 id

115 1069 247 1116 etiam
284 1069 510 1132 Principes
542 1070 768 1116 interdum
806 1068 952 1116 fecere
988 1068 1225 1116 saeviffirni.
1265 1068 1406 1132 Atqui

115 1141 266 1204 potuit
297 1143 502 1205 exempla
529 1143 670 1189 multa
703 1142 911 1190 contueri
940 1140 1193 1203 majorum,
1221 1143 1269 1190 &
1302 1143 1408 1189 imi-

115 1213 200 1261 tari
228 1215 459 1279 peregrina
494 1229 626 1278 atque
658 1216 833 1262 interna
869 1214 1157 1262 humanitatis
1188 1218 1238 1264 &
1263 1216 1409 1277 pieta-

115 1285 173 1332 tis
189 1322 203 1343 ‚
225 1303 332 1350 quas
353 1287 568 1351 sapientes
598 1287 950 1351 consanguineas
972 1286 1188 1333 virtutum
1218 1287 1302 1333 effe
1326 1289 1408 1333 de-

116 1355 281 1405 finiunt
304 1359 444 1406 bonas
467 1378 478 1406 :
499 1377 522 1406 e
543 1360 704 1423 quibus
725 1360 821 1406 haec
844 1357 1027 1405 sufficiet
1052 1359 1179 1421 poni.
1197 1361 1410 1406 Artaxer-

117 1447 196 1477 xes
221 1433 451 1480 Persarum
472 1433 544 1479 ille
570 1450 651 1479 rex
683 1431 1040 1495 potentissimus,
1067 1449 1198 1495 quem
1220 1435 1407 1479 Macro-

119 1502 240 1551 chira
259 1505 446 1552 membri
466 1506 599 1554 unius
619 1505 862 1569 longitudo
882 1505 1287 1563 commemoravit,
1304 1505 1407 1568 sup-

119 1574 363 1637 pliciorum
402 1577 671 1636 varietates,
703 1593 808 1640 quas
844 1577 966 1624 natio
1003 1576 1172 1640 semper
1206 1578 1408 1625 exercuit

120 1647 286 1704 cruda,
317 1648 498 1695 lenitate
526 1649 720 1712 genuina
749 1649 985 1713 castigans,
1014 1649 1145 1696 tiaras
1178 1650 1233 1697 ad
1260 1650 1408 1698 vicem

122 1715 316 1784 capitum
336 1722 599 1785 quibusdam
621 1724 771 1769 noxiis
798 1723 1081 1784 amputabat:
1102 1726 1150 1772 &
1171 1741 1225 1771 ne
1245 1724 1408 1773 secaret

122 1811 248 1848 autes
272 1812 400 1842 more
431 1797 555 1860 regio
587 1813 673 1860 pro
704 1796 900 1852 delitiis,
924 1813 981 1843 ex
1009 1798 1167 1861 galeris
1194 1797 1267 1845 fila
1293 1815 1409 1861 pen·

122 1867 273 1915 dentia
305 1869 575 1931 praecidebat
607 1889 619 1917 :
657 1888 758 1934 quae
793 1870 1087 1932 temperantia
1126 1887 1305 1917 morum
1346 1871 1408 1918 ita

123 1940 404 1989 tolerabilem
425 1960 526 1990 eum
547 1943 653 1990 fecit
673 1947 721 1992 ὅ(
738 1943 1042 1990 verecundum
1059 1979 1074 2001 ,
1092 1957 1142 1989 ut
1163 1944 1410 1991 annitenti·

124 2014 209 2062 bus
228 2016 399 2063 cunffis
419 2017 585 2064 multos
604 2021 653 2064 ὃς
673 2017 897 2064 mirabiles
918 2018 1035 2064 aelus
1056 2017 1258 2080 impleret
1275 2020 1408 2064 Grae-

126 2087 191 2136 cis
211 2087 501 2152 scriptoribus
521 2091 781 2138 celebratos.
801 2091 1072 2138 Praenestino
1095 2104 1312 2154 praetore,
1329 2092 1408 2155 qui

125 2160 250 2209 bello
271 2163 466 2224 quodam
497 2162 745 2209 Samnitico
767 2179 1010 2226 properare
1029 2162 1162 2223 jussus
1181 2165 1236 2211 ad
1259 2165 1408 2227 praefi-

127 2233 249 2279 dium
269 2243 462 2282 'venerat
492 2235 693 2298 segnius,
712 2236 767 2282 ad
795 2237 962 2282 crimen
990 2236 1248 2283 diluendum
1277 2236 1409 2283 exhi-

127 2304 254 2364 bito,
284 2306 483 2368 Papirius
507 2306 677 2355 Cursor
697 2324 747 2354 ea
776 2307 1030 2370 tempestate
1063 2309 1252 2355 diiiamr
1284 2308 1408 2355 secu-

127 2395 222 2425 rem
244 2396 323 2441 per
347 2380 548 2428 listorem
569 2381 795 2444 expediri,
815 2382 1088 2445 homineque
1111 2381 1278 2444 abjefm
1300 2398 1406 2443 pur-

128 2453 263 2522 gandi
292 2453 334 2503 se
362 2453 525 2504 fiducia
549 2454 822 2521 stupefilcim,
855 2455 997 2504 visum
1029 2472 1172 2522 prope
1200 2451 1406 2505 fruticem
