1626 2917
276 138 497 203 RERUM
533 138 878 186 GESTARUM
915 139 1018 185 LlB.
1052 138 1226 186 XXXI.
1315 156 1410 205 259

116 245 394 312 lippopolis‚
416 261 596 296 centum
621 248 859 295 hominum
881 248 1077 295 millibus
1093 284 1107 305 ,
1129 248 1208 295 nifi
1230 247 1410 312 fingunt

118 321 297 369 annales
317 357 331 380 ,
358 321 473 368 intra
494 321 665 368 moenia
688 319 912 385 jugulatis.
935 321 1097 386 Vagati
1120 339 1197 387 per
1223 322 1411 385 Epirum

118 395 477 459 Thessaliamque
513 397 563 443 δε
595 410 778 441 omnem
817 394 1042 441 Graeciam
1083 395 1291 444 licentius
1328 396 1413 443 ho-

118 468 203 515 stes
243 468 418 515 externi
451 487 460 513 :
489 469 589 526 sed,
629 466 817 513 assumto
859 466 903 513 in
942 467 1181 529 imperium
1216 469 1413 516 Claudio

120 541 326 608 glorioso
357 541 575 596 difflore,
606 540 654 585 ὅ(
682 539 844 584 eodem
881 538 1067 584 honesta
1109 556 1257 587 morte
1297 557 1415 604 prae-

118 627 253 678 repto
272 649 285 670 ,
312 630 391 676 per
419 612 712 659 Aurelianum
741 628 889 657 acrem
927 611 1075 657 virum
1106 612 1156 658 &
1193 611 1416 661 severiffi-

120 705 244 735 mum
284 703 507 733 noxarum
554 685 750 730 ultorem
790 681 902 746 pulli
925 718 939 739 ,
977 699 1059 745 per
1093 684 1231 746 longa
1270 685 1417 734 secula

122 761 336 808 siluerunt
368 758 656 805 immobiles:
691 756 770 803 nisi
798 757 923 820 quod
951 757 1100 819 postea
1129 759 1417 807 latrocinales

123 834 252 898 globi
273 832 422 879 vicina
447 847 550 878 cum
570 830 633 876 sui
661 831 804 878 exitio
826 830 966 877 rarius
995 830 1300 881 incursabant.
1326 835 1419 880 Ve-

124 925 225 954 rum
252 923 300 952 ea
325 905 589 967 persequar,
614 904 731 950 unde
762 903 947 951 diverti.

190 980 264 1025 Vl.
289 979 392 1035 Hor:
418 978 643 1041 gestorum
668 991 793 1023 textu
821 976 1088 1024 circumlato
1111 977 1278 1025 nuntiis
1304 978 1419 1025 den-

124 1052 199 1107 fis,
225 1052 436 1098 Sueridus
457 1053 506 1098 &
527 1051 681 1097 Colias
697 1086 711 1107 ,
729 1052 996 1098 Gothorum
1018 1053 1260 1115 optimates
1275 1090 1289 1111 ,
1314 1071 1418 1103 cum

124 1123 310 1187 populis
347 1122 432 1170 suis
470 1124 605 1186 longe
641 1136 744 1170 ante
781 1123 995 1187 suscepti,
1032 1126 1081 1173 &
1117 1143 1274 1174 curare
1298 1129 1418 1191 apud

125 1198 506 1261 Hadrianopolim
559 1198 742 1246 hiberna
786 1199 985 1262 dispositi
1009 1236 1020 1257 ,
1064 1200 1246 1249 salutem
1300 1204 1418 1252 suam

124 1270 343 1329 <lucentes
362 1271 707 1335 antiquissimam
730 1273 960 1330 omnium,
979 1273 1135 1321 otiosis
1157 1276 1316 1323 animis
1341 1296 1420 1325 ac-

125 1346 322 1394 cidentia
354 1347 510 1393 cun&a
542 1346 891 1393 contuebantur.
928 1349 1098 1393 Verum
1130 1350 1421 1410 Imperatoris

125 1419 267 1466 literis
287 1435 468 1481 repente
497 1419 673 1482 perlatis
689 1454 703 1476 ‚
730 1419 891 1482 quibus
915 1420 1095 1466 transire
1119 1419 1217 1481 jusli
1246 1421 1347 1470 sunt
1369 1424 1418 1472 in

126 1492 498 1554 Hellespontum,
526 1493 767 1549 viaticum,
789 1493 939 1541 cibum
957 1529 969 1549 ,
993 1494 1208 1557 biduique
1240 1496 1424 1544 dilatioa

128 1583 233 1614 nem
261 1565 394 1612 tribui
417 1565 494 1612 fibi
521 1565 610 1613 stne
632 1578 813 1612 tumore
845 1566 1104 1628 poscebant.
1140 1569 1282 1627 Quod
1301 1571 1420 1619 civi-

129 1638 235 1686 tatis
257 1638 534 1701 magistratus
554 1638 701 1686 ferens
728 1639 932 1702 indigne,
958 1639 1272 1703 (succensebat
1299 1644 1421 1692 enim

129 1711 286 1760 iisdem
309 1711 370 1758 ob
391 1728 482 1757 rem
505 1709 624 1758 suam
645 1711 690 1757 in
712 1710 973 1758 suburbanis
1001 1712 1250 1778 vastatam)
1283 1715 1420 1766 imam

129 1784 310 1848 plebem
342 1800 525 1830 omnem
563 1801 665 1831 cum
703 1784 1065 1842 Fabricenfibus‚
1099 1803 1293 1849 quorum
1327 1790 1421 1839 illic

131 1857 279 1919 ampla
316 1856 378 1903 est
405 1858 674 1916 multitudo,
709 1857 971 1920 produ&am
1005 1857 1050 1903 in
1087 1876 1246 1907 eorum
1275 1879 1423 1910 arma-

129 1930 203 1977 vit
225 1930 413 1976 exitium
435 1949 446 1978 ε
466 1930 672 1994 justisque
698 1931 909 1977 bellicum
938 1948 1095 1979 canere
1118 1933 1325 1981 buccinis
1340 1973 1354 1995 ‚
1374 1936 1422 1984 ni

133 2002 309 2050 abirent
329 2004 477 2062 ocius,
497 2017 547 2051 ut
566 2003 777 2050 statutum
798 2003 879 2060 est,
902 2003 1098 2065 pericula
1113 2006 1324 2054 omnibus
1340 2008 1423 2055 mi-

134 2076 326 2124 nabatur
358 2089 572 2124 extrema.
619 2078 732 2136 Quo
766 2076 888 2122 malo
924 2089 1084 2139 praeter
1119 2077 1240 2141 spem
1275 2080 1422 2130 Gothi

136 2147 352 2211 perculsi,
377 2150 427 2195 &
458 2148 646 2196 concito
675 2165 808 2210 quam
840 2147 1120 2196 confiderato
1150 2150 1320 2198 civium
1354 2154 1424 2200 as-

138 2221 255 2268 sultu
274 2222 521 2283 perterriti,
540 2224 753 2269 steterunt
772 2223 1026 2271 immobiles
1046 2241 1056 2271 z
1076 2225 1346 2289 laceratique
1366 2228 1423 2274 ad

138 2293 348 2340 ultimum
386 2296 677 2344 detestatione
714 2308 845 2358 atque
885 2296 1140 2354 conviciis,
1175 2300 1225 2345 &
1264 2300 1421 2347 tentati

137 2366 362 2414 missilium
377 2365 560 2428 jafflbus
576 2370 683 2416 raris
696 2406 708 2426 ,
725 2369 778 2416 ad
793 2368 1087 2417 defeffionem
1107 2387 1295 2433 erupere
1311 2389 1423 2418 con·

140 2440 322 2491 feffam:
357 2444 406 2492 &
433 2444 553 2492 caefis
565 2443 774 2510 plurimis
790 2461 935 2510 ,quos
958 2444 1152 2510 impetus
1184 2446 1420 2509 deceperat

1063 2519 1105 2566 R
1141 2536 1168 2570 2
