1626 2917
335 126 557 174 RERUM
591 126 932 174 GESTARUM
966 127 1068 172 LlB.
1099 125 1292 172 XXVII.
1367 139 1450 186 105

177 232 346 298 postea,
361 234 486 299 quod
505 235 871 297 portendebatur,
886 233 1057 281 evenit.
1077 231 1316 280 Terentius
1335 231 1457 279 enim

178 307 337 354 humili
367 324 526 371 genere
563 307 609 354 in
643 308 752 354 urbe
779 320 906 353 natus
938 308 989 354 δε
1020 305 1160 369 pistor
1182 341 1197 362 ,
1225 305 1282 352 ad
1306 305 1459 352 vicem

176 380 376 443 praemii,
405 380 509 443 quia
539 381 772 442 peculatus
803 397 925 426 reum
948 379 1167 426 detulerat
1186 377 1383 425 Orfitum
1405 393 1462 424 ex

177 453 413 515 praefeEto,
432 455 548 501 hanc
570 456 754 501 eandem
785 453 1070 516 provinciam
1097 450 1363 499 corre6toris
1386 451 1466 496 ad-

177 526 506 575 ministraverat
533 528 764 590 potestate.
789 530 941 590 anue
959 525 1232 575 confidentia
1250 526 1465 587 deinceps

180 598 424 662 inquietius
454 602 624 665 agitans
650 601 816 658 multa,
840 600 886 646 in
911 599 1295 647 naviculariorum
1321 614 1466 661 nego-

179 671 246 719 tio
267 671 424 720 falsum
455 673 669 719 admisisse
691 672 929 719 convietus
947 708 960 729 ‚
981 684 1029 718 ut
1055 671 1276 718 ferebatur
1295 706 1308 727 ‚
1333 669 1465 732 periit

180 743 403 791 carnificis
421 762 572 803 manu,
592 758 772 808 regente
789 744 983 792 Claudio
1004 746 1210 791 Romam.
1228 744 1379 790 Multo
1401 754 1466 789 ta·

183 832 286 862 men
306 832 541 879 antequam
561 816 650 862 hoc
681 816 966 880 contingeret
979 851 992 873 ,
1010 815 1303 880 Symmachus
1321 817 1469 876 Apro-

183 888 322 936 niano
345 890 571 948 succeffit‚
592 889 710 936 inter
740 889 965 951 praecipua
990 887 1293 934 nominandus
1314 902 1470 933 exem-

182 961 255 1022 pla
286 952 586 1009 do&rinarttm
609 974 742 1025 atque
762 961 1014 1018 modestiae,
1035 977 1128 1024 quo
1156 960 1346 1007 instante
1363 959 1470 1006 urbs

184 1034 458 1082 sacratiflima
482 1035 582 1083 otio
613 1034 844 1098 copiisque
874 1034 1171 1081 abundantius
1192 1034 1326 1080 solito
1348 1033 1471 1079 frue-

183 1107 342 1154 batur:
379 1110 456 1167 [&
489 1107 731 1156 ambitioso
764 1118 906 1170 ponte
937 1105 1126 1153 exsultat
1154 1118 1284 1169 atque
1312 1104 1473 1151 firmis-

183 1181 296 1229 fimo
315 1218 328 1237 ‚
347 1187 506 1246 quem]
540 1180 745 1230 condidit
763 1180 855 1244 ipse
875 1215 890 1240 ,
908 1181 958 1229 &
978 1197 1139 1244 magna
1159 1179 1328 1228 civium
1358 1179 1473 1224 laeti-

185 1253 246 1300 tia
267 1255 493 1301 dedicavit
520 1254 799 1318 ingratorum
815 1289 829 1311 ‚
850 1265 899 1300 ut
922 1269 990 1300 res
1008 1252 1168 1300 docuit
1189 1250 1471 1313 apertiffima.

187 1327 301 1385 Qui,
322 1328 564 1375 consumtis
586 1327 762 1390 aliquot
778 1326 922 1384 annis,
936 1326 1121 1372 domum
1140 1324 1233 1386 ejus
1252 1324 1297 1370 in
1310 1326 1474 1372 Trans·

188 1399 386 1458 tiberino
421 1401 563 1447 traEtu
594 1399 939 1462 pulcherrimam
975 1397 1306 1454 incenderunt,
1339 1412 1389 1442 ea
1424 1412 1472 1441 re

189 1471 378 1533 perciti,
410 1473 536 1535 quod
568 1472 672 1520 vilis
695 1471 882 1536 *quidam
912 1468 1112 1533 plebeius
1147 1467 1378 1525 infixerat,
1414 1468 1472 1513 il-

181 1543 285 1592 ·lum
319 1545 473 1592 dixiffe
504 1544 594 1591 fine
627 1544 775 1593 indice
805 1544 901 1591 ullo
930 1543 1007 1590 vel
1038 1541 1175 1597 teste,
1209 1541 1400 1587 libenter
1431 1538 1474 1584 se

189 1618 306 1665 vino
325 1618 514 1682 proprio
533 1618 742 1666 calcarias
773 1617 1088 1665 exstinElurum
1105 1649 1118 1672 ‚
1135 1631 1265 1678 quam
1292 1611 1338 1658 id
1358 1628 1476 1658 ven-

192 1691 391 1738 diturum
433 1692 612 1755 pretiis,
644 1691 807 1757 quibus
836 1690 1107 1754 sperabatur.
1147 1686 1345 1733 Advenit
1377 1684 1477 1747 post

193 1759 319 1812 hunc
340 1764 463 1812 urbis
482 1765 745 1811 moderator
771 1762 1035 1825 Lampadius
1057 1777 1112 1807 ex
1134 1758 1344 1822 praefe&o
1364 1774 1476 1820 prae-

191 1838 318 1886 torio
336 1873 351 1896 ,
381 1838 524 1886 homo
552 1838 836 1902 indignanter
871 1835 1116 1882 admodum
1146 1832 1360 1879 sustinens
1378 1867 1391 1890 ‚
1414 1831 1443 1876 fi
1462 1865 1477 1886 ‚

193 1913 326 1960 etiam
368 1930 470 1962 cum
500 1912 673 1976 spueret
691 1948 705 1970 ‚
727 1929 822 1958 non
848 1911 1124 1964 laudaretur,
1149 1921 1198 1954 ut
1228 1907 1273 1954 id
1295 1922 1477 1970 quoque

195 1986 436 2049 prudenter
473 2001 634 2050 praeter
676 1985 791 2031 alios
831 1983 1027 2031 faciens:
1053 1981 1126 2027 sed
1150 1996 1475 2043 nonnunquam

195 2056 373 2105 severus
398 2059 449 2106 &
466 2057 608 2121 frugi.
640 2057 726 2104 Hic
754 2073 856 2103 cum
885 2053 1150 2118 magnificos
1177 2064 1343 2115 praetor
1369 2052 1475 2098 ede-

196 2141 265 2176 ret
292 2130 421 2178 ludos
438 2166 452 2189 ‚
472 2131 523 2178 &
549 2130 776 2177 uberrime
795 2129 1030 2192 largiretur
1046 2164 1061 2185 ,
1091 2127 1233 2190 plebis
1259 2125 1475 2189 nequiens

197 2203 389 2251 tolerare
411 2204 679 2263 tumultum,
705 2202 899 2266 indignis
927 2202 1065 2248 multa
1089 2201 1248 2248 donari
1269 2200 1383 2262 saepe
1400 2216 1477 2244 ur-

198 2276 370 2340 gentis;
400 2289 450 2324 ut
477 2277 704 2324 liberalem
735 2277 778 2324 se
811 2278 860 2324 &
886 2275 1186 2322 multitudinis
1223 2275 1477 2322 ostenderet

199 2360 528 2397 contemtorem
547 2385 563 2410 ,
595 2350 766 2397 accitos
786 2366 810 2396 a
844 2347 1066 2395 Vaticano
1102 2348 1315 2412 quosdam
1341 2363 1478 2410 egen-

200 2436 265 2471 tes
291 2423 456 2488 opibus
487 2424 706 2472 ditaverat
732 2421 915 2486 magnis.
950 2421 1169 2470 Vanitatis
1203 2434 1348 2468 autem
1387 2417 1479 2481 ejus
