1626 2917
230 156 457 226 RERUM
484 152 826 202 GESTARUM
857 154 958 200 LIB.
993 153 1168 200 xxxi.
1266 171 1320 217 25
1332 173 1353 218 3

73 264 292 312 adventus
312 263 543 328 gentilium
573 262 802 310 addiderat
835 262 1085 326 legatorum
1105 297 1120 319 ,
1149 260 1358 324 precibus

72 339 124 385 &
147 336 449 385 obtestatione
471 335 718 399 petentium
748 335 859 381 citra
887 335 1056 382 flumen
1085 333 1243 396 suscipi
1265 334 1359 396 ple·

72 410 175 456 bem
191 423 416 456 extorrem
438 427 449 456 :
470 408 705 472 negotium
734 407 899 454 laetitiae
928 407 1013 454 fuit
1031 406 1202 469 potius,
1221 422 1359 468 quam

71 482 262 541 timori,
292 482 475 529 eruditis
513 481 822 528 adulatoribus
865 480 913 526 in
956 479 1097 538 majus
1131 478 1360 526 fortunam

71 555 295 617 Principis
326 554 675 602 extollentibus:
698 554 823 617 quod
852 569 909 599 ex
935 552 1105 598 ultimis
1141 551 1269 598 terris
1289 562 1361 596 tot

71 629 284 676 tirocinia
316 629 496 676 trahens
526 628 568 675 ei
606 625 900 689 necopinanti
931 625 1144 682 offerret,
1182 637 1231 670 ut
1259 625 1363 671 col-

72 701 173 749 latis
196 702 243 748 in
273 719 414 749 unum
444 701 528 748 suis
560 702 611 748 &
638 699 897 763 alienigenis
929 697 1102 746 viribus
1135 697 1359 744 inviEtum

72 776 256 822 haberet
278 775 526 822 exercitum
553 809 568 831 ,
599 775 648 821 &
674 789 759 835 pro
798 771 981 819 militari
1014 770 1360 833 supplemento,

72 850 200 912 quod
226 848 552 911 provinciatim
581 864 779 894 annuum
805 845 1114 907 pendebatur,
1145 844 1362 891 thesauris

71 924 303 971 accederet
330 923 426 970 auri
454 922 658 970 cumulus
690 937 893 983 magnus.
930 921 1118 982 Hacque
1145 918 1221 982 spe
1252 919 1361 965 mit-

72 1010 232 1044 tuntur
254 995 418 1043 diversi
438 1031 452 1055 ‚
479 996 556 1059 qui
583 1012 688 1043 cum
716 993 939 1041 vehiculis
971 994 1147 1056 plebem
1170 993 1362 1040 transfe-

73 1084 176 1118 rant
202 1072 516 1118 truculentam.
545 1072 602 1116 Et
624 1069 875 1115 navabatur
903 1084 1042 1129 opera
1073 1066 1284 1129 diligens,
1304 1084 1361 1113 ne

71 1143 153 1206 qui
185 1144 439 1189 Romanam
467 1157 561 1187 rem
595 1139 830 1187 eversurus
863 1138 1250 1200 derelinqueretur
1282 1139 1362 1185 vel

71 1216 295 1280 quassatus
314 1215 481 1263 morbo
504 1214 640 1261 letali.
660 1213 856 1260 Proinde
880 1212 1092 1274 permissu
1114 1215 1362 1276 Imperato-

70 1288 134 1336 ris
168 1288 425 1336 transeundi
451 1286 716 1335 Danubium
753 1285 931 1347 copiam
956 1285 1226 1348 colendique
1256 1286 1363 1331 ade-

72 1361 141 1425 pti
179 1361 387 1409 Thraciae
432 1372 612 1423 partes,
652 1357 1053 1404 transfretabantur
1087 1358 1133 1404 in
1172 1359 1264 1405 dies
1311 1360 1363 1406 δε

74 1435 230 1482 ηοξὶεε
249 1470 266 1491 ,
288 1432 480 1479 navibus
508 1430 766 1493 ratibusque
793 1432 843 1478 δέ
866 1430 1036 1478 cavatis
1060 1430 1274 1478 arborum
1296 1433 1365 1478 al—⁴

73 1506 175 1555 veis
201 1505 461 1569 agminatim
485 1503 713 1567 impoliti:
744 1516 878 1567 atque
914 1520 994 1566 per
1020 1520 1196 1550 amnem
1226 1504 1364 1568 longe

10 1587 18 1593 „
73 1579 285 1632 omnium
307 1577 622 1625 difficillimum
637 1613 652 1636 ‚
673 1576 978 1640 imbriumque
995 1577 1234 1624 crebritate
1253 1589 1365 1626 tunc

75 1651 278 1707 auitum,
301 1650 364 1696 ob
396 1649 656 1696 densitatem
687 1648 870 1695 nimiam
904 1660 1065 1696 contra
1098 1649 1209 1697 istus
1229 1667 1365 1713 aqua-

76 1740 178 1771 rum
209 1723 402 1770 nitentes
431 1722 612 1785 quidam
639 1723 690 1769 &
717 1735 866 1769 natare
887 1723 1072 1780 conati,
1100 1722 1241 1769 hausti
1264 1722 1364 1769 sunt

78 1797 244 1861 plures.
273 1799 337 1844 Ita
358 1795 540 1842 turbido
567 1794 822 1842 instantium
853 1796 1000 1842 studio
1021 1795 1146 1842 orbis
1165 1795 1364 1843 Romani

79 1869 303 1934 pernicies
317 1869 576 1916 ducebatur.
599 1869 714 1913 Illud
732 1868 831 1915 sane
852 1884 997 1932 neque
1017 1867 1256 1915 obscurum
1276 1868 1364 1927 est‚'

80 1959 230 2006 neque
255 1943 478 1990 incertum
498 1978 514 1998 ,
540 1940 753 1988 infaustos
785 1940 1100 1987 transvehendi
1132 1941 1364 1988 barbaram

80 2016 259 2079 plebem
289 2013 547 2069 ministros,
580 2030 818 2060 numerum
853 2013 950 2075 ejus
982 2014 1364 2076 comprehendere

80 2089 260 2137 calculo
301 2088 414 2150 saepe
449 2099 704 2145 tentantes,
741 2085 1052 2148 conquievisse
1097 2085 1361 2133 frustratos:

83 2179 220 2226 quem
247 2162 326 2225 qui
359 2161 466 2208 scire
498 2160 609 2209 velit
628 2195 642 2219 ,
668 2171 716 2205 ut
746 2158 1110 2205 eminentiffimus
1141 2171 1365 2205 memorat

83 2246 248 2292 vateS‚
282 2234 448 2298 Lybici
487 2232 600 2280 velit
639 2232 831 2294 aequoris
868 2231 984 2277 idem
1021 2230 1187 2277 discere
1227 2247 1364 2293 quam

83 2306 462 2370 multae‘zephyro
483 2305 724 2352 truduntur
750 2321 910 2350 arenae.
940 2304 1238 2351 Reviviscant
1265 2317 1366 2349 tan-

85 2379 187 2426 dem
213 2379 445 2426 memoriae
470 2392 646 2427 veteres
665 2414 681 2436 ,
705 2378 903 2424 Medicas
922 2377 1037 2425 acies
1061 2378 1288 2425 dufitantes
1310 2376 1365 2422 ad

86 2453 344 2502 Graeciam:
375 2469 475 2517 quae
516 2453 696 2500 duelum
738 2451 1018 2516 Hellesponti
1060 2463 1365 2515 occupantes,
