1626 2917
180 151 242 211 48
402 144 1256 197 AmuANlMARCELmNt

180 256 398 312 tendisse,
426 273 527 303 cum
548 253 803 310 Metrodori
823 253 1062 302 mendaciis
1086 254 1263 301 avidius
1283 252 1464 317 acquie·
1524 265 1531 272 ·

180 334 290 389 scit,
312 345 357 377 ut
388 331 556 377 dudum
583 329 815 376 retulimus
847 329 991 390 plene.
1018 329 1151 376 Unde
1183 328 1282 376 caest
1313 330 1367 376 ad
1398 329 1465 376 in·

179 406 489 454 ternecionem
521 405 745 452 exercitus
775 403 949 462 nostri,
976 403 1096 467 capti
1133 403 1343 450 militares
1386 402 1467 449 ali·

180 481 362 543 quoties
399 478 603 535 numeri,
638 479 771 524 urbes
808 476 966 524 excisae
988 513 1002 534 ,
1034 488 1160 539 rapta
1190 477 1467 541 munimenta

178 552 253 598 vel
281 552 450 605 diruta,
478 550 731 614 provinciae
753 548 968 612 gravibus
989 548 1197 611 impensis
1222 547 1466 596 exhaustae:

180 627 230 673 ὅ(
250 625 303 670 ad
327 623 528 670 effeslum
549 623 833 669 tendentibus
864 620 998 668 minis
1023 621 1179 668 cunCta
1201 620 1466 684 petebantur

181 691 374 743 a'Persis
410 695 603 759 adusque
634 694 860 759 Bithynos
900 695 950 746 δι
988 693 1122 740 litora
1159 693 1467 756 Propontidis.

180 773 242 816 At
272 770 318 816 in
358 768 518 817 Galliis
562 767 786 814 bellorum
826 783 988 814 tenore
1024 767 1265 831 gliscente,
1304 765 1467 814 diffusis

180 860 262 907 per
295 843 446 890 nostra
472 841 711 889 Germanis
730 877 743 899 ,
772 841 952 905 jamque
988 843 1176 906 Alpibus
1203 843 1259 890 ad
1291 842 1469 890 vastan-

182 919 284 963 ‹lam
316 917 485 963 Italiam
514 915 852 979 perrumpendis
871 951 885 973 ,
905 916 1042 962 multa
1065 918 1115 964 &
1147 915 1336 963 nefanda
1366 931 1471 979 per-

182 989 312 1052 pessis
343 988 639 1045 hominibus,
669 987 782 1034 nihil
819 999 981 1050 praeter
1013 988 1216 1036 lacrimas
1248 987 1471 1051 supererat

183 1062 233 1106 &
268 1072 491 1106 terrores:
526 1057 602 1104 ubi
635 1061 684 1105 ὃ(
721 1058 1051 1120 praeteritorum
1086 1060 1341 1106 recordatio
1376 1072 1470 1106 erat

182 1133 342 1179 acerba
359 1167 371 1187 ‚
396 1133 446 1178 &
466 1130 735 1193 exspeetatio
765 1130 934 1178 tristior
961 1132 1329 1193 impendentium.
1350 1133 1471 1191 Quae

183 1206 339 1253 omnia
358 1205 537 1266 juvenis
562 1204 637 1251 iste
664 1205 717 1260 ad
736 1206 971 1252 occiduam
999 1206 1169 1270 plagam
1199 1205 1343 1269 specie
1366 1207 1470 1253 Cae-

184 1280 289 1327 saris
305 1278 478 1335 missus,
502 1276 715 1341 regesque
735 1293 821 1340 pro
847 1278 1081 1340 mancipiis
1102 1278 1269 1341 agitans
1290 1278 1475 1342 ignobi·

184 1352 328 1411 libus,
360 1351 517 1397 cunita
544 1367 671 1414 paene
703 1350 812 1396 mira
838 1350 957 1396 dian
991 1350 1217 1397 celeritate
1253 1351 1471 1399 correxit.

183 1427 339 1488 thue
365 1423 603 1471 Orientem
635 1424 731 1486 pari
762 1423 908 1470 studio
938 1436 1183 1483 recrearet,
1204 1423 1388 1471 adortus
1409 1423 1472 1472 est

185 1498 336 1545 Persas
351 1534 365 1558 ‚
392 1497 671 1560 triumphum
693 1498 857 1545 exinde
877 1498 1092 1546 relaturus
1114 1501 1161 1547 &
1189 1515 1474 1564 cognomen·

185 1582 282 1618 tum
307 1607 320 1628 ‚
357 1571 387 1617 fi
421 1570 617 1618 confiliis
653 1570 748 1632 ejus
780 1572 829 1619 &
862 1570 984 1618 fassis
1016 1571 1261 1618 illustribus
1294 1572 1473 1619 decreta

189 1645 388 1693 coelestia
417 1643 733 1707 congruiss‘ent.
764 1647 818 1690 Et
846 1661 946 1691 cum
976 1644 1163 1692 sciamus
1191 1646 1473 1708 experimen-

189 1731 241 1765 to
265 1755 277 1775 ‚
309 1720 422 1765 adeo
450 1718 663 1780 quosdam
687 1734 814 1765 ruere
843 1719 1129 1780 improvidos
1146 1755 1159 1777 ‚
1182 1731 1231 1765 ut
1250 1719 1365 1765 bella
1399 1717 1472 1765 in-

189 1794 367 1839 terdum
391 1791 520 1849 νῐξὶί,
541 1794 590 1839 &
610 1792 808 1855 naufragi
827 1805 1028 1855 repetant
1047 1793 1201 1850 maria,
1218 1793 1266 1839 &
1287 1791 1340 1838 ad
1359 1791 1472 1837 diffi-

192 1866 378 1913 cultates
399 1865 598 1922 redeant,
617 1866 778 1929 quibus
799 1865 1073 1913 succubuere
1089 1865 1331 1927 saepiffime,
1353 1864 1472 1923 sunt,

191 1939 271 2002 qui
299 1939 653 2001 reprehendant,
671 1940 793 2003 paria
815 1940 1014 2004 repetisse
1033 1940 1285 2004 Principem
1306 1939 1473 2004 ubique

193 2015 429 2063 visionem.

258 2088 316 2133 V.
342 2086 439 2132 Nec
472 2085 556 2132 fuit
587 2085 686 2148 post
721 2086 816 2135 haec
852 2086 1056 2134 lamentis
1088 2098 1160 2132 aut
1192 2085 1369 2134 fletibus
1398 2086 1473 2134 lo-

193 2177 286 2208 cus.
308 2161 517 2223 Corpore
535 2161 652 2207 enim
675 2174 832 2208 curato
853 2178 937 2225 pro
959 2159 1089 2223 copia
1118 2175 1264 2206 rerum
1287 2161 1337 2208 &
1359 2172 1474 2208 tem-

193 2234 338 2297 poris,
359 2246 428 2291 ut²
448 2233 523 2279 ubi
545 2234 654 2280 olim
672 2233 761 2297 ipse
779 2233 1005 2292 statuerat,
1028 2233 1323 2280 conderetur:
1346 2234 1474 2296 prin-

194 2307 318 2371 cipio
357 2307 465 2354 lucis
493 2308 679 2377 secutaew,
701 2327 800 2373 quae
830 2322 921 2355 erat
950 2302 1373 2371 quintum'Kalend.
1402 2307 1473 2354 Ju-

194 2381 301 2438 lias,
333 2380 531 2427 hostibus
562 2399 615 2428 cx
651 2383 777 2429 omni
806 2382 940 2429 latere
971 2381 1246 2428 circumsutis
1266 2377 1474 2437 ,colleffl

194 2455 331 2505 eluces
363 2456 616 2515 exercitus,
645 2455 963 2519 advocatisque
994 2455 1220 2519 legionum
1243 2452 1475 2517 principiis
