1626 2917
264 191 487 240 RERUM
523 190 860 239 GESTARUM
894 190 997 237 ΜΒ.
1027 191 1172 238 xxti.
1260 203 1355 253 307

75 290 239 369 genere
261 301 440 365 longius
465 300 769 364 contingebat.
787 300 873 347 Hic
894 315 1077 363 quoque
1097 299 1191 362 pari
1209 301 1355 348 modo

73 376 130 423 ad
148 370 417 438 reparanda,
437 390 537 436 quae
559 385 687 418 terrae
706 371 1191 431 subverterat'trernor‚
1211 373 1357 419 abun-

71 449 128 495 de
152 446 352 511 praestitis
371 445 573 509 plurimis
591 481 605 502 ‚
626 461 705 507 per
728 444 928 492 Nicaeam
957 445 1082 493 venit
1109 445 1164 491 ad
1195 445 1359 492 Gallo-

72 520 248 585 graeciae
265 517 401 566 fines:
420 519 538 564 unde
558 515 789 563 dextrosus
806 515 966 564 itinere
985 515 1209 564 declinato
1224 554 1238 576 ‚
1258 516 1357 566 Pes-

71 594 247 641 finunta
286 592 552 649 convertit,
583 590 760 638 visurus
792 591 963 637 vetusta
997 592 1152 639 Matris
1187 608 1360 656 magnae

70 667 281 714 delubra:
302 684 326 713 a
346 682 439 730 quo
470 665 642 728 oppido
663 665 785 712 bello
804 666 975 713 Punico
1001 666 1197 712 secundo
1213 702 1226 724 ,
1259 684 1360 714 car-

71 738 194 786 mine
212 739 421 785 Cumano
440 750 675 793 monente,
695 754 773 798 per
794 736 1052 800 Scipionem
1074 737 1278 786 Nasicam
1300 739 1361 785 fi-

71 809 321 857 mulacrum
355 809 615 855 translatum
647 808 707 854 est
738 808 946 855 Romam.
969 807 1110 870 Cujus
1132 809 1261 872 super
1282 812 1362 858 ad-

73 897 217 930 ventu
238 883 284 928 in
309 882 474 929 ltaliam
494 898 634 944 pauca
655 897 758 928 cum
777 880 874 928 aliis
895 880 998 928 huic
1022 881 1218 928 materiae
1242 900 1361 930 con-

73 956 336 1020 gruentibus
356 956 401 1001 in
420 954 585 1001 affibus
605 954 851 1000 Commodi
869 953 1085 1017 principis
1109 954 1362 1018 digessimus

73 1046 155 1093 per
173 1029 412 1076 excessum:
436 1044 570 1090 quam
589 1040 736 1073 autem
758 1027 821 1073 ob
840 1043 933 1073 rem
952 1027 1042 1075 hoc
1067 1030 1254 1077 nomine
1274 1049 1363 1095 op-

74 1102 231 1165 pidum
270 1100 339 1147 sit
357 1099 628 1162 appellatum
659 1135 673 1157 ‚
712 1099 888 1145 variant
922 1116 1071 1146 rerum
1105 1098 1360 1164 scriptores.

74 1174 274 1235 Quidam
298 1172 417 1220 enim
440 1169 657 1235 figmento
677 1171 792 1218 Deae
812 1171 989 1219 coelitus
1006 1171 1130 1235 lapso
1148 1208 1162 1232 ,
1183 1184 1261 1223 &vrb
1287 1184 1361 1226 τοῦ

72 1258 228 1308 «πεσεῖν,
248 1248 374 1312 quod
402 1248 560 1295 cadere·
585 1263 670 1293 nos
693 1246 881 1293 dicimus
900 1282 914 1306 ‚
936 1248 1092 1293 urbem
1141 1248 1360 1298 asseruere

73 1322 457 1386 cognominatam.
493 1320 584 1367 Alii
605 1333 887 1376 memorant,
917 1320 1030 1366 Ilum
1054 1321 1190 1369 Trois
1215 1321 1360 1372 filium

74 1395 318 1442 Dardaniae
340 1411 487 1457 regem
508 1430 521 1449 ,
548 1393 700 1438 locum
731 1393 789 1438 fic
817 1392 1062 1455 appellaffe.
1084 1394 1360 1457 Theopom-

73 1485 158 1530 pus
177 1485 272 1515 non
290 1469 402 1515 Ilum
418 1467 462 1514 id
478 1466 627 1530 egiffe,
644 1465 715 1512 sed
733 1466 901 1512 Midam
916 1466 1124 1525 affirmat,
1143 1469 1361 1534 Phrygiae

73 1542 305 1604 quondam
329 1539 677 1602 potentissimum
699 1555 860 1601 regem.
874 1540 1099 1585 Venerato
1119 1539 1254 1602 igitur
1272 1560 1363 1590 nu-

75 1614 225 1671 mine,
259 1613 501 1677 hostiisque
538 1612 667 1658 litato
694 1613 742 1658 &
774 1610 922 1668 votiS‚
946 1612 1177 1675 Ancyram
1209 1613 1359 1663 redit:

75 1703 268 1750 eumque
301 1686 465 1732 exinde
499 1684 859 1748 progredientem
891 1683 1079 1731 ulterius
1111 1683 1360 1734 multitudo

73 1759 371 1822 inquietabat,
389 1773 487 1821 pars
506 1757 733 1804 violenter
752 1768 900 1819 erepta
919 1757 1042 1803 reddi
1062 1757 1141 1803 fibi
1163 1760 1359 1821 poscen-

74 1832 207 1890 tium,
226 1831 302 1878 alii
320 1842 574 1894 querentes,
594 1828 833 1877 consortiis
855 1829 897 1875 se
916 1829 1137 1877 curiarum
1158 1832 1359 1883 addictos

65 1906 266 1969 »injuste3
301 1905 513 1952 nonnulli
534 1904 625 1951 fine
647 1904 846 1966 respeElu
874 1904 1061 1966 periculi
1080 1919 1257 1969 agentes
1277 1910 1359 1955 ad-

75 1980 217 2044 usque
237 1979 403 2026 rabiem
421 2015 434 2037 ,
455 1995 505 2025 ut
533 1977 812 2026 adversarios
845 1977 948 2025 suos
980 1977 1092 2025 laesae
1122 1979 1359 2043 majestatis

77 2051 341 2100 criminibus
373 2051 608 2114 illigarent.
647 2053 814 2097 Verum
844 2049 920 2096 ille
952 2048 1172 2110 judicibus
1200 2055 1359 2104 Caffiis

77 2125 246 2172 tristior
267 2127 318 2174 &
335 2125 550 2190 Lycurgis
567 2161 583 2182 ,
606 2124 831 2172 causarum
855 2136 1084 2171 momenta
1103 2143 1237 2190 aequo
1257 2127 1358 2190 jure

77 2199 380 2262 perpendens,
393 2198 520 2245 suum
534 2197 696 2262 cuique
712 2197 957 2255 tribuebat,
971 2198 1185 2269 nusquam
1201 2219 1226 2248 a
1243 2220 1359 2251 vero

81 2270 324 2330 abductus,
344 2270 487 2318 acrius
514 2269 560 2317 in
586 2271 933 2319 calumniatores
957 2270 1222 2336 exsurgens:
1241 2292 1360 2338 quos

81 2344 269 2402 oderat,
300 2344 544 2393 multorum
563 2343 821 2406 hujusmodi
850 2346 1123 2408 petulantem
1146 2347 1258 2410 saepe
1278 2349 1359 2396 de-

81 2417 295 2465 mentiam
311 2419 505 2483 adusque
524 2419 759 2467 discrimen
778 2434 985 2483 expertus
999 2457 1016 2479 ,
1033 2422 1139 2469 dum
1156 2423 1259 2469 esset
1277 2424 1358 2469 ad-

82 2489 174 2541 huc
204 2490 386 2542 humilis
420 2493 471 2543 &
499 2493 714 2558 privatus.
742 2494 1101 2560 Exemplumque
1132 2495 1358 2559 patieutiae

986 2569 1030 2616 V
1064 2583 1092 2613 2

137 2626 160 2635 κ
