1626 2917
262 114 533 163 AMMtANt
565 112 943 161 MARCELLINI
972 114 1073 162 ΜΒ.
1107 111 1260 160 xxv.
1358 128 1411 177 33

187 228 310 277 eiam,
334 228 617 279 Cappadociam
652 230 687 267 ὃς
712 227 902 269 Galatiam
934 228 1103 269 celeriter
1131 227 1265 268 itinere
1290 227 1418 278 facto2

189 293 348 342 Ancyrae
369 305 457 330 cum
482 292 718 331 Varroniano
736 292 816 331 filio
839 293 985 331 infante
1011 291 1248 331 consulatum
1266 292 1357 342 init,
1375 304 1419 331 ac

148 382 149 385 η
189 363 284 394 mox
308 352 530 392 Dadastanae
551 354 748 403 repentina
772 361 894 392 morte
917 354 1098 404 fungitur.
1125 355 1195 393 XL

138 575 172 623 1.
207 511 348 627 ΕΤ
381 576 495 624 hanc
530 576 708 639 quidem
746 579 922 625 nostem
954 578 1081 625 nulio
1110 579 1298 626 siderum
1334 580 1427 628 fula

138 665 248 712 gore
274 649 607 711 splendentem,
637 663 686 697 ut
713 650 824 697 solet
852 652 897 697 in
927 651 1075 698 arduis
1102 652 1234 698 rebus
1261 654 1311 700 &
1339 655 1425 700 du-

138 722 250 780 biis,
273 723 522 786 exegimus,
545 740 627 769 nec
645 723 791 769 sedere
813 740 1041 787 quoquam
1073 724 1177 769 auso
1193 760 1207 781 ,
1234 742 1316 772 nec
1344 725 1427 772 fle·-

72 853 76 854 ⁷
141 795 260 840 itere
296 794 342 840 in
382 796 576 857 quietem
619 795 784 840 lumina
822 813 915 856 prae
955 796 1132 842 timore.
1180 796 1271 843 Ubi
1311 814 1426 845 vero

140 867 335 930 primum
360 867 452 914 dies
477 867 709 923 inclaruit,
737 869 958 914 radiantes
989 868 1143 914 loricae
1171 869 1318 916 limbis
1347 871 1429 918 cir·

140 941 362 992 cumdatae
398 941 583 997 ferreis,
621 943 671 987 &
705 941 880 988 corusci
912 942 1119 988 thoraces
1153 943 1288 1007 longe
1317 962 1429 1006 pro-

139 1013 276 1076 speffi
291 1049 304 1072 ,
326 1013 466 1060 adesse
492 1014 608 1076 regis
628 1014 782 1076 copias
804 1014 1077 1062 indicabant.
1111 1017 1305 1080 Hocque
1325 1018 1429 1064 viso

139 1085 372 1133 accensum
388 1121 401 1143 ‚
422 1096 737 1148 properantem
759 1088 979 1151 congredi
1006 1088 1193 1135 militem
1215 1089 1431 1136 dirimen-

140 1171 187 1205 te
209 1157 356 1206 fluvio
377 1158 507 1204 brevi
527 1156 759 1220 prohibuit
780 1162 1028 1221 Imperator
1047 1178 1057 1206 ε
1079 1161 1128 1207 &
1150 1177 1246 1207 non
1266 1162 1430 1224 procul

140 1249 168 1279 a
199 1231 324 1279 valio
353 1231 450 1294 ipso
473 1231 589 1277 inter
619 1232 925 1280 excursatores
950 1233 1127 1280 nostros
1158 1236 1205 1281 &
1231 1236 1430 1284 Persicos

143 1304 316 1368 proelio
347 1303 438 1351 acri
459 1305 696 1362 conserto,
722 1304 1024 1350 Machamaeus
1053 1306 1242 1365 cecidit,
1269 1309 1432 1355 du&0r

141 1379 278 1425 unius
307 1377 496 1442 agminis
533 1377 686 1424 nostri.
725 1377 812 1424 Cui
849 1391 1212 1440 propugnaturus
1245 1382 1432 1428 Maurus

143 1456 305 1513 frater,
335 1455 426 1502 dux
458 1453 610 1516 postea
638 1443 907 1509 Phoenices,
936 1470 1034 1499 cum
1060 1455 1256 1516 germani
1285 1458 1432 1504 truci—

145 1528 283 1574 daffet
310 1525 666 1584 intersediorem,
688 1525 880 1571 obvium
905 1543 1127 1590 quemque
1150 1540 1400 1589 perterrens
1415 1567 1431 1590 ‚

146 1598 397 1646 infirmatus
418 1601 467 1647 &
485 1599 577 1662 ipse
596 1599 826 1647 humerum
845 1599 938 1645 telo
951 1635 963 1656 ‚
981 1599 1289 1660 pallescentem
1311 1619 1434 1650 mor-

145 1685 192 1721 te
215 1673 471 1738 propinqua
491 1674 814 1722 Machamaeum
838 1675 1068 1720 extrahere
1088 1692 1234 1738 pugna
1257 1677 1432 1724 viribus

145 1748 294 1796 valuit
330 1748 515 1813 magnis.
555 1750 609 1796 Et
645 1767 749 1797 cum
784 1749 1036 1798 fatiscerent
1079 1750 1159 1796 vix
1199 1750 1433 1799 toleranda

148 1821 334 1870 aestuum
370 1822 675 1886 magnitudine
706 1822 959 1885 crebrisque
993 1822 1434 1885 congreffibusxpar-

148 1910 242 1954 1e3‚
261 1898 316 1944 ad
337 1898 547 1946 ultimum
579 1897 759 1944 hostiles
792 1909 950 1944 turmae
977 1896 1104 1959 gravi
1137 1895 1236 1942 sunt
1261 1898 1434 1960 repulsa

149 1969 360 2018 discuffae.
381 1971 499 2019 Hinc
519 1970 829 2018 recedentibus
850 1968 980 2015 nobis
999 1967 1192 2031 longius,
1207 1969 1434 2029 Saraceni,

150 2043 408 2090 nostrorum
427 2056 548 2090 metu
570 2043 771 2107 peditum
799 2043 1009 2105 repedare
1031 2043 1271 2104 compulsi,
1296 2046 1433 2106 paulo

151 2113 304 2178 postea
338 2115 491 2162 innexi
529 2116 756 2163 Persarum
793 2115 1080 2162 multitudine
1118 2114 1255 2163 tutius
1290 2116 1435 2162 irrue-

150 2187 286 2246 bant,
311 2186 516 2236 Romana
553 2190 870 2252 impedimenta
907 2188 1105 2250 rapturi:
1141 2205 1300 2236 verum
1332 2190 1434 2236 viso

151 2261 426 2323 Imperatore
450 2261 505 2308 ad
529 2261 616 2308 alas
643 2261 914 2308 subsidiarias
936 2274 1230 2308 reverterunt.
1256 2263 1357 2321 Qua
1378 2278 1434 2307 ex

153 2332 338 2395 regione
358 2331 550 2396 profe&
570 2334 624 2380 ad
647 2333 906 2381 Hucumbra
934 2335 1118 2379 nomine
1153 2333 1306 2380 villam
1328 2350 1434 2396 per-2

152 2404 360 2455 venimus
383 2422 394 2452 ε
414 2405 490 2452 ubi
520 2423 600 2468 por
629 2405 816 2452 biduum
850 2406 1059 2454 omnibus
1085 2406 1138 2453 ad
1169 2405 1288 2453 esum
1323 2422 1434 2463 cons⁴

218 2481 439 2528 Ammian.
464 2482 699 2529 Marcellin.
730 2484 828 2529 Vol.
850 2481 912 2527 ΙΙ,
1229 2480 1268 2524 C
