1626 2917
226 188 313 252 176
366 178 385 199 ·
430 189 764 236 AMMtANl
810 188 1283 236 MARCELMM

223 293 468 342 multitudo
504 292 793 355 sequebatur,
816 309 871 337 ex
902 293 1153 351 vicinarum
1178 294 1375 358 gentium
1409 306 1489 340 ro·

220 366 407 413 boribus
448 365 587 418 le&a‚
622 365 677 410 ad
713 365 988 411 tolerandam
1026 383 1171 413 rerum
1212 366 1487 430 asperitatem

220 437 442 485 diuturnis
477 436 646 484 casibus
669 438 856 483 erudita.
891 437 1143 501 Quousque
1177 439 1310 485 nobis
1343 439 1490 485 Dori-

220 513 342 559 scum
367 510 570 557 Thraciae
604 510 823 574 oppidum
841 547 855 569 ‚
878 513 928 559 ὅ(
954 512 1210 576 agminatim
1231 512 1344 559 intra
1373 528 1491 558 con-

220 586 353 646 saepta
384 584 605 631 exercitus
637 584 879 631 recensitos
916 586 1090 631 Graecia
1115 584 1313 632 fabulosa
1340 601 1494 630 narra-

220 656 319 705 bis?
344 673 443 712 cum
463 673 547 703 nos
569 657 717 716 cauti,
738 657 840 714 vel,
859 669 907 703 ut
925 658 1074 704 verius
1107 657 1294 704 dixerim
1313 689 1326 714 ,
1347 656 1495 703 timidi

220 730 332 778 nihil
352 747 667 795 exaggeremus
687 768 701 789 ,
720 744 880 794 praeter
900 748 949 778 ea
964 766 978 790 ,
996 748 1096 794 quae
1115 731 1216 778 fidei
1242 729 1494 778 testimonia

220 820 369 868 neque
397 804 530 850 dubia
547 839 562 861 ‚
597 820 742 868 neque
763 803 932 851 incerta
956 803 1271 869 monstrarunt.

286 877 383 922 VII.
414 874 657 939 Postquam
693 892 816 939 reges
850 875 1030 925 Nineve
1066 875 1294 923 Adiabene
1324 874 1495 938 ingenti

222 949 406 997 civitate
436 949 678 996 transmissa
697 985 711 1008 ‚
741 949 787 996 in
819 949 969 997 medio
996 950 1148 1013 pontis
1179 948 1372 996 Anzabae
1409 948 1496 995 ho-

221 1020 314 1067 fiiis
340 1019 459 1067 caefis
485 1020 684 1082 extisque
704 1019 1066 1082 prosperantibus
1095 1019 1302 1067 transiere
1331 1018 1498 1066 laetiffi-

222 1094 314 1153 mi,
335 1092 635 1156 conjedlantes
654 1109 737 1140 nos
758 1094 972 1140 residuam
994 1094 1166 1157 plebem
1187 1109 1369 1140 omnem
1385 1109 1500 1156 aegre

223 1178 454 1231 penetrare
474 1166 572 1230 post
598 1165 793 1213 triduum
825 1167 948 1230 poffe
972 1202 984 1224 ,
1007 1168 1137 1215 citius
1163 1168 1324 1214 exinde
1347 1168 1401 1213 ad
1433 1167 1499 1213 sa-

222 1254 381 1303 trapen
411 1238 575 1286 reversi
609 1237 892 1302 quievimus,
920 1239 1213 1302 hospitalibus
1232 1239 1392 1287 officiis
1427 1256 1499 1287 re-

225 1313 378 1363 creati.
408 1312 647 1376 Undepper
670 1311 773 1358 loca
799 1311 951 1358 itidem
979 1313 1146 1360 deserta
1177 1314 1228 1361 ὅ(
1254 1313 1374 1369 sola,
1406 1330 1499 1360 ma-

225 1403 318 1452 gno
337 1385 601 1433 necessitatis
617 1385 808 1432 ducente
830 1384 1008 1442 solatio,
1032 1387 1241 1442 celerius,
1261 1403 1392 1449 quam
1413 1403 1500 1449 po-

227 1458 314 1506 tuit
340 1457 526 1519 sperari,
560 1456 726 1503 reverfi
745 1492 759 1514 ,
785 1455 1154 1504 confirmavimus
1173 1458 1346 1505 animos
1377 1459 1502 1506 baesi-

225 1529 441 1588 tantium,
462 1546 603 1575 unum
629 1544 654 1575 e
684 1528 919 1576 navalibus
944 1541 1130 1591 pontem
1162 1529 1351 1576 transisse
1379 1547 1500 1594 reges

225 1602 392 1666 absque
423 1600 511 1647 ulla
533 1601 798 1648 circuitione
831 1602 1085 1664 perdocftos.
1105 1603 1341 1666 Extemplo
1367 1603 1501 1666 igitur

226 1674 399 1739 equites
426 1674 502 1722 citi
527 1673 764 1721 mittuntur
792 1675 847 1721 ad
881 1675 1133 1722 Caffianum
1162 1675 1502 1738 Mesopotamiae

226 1749 385 1795 <lucem
402 1782 415 1804 ,
435 1747 741 1812 re&oremque
758 1747 1011 1810 provinciae
1030 1759 1136 1795 tunc
1152 1747 1463 1810 Euphronium
1486 1783 1502 1805 ‚

229 1818 503 1882 compulsuri
530 1818 716 1883 agrestes
749 1836 850 1867 cum
869 1818 1046 1866 familiis
1069 1821 1380 1882 &pecoribus
1398 1822 1502 1867 uni-

230 1893 369 1939 versis
394 1893 449 1939 ad
480 1892 645 1939 tutiora
670 1892 850 1939 tranfire
868 1927 882 1950 ,
903 1893 952 1939 &
983 1891 1154 1954 agiliter
1182 1891 1317 1938 deseri
1338 1893 1501 1940 Carras

232 1966 450 2029 oppidum
469 2001 483 2023 ‚
512 1965 722 2011 invalidis
748 1965 1069 2013 circumdatum
1092 1964 1227 2023 muris
1249 1982 1259 2011 :
1292 1963 1505 2028 superbis

233 2054 419 2101 campos
457 2054 613 2084 omnes
640 2039 821 2085 incendi
841 2074 855 2096 ,
881 2054 936 2084 ne
955 2039 1220 2101 pabulorum
1254 2038 1531 2101 suppeteret.

234 2112 378 2175 copia.
411 2113 465 2157 Et
494 2111 719 2175 imperatis
750 2112 840 2158 fine
875 2127 1002 2158 mora
1041 2111 1310 2174 completis,
1338 2111 1503 2173 injee'to

232 2186 361 2250 igne,
379 2183 566 2230 furentis
586 2184 794 2231 elementi
811 2184 878 2231 vis
894 2184 1083 2230 maxima
1100 2182 1320 2230 frumenta
1336 2184 1508 2241 omnia,

234 2276 336 2308 cum
365 2258 451 2319 jam
486 2258 640 2320 stipula
668 2257 856 2305 flaventi
881 2269 1107 2321 turgerent
1124 2293 1139 2314 ,
1161 2256 1402 2319 herbasque
1423 2275 1507 2320 pu-

233 2332 389 2378 bentes
413 2331 472 2377 ita
499 2331 755 2379 contorruit
780 2366 794 2389 ‚
833 2344 883 2377 ut
914 2330 1107 2393 adusque
1143 2331 1412 2392 Euphratem
1449 2330 1506 2376 ab

233 2404 337 2467 ipsis
373 2404 644 2467 marginibus
676 2403 870 2466 Tigridis
910 2403 1022 2449 nihil
1057 2402 1201 2450 viride
1237 2414 1506 2450 cerneretur.

235 2479 368 2529 Tunc
385 2478 544 2527 exustae
563 2477 664 2525 sunt
683 2476 787 2525 ferae
809 2475 1063 2538 complures
1076 2508 1092 2532 ,
1109 2473 1391 2537 maximeque
1413 2472 1506 2520 leo-

361 2619 385 2640 δ
