1626 2917
188 241 275 304 196
394 238 728 287 AMMIANI
780 237 1253 286 MARCELmNt

179 360 246 396 tes
281 356 547 395 contuentes
570 380 584 403 ,
615 344 871 392 rationabili
901 345 1106 409 quidem,
1136 346 1207 394 sed
1244 345 1463 409 intempe-

179 420 301 468 stivo
334 431 463 466 motu
483 455 498 475 ,
520 417 805 465 conserendae
842 436 943 466 cum
973 418 1172 468 hostibus
1201 437 1355 468 manus
1376 437 1461 468 co-

177 493 300 557 piam
333 490 413 538 s1bi
445 490 539 537 dari
573 489 813 553 poscebant
833 527 847 550 ,
867 503 1059 538 mortem
1089 493 1279 540 tribunis
1301 506 1461 541 vetan-

179 566 299 613 tibus
340 562 580 626 primisque
607 562 841 609 ordinibus
871 563 1126 611 minitantes
1144 600 1157 622 ,
1184 565 1215 611 si
1252 566 1459 628 deinceps

177 636 485 701 prohiberent.
522 636 672 697 thue
701 634 893 682 dentatae
914 635 960 681 in
982 636 1132 683 caveis
1158 636 1306 684 bestiae
1329 673 1343 695 ,
1376 650 1460 684 tae-

177 724 255 758 tro
288 708 470 772 paedore
501 707 704 754 acerbius
736 706 928 753 efferatae
947 743 961 763 ,
989 708 1210 754 evadendi
1230 708 1302 772 spe
1335 724 1460 771 repa·

178 782 293 847 gulis
324 780 609 828 versabilibus
642 780 874 826 illiduntur
892 799 906 826 ς
934 780 995 827 ita
1015 780 1169 844 gladiis
1197 796 1346 844 portas
1369 798 1460 829 cae·

177 855 344 902 debant
367 890 380 911 ,
410 870 520 916 quas
546 852 673 915 supra
705 852 904 899 diximus
923 851 1142 899 obseratas
1165 871 1177 900 τ
1215 854 1456 901 admodum

179 927 330 986 anxii,
347 943 402 974 ne
419 926 528 973 urbe
539 925 684 973 excisa
707 924 786 988 ipsi
809 941 991 988 quoque
1012 924 1102 971 fine
1124 925 1217 972 ullo
1254 926 1458 989 specioso

177 1000 383 1048 facinore
402 999 630 1045 deleantur
646 1033 661 1056 ‚
676 1009 750 1044 aut
769 1008 900 1043 exuta
925 996 1131 1058 periculis
1149 1032 1162 1055 ,
1193 998 1308 1044 nihil
1328 999 1459 1063 egisse

176 1088 332 1135 operae
365 1070 556 1133 pretium
594 1085 678 1130 pro
702 1067 1064 1131 magnanimitate
1087 1069 1260 1116 Gallica
1286 1088 1459 1120 memo-

177 1158 359 1194 rentur:
389 1144 493 1190 licet
525 1154 652 1188 antea
678 1140 790 1202 saepe
818 1140 970 1203 egreffi
987 1175 1000 1197 ‚
1032 1140 1354 1206 struEtoresque
1377 1163 1458 1209 ag-

178 1234 332 1282 gerum
356 1212 567 1262 confoffis
600 1211 862 1276 quibusdam
884 1211 1097 1274 impedire
1120 1214 1297 1274 conati,
1334 1218 1458 1279 paria

179 1292 471 1357 pertulerunt.
508 1291 670 1349 Inopes
698 1303 783 1334 nos
810 1286 1014 1345 consilii,
1043 1288 1116 1345 &‚
1145 1289 1252 1351 quid
1277 1294 1454 1354 opponi

179 1366 362 1412 deberet
394 1359 707 1414 saevientibus,
741 1358 1041 1421 ambigentes,
1071 1359 1115 1404 id
1148 1361 1452 1421 potissimum,

179 1457 294 1505 aegre
325 1437 476 1484 iisdem
507 1433 872 1489 assentientibus,
901 1432 1080 1478 tandem
1120 1433 1364 1497 elegimus,
1403 1450 1453 1483 ut

178 1511 398 1578 quoniam
422 1509 535 1554 ultra
563 1505 667 1553 ferri
695 1521 790 1551 non
821 1516 1061 1567 poterant,
1101 1506 1218 1566 pauli
1224 1505 1319 1568 sper
1348 1524 1454 1554 mo-

178 1586 266 1634 rati
299 1579 517 1630 custodias
536 1577 713 1642 aggredi
739 1576 1100 1640 permitterentur
1119 1576 1301 1625 hostiles
1319 1615 1332 1639 ,
1352 1597 1453 1664 quae

178 1677 276 1710 non
297 1656 459 1739 procul
480 1666 604 1702 erant
619 1671 641 1700 a
662 1651 868 1713 conjeffit
894 1651 1054 1697 locatae
1081 1652 1302 1712 telorum,
1321 1667 1372 1701 ut
1389 1656 1452 1703 eis

177 1731 404 1797 perruptis
438 1738 672 1790 pergerent
698 1723 886 1787 prorsus.
910 1724 1145 1786 apparebat
1171 1726 1289 1772 enim
1304 1743 1453 1786 ,e08,

175 1804 210 1852 si
246 1799 572 1865 impetiqaffent
609 1797 768 1861 strages
807 1796 1013 1843 maximas
1051 1795 1264 1845 edituros.
1332 1801 1451 1859 Quae

179 1877 289 1922 dum
320 1883 556 1936 parantur,
582 1886 660 1933 per
698 1869 819 1915 varia
853 1869 1140 1915 certaminum
1177 1886 1338 1932 genera
1373 1872 1452 1917 de-

177 1947 462 1997 fensabantur
493 1944 653 1990 acriter
674 1944 821 2001 muri,
846 1942 1073 1988 laboribus
1095 1943 1143 1988 &
1168 1942 1332 2004 vigiliis
1351 1979 1364 2000 ‚
1398 1946 1451 1992 δι

178 2019 417 2069 tormentis
448 2018 501 2064 ad
535 2016 774 2064 emittenda
806 2014 1001 2078 undique
1030 2014 1127 2060 saxa
1159 2016 1332 2078 telaque
1362 2016 1450 2062 dis-

176 2094 346 2158 positis.
378 2093 488 2137 Duo
510 2102 658 2136 tamen
693 2104 870 2152 aggeres
902 2087 1031 2145 celsi,
1066 2087 1292 2135 Persarum
1323 2090 1452 2152 pedi-

176 2182 275 2215 tum
311 2182 445 2212 manu
481 2162 611 2209 erec'li
632 2198 648 2220 ‚
695 2163 745 2209 &
783 2160 1054 2224 expugnatio
1088 2159 1280 2206 civitatis
1310 2161 1451 2208 strue-

179 2242 311 2289 batur
342 2238 552 2301 operibus
576 2235 704 2282 lentis
727 2253 737 2281 ε
760 2250 920 2282 contra
946 2249 1060 2298 quos
1089 2233 1342 2281 nostrorum
1363 2235 1451 2281 im·-

177 2314 382 2380 penfiore
405 2328 509 2358 cura
544 2309 686 2355 moles
717 2308 1027 2355 excitabantur
1060 2307 1271 2353 altiffimae
1290 2343 1303 2365 ‚
1329 2307 1451 2354 fasti-

176 2388 252 2451 gio
283 2384 477 2432 adversae
511 2383 779 2430 celsitudinis
812 2384 994 2445 ae’quatae
1015 2416 1029 2439 ‚
1063 2396 1448 2444 propugnatorum

177 2460 255 2506 vel
290 2458 421 2504 nimia
449 2456 647 2517 pondera
677 2455 909 2501 duraturae.
935 2457 1048 2498 lnter
1072 2454 1166 2499 haec
1200 2452 1321 2500 Galli
1343 2469 1447 2499 mo-

176 2550 323 2581 rarum
359 2529 667 2594 impatientes,
696 2527 918 2575 securibus
939 2526 1175 2590 gladiisque
1209 2525 1445 2585 succinEli,
