<?xml version="1.0" encoding="UTF-8"?>
<!DOCTYPE html PUBLIC "-//W3C//DTD XHTML 1.0 Transitional//EN"
    "http://www.w3.org/TR/xhtml1/DTD/xhtml1-transitional.dtd">
<html xmlns="http://www.w3.org/1999/xhtml" xml:lang="en" lang="en">
 <head>
  <title>
</title>
<meta http-equiv="Content-Type" content="text/html;charset=utf-8" />
  <meta name='ocr-system' content='tesseract 3.04.00' />
  <meta name='ocr-capabilities' content='ocr_page ocr_carea ocr_par ocr_line ocrx_word'/>
</head>
<body>
  <div class='ocr_page' id='page_1' title='image "./rerumgestarumqui00ammiuoft_0629.png"; bbox 0 0 1626 2917; ppageno 0'>
   <div class='ocr_carea' id='block_1_1' title="bbox 250 153 1376 233">
    <p class='ocr_par' dir='ltr' id='par_1_1' title="bbox 250 153 1376 233">
     <span class='ocr_line' id='line_1_1' title="bbox 250 153 1376 233; baseline 0.004 -20"><span class='ocrx_word' id='word_1_1' title='bbox 250 153 473 214; x_wconf 73' lang='lat' dir='ltr'>RERUM</span> <span class='ocrx_word' id='word_1_2' title='bbox 508 167 854 215; x_wconf 77' lang='lat' dir='ltr'>GESTARUM</span> <span class='ocrx_word' id='word_1_3' title='bbox 883 169 986 215; x_wconf 69' lang='grc' dir='ltr'>ΠΒ.</span> <span class='ocrx_word' id='word_1_4' title='bbox 1023 169 1198 216; x_wconf 79' lang='lat' dir='ltr'>xxix.</span> <span class='ocrx_word' id='word_1_5' title='bbox 1294 189 1376 233; x_wconf 72' lang='lat'>195</span> 
     </span>
    </p>
   </div>
   <div class='ocr_carea' id='block_1_2' title="bbox 96 266 1397 2524">
    <p class='ocr_par' dir='ltr' id='par_1_2' title="bbox 96 266 1397 2524">
     <span class='ocr_line' id='line_1_2' title="bbox 96 266 1381 330; baseline 0.002 -8"><span class='ocrx_word' id='word_1_6' title='bbox 96 272 346 322; x_wconf 80' lang='lat' dir='ltr'>confinium</span> <span class='ocrx_word' id='word_1_7' title='bbox 364 273 636 321; x_wconf 81' lang='lat' dir='ltr'>adminicula</span> <span class='ocrx_word' id='word_1_8' title='bbox 662 274 843 322; x_wconf 59' lang='lat' dir='ltr'>ductans</span> <span class='ocrx_word' id='word_1_9' title='bbox 858 310 871 330; x_wconf 89' lang='lat'><strong>‚</strong></span> <span class='ocrx_word' id='word_1_10' title='bbox 895 266 1097 323; x_wconf 83' lang='lat' dir='ltr'>conserta</span> <span class='ocrx_word' id='word_1_11' title='bbox 1117 293 1251 322; x_wconf 86' lang='lat' dir='ltr'>manu</span> <span class='ocrx_word' id='word_1_12' title='bbox 1271 294 1381 325; x_wconf 53' lang='lat' dir='ltr'>‘cum</span> 
     </span>
     <span class='ocr_line' id='line_1_3' title="bbox 97 346 1382 414; baseline 0.004 -21"><span class='ocrx_word' id='word_1_13' title='bbox 97 347 286 406; x_wconf 83' lang='lat' dir='ltr'>nostris,</span> <span class='ocrx_word' id='word_1_14' title='bbox 323 346 426 393; x_wconf 75' lang='lat' dir='ltr'>fusis</span> <span class='ocrx_word' id='word_1_15' title='bbox 456 364 479 393; x_wconf 91' lang='lat' dir='ltr'>e</span> <span class='ocrx_word' id='word_1_16' title='bbox 514 360 637 410; x_wconf 87' lang='lat' dir='ltr'>parte</span> <span class='ocrx_word' id='word_1_17' title='bbox 674 348 855 396; x_wconf 85' lang='lat' dir='ltr'>suorum</span> <span class='ocrx_word' id='word_1_18' title='bbox 892 349 1115 411; x_wconf 84' lang='lat' dir='ltr'>pluribus,</span> <span class='ocrx_word' id='word_1_19' title='bbox 1151 350 1241 411; x_wconf 85' lang='lat' dir='ltr'>ipse</span> <span class='ocrx_word' id='word_1_20' title='bbox 1274 352 1382 414; x_wconf 79' lang='lat' dir='ltr'>equi</span> 
     </span>
     <span class='ocr_line' id='line_1_4' title="bbox 97 417 1380 481; baseline 0.004 -17"><span class='ocrx_word' id='word_1_21' title='bbox 97 417 362 480; x_wconf 82' lang='lat' dir='ltr'>pernicitate</span> <span class='ocrx_word' id='word_1_22' title='bbox 404 434 519 481; x_wconf 80' lang='lat' dir='ltr'>aegre</span> <span class='ocrx_word' id='word_1_23' title='bbox 563 418 816 466; x_wconf 82' lang='lat' dir='ltr'>discrimine</span> <span class='ocrx_word' id='word_1_24' title='bbox 860 420 1019 466; x_wconf 89' lang='lat' dir='ltr'>mortis</span> <span class='ocrx_word' id='word_1_25' title='bbox 1057 434 1256 468; x_wconf 83' lang='lat' dir='ltr'>exemtus</span> <span class='ocrx_word' id='word_1_26' title='bbox 1302 423 1380 473; x_wconf 87' lang='lat' dir='ltr'>est.</span> 
     </span>
     <span class='ocr_line' id='line_1_5' title="bbox 100 491 1381 558; baseline 0.003 -20"><span class='ocrx_word' id='word_1_27' title='bbox 100 491 245 538; x_wconf 76' lang='lat' dir='ltr'>Fessus</span> <span class='ocrx_word' id='word_1_28' title='bbox 296 491 506 539; x_wconf 86' lang='lat' dir='ltr'>aerumnis</span> <span class='ocrx_word' id='word_1_29' title='bbox 550 492 715 555; x_wconf 81' lang='lat' dir='ltr'>gemini</span> <span class='ocrx_word' id='word_1_30' title='bbox 765 493 915 554; x_wconf 84' lang='lat' dir='ltr'>proelii</span> <span class='ocrx_word' id='word_1_31' title='bbox 962 493 1130 539; x_wconf 80' lang='lat' dir='ltr'>Firmus</span> <span class='ocrx_word' id='word_1_32' title='bbox 1146 530 1160 552; x_wconf 89' lang='lat'>,</span> <span class='ocrx_word' id='word_1_33' title='bbox 1197 494 1381 558; x_wconf 79' lang='lat' dir='ltr'>imoque</span> 
     </span>
     <span class='ocr_line' id='line_1_6' title="bbox 98 564 1389 628; baseline 0.002 -18"><span class='ocrx_word' id='word_1_34' title='bbox 98 564 283 612; x_wconf 77' lang='lat' dir='ltr'>aessuans</span> <span class='ocrx_word' id='word_1_35' title='bbox 314 564 451 611; x_wconf 86' lang='lat' dir='ltr'>cor-de</span> <span class='ocrx_word' id='word_1_36' title='bbox 466 600 481 622; x_wconf 91' lang='lat'><strong><em>,</em></strong></span> <span class='ocrx_word' id='word_1_37' title='bbox 507 582 563 612; x_wconf 89' lang='lat' dir='ltr'>ne</span> <span class='ocrx_word' id='word_1_38' title='bbox 587 566 693 628; x_wconf 84' lang='lat' dir='ltr'>quid</span> <span class='ocrx_word' id='word_1_39' title='bbox 722 567 890 613; x_wconf 73' lang='lat' dir='ltr'>ultimae</span> <span class='ocrx_word' id='word_1_40' title='bbox 912 566 1094 612; x_wconf 84' lang='lat' dir='ltr'>rationis</span> <span class='ocrx_word' id='word_1_41' title='bbox 1118 567 1346 613; x_wconf 83' lang='lat' dir='ltr'>omitteret</span> <span class='ocrx_word' id='word_1_42' title='bbox 1365 597 1389 624; x_wconf 92' lang='lat'>‚-</span> 
     </span>
     <span class='ocr_line' id='line_1_7' title="bbox 98 635 1380 700; baseline 0.002 -18"><span class='ocrx_word' id='word_1_43' title='bbox 98 635 333 687; x_wconf 82' lang='lat' dir='ltr'>Christiani</span> <span class='ocrx_word' id='word_1_44' title='bbox 360 637 470 688; x_wconf 79' lang='lat' dir='ltr'>ritus</span> <span class='ocrx_word' id='word_1_45' title='bbox 490 637 701 687; x_wconf 85' lang='lat' dir='ltr'>antistites</span> <span class='ocrx_word' id='word_1_46' title='bbox 729 651 935 685; x_wconf 83' lang='lat' dir='ltr'>oraturos</span> <span class='ocrx_word' id='word_1_47' title='bbox 957 654 1108 700; x_wconf 83' lang='lat' dir='ltr'>pacem</span> <span class='ocrx_word' id='word_1_48' title='bbox 1128 656 1232 685; x_wconf 80' lang='lat' dir='ltr'>cum</span> <span class='ocrx_word' id='word_1_49' title='bbox 1253 640 1380 690; x_wconf 80' lang='lat' dir='ltr'>obsi—</span> 
     </span>
     <span class='ocr_line' id='line_1_8' title="bbox 97 707 1380 782; baseline 0.002 -29"><span class='ocrx_word' id='word_1_50' title='bbox 97 707 227 754; x_wconf 84' lang='lat' dir='ltr'>dibus</span> <span class='ocrx_word' id='word_1_51' title='bbox 253 707 379 755; x_wconf 79' lang='lat' dir='ltr'>misit.</span> <span class='ocrx_word' id='word_1_52' title='bbox 410 708 504 768; x_wconf 84' lang='lat' dir='ltr'>Qui</span> <span class='ocrx_word' id='word_1_53' title='bbox 527 709 742 782; x_wconf 56' lang='lat' dir='ltr'>quoniam</span> <span class='ocrx_word' id='word_1_54' title='bbox 765 709 948 773; x_wconf 81' lang='lat' dir='ltr'>suscepti</span> <span class='ocrx_word' id='word_1_55' title='bbox 971 709 1114 757; x_wconf 89' lang='lat' dir='ltr'>lenius</span> <span class='ocrx_word' id='word_1_56' title='bbox 1129 744 1142 764; x_wconf 93' lang='lat'><em>‚</em></span> <span class='ocrx_word' id='word_1_57' title='bbox 1165 710 1380 772; x_wconf 82' lang='lat' dir='ltr'>polliciti-</span> 
     </span>
     <span class='ocr_line' id='line_1_9' title="bbox 98 780 1379 844; baseline 0.002 -18"><span class='ocrx_word' id='word_1_58' title='bbox 98 796 188 843; x_wconf 85' lang='lat' dir='ltr'>que</span> <span class='ocrx_word' id='word_1_59' title='bbox 219 780 361 827; x_wconf 67' lang='lat' dir='ltr'>vittui</span> <span class='ocrx_word' id='word_1_60' title='bbox 396 797 597 844; x_wconf 81' lang='lat' dir='ltr'>congrua</span> <span class='ocrx_word' id='word_1_61' title='bbox 632 782 959 838; x_wconf 43' lang='lat' dir='ltr'>militibuzut</span> <span class='ocrx_word' id='word_1_62' title='bbox 994 794 1264 843; x_wconf 60' lang='lat' dir='ltr'>praeceptum</span> <span class='ocrx_word' id='word_1_63' title='bbox 1298 783 1379 838; x_wconf 84' lang='lat' dir='ltr'>est,</span> 
     </span>
     <span class='ocr_line' id='line_1_10' title="bbox 98 855 1378 918; baseline 0.002 -17"><span class='ocrx_word' id='word_1_64' title='bbox 98 855 199 902; x_wconf 82' lang='lat' dir='ltr'>laeta</span> <span class='ocrx_word' id='word_1_65' title='bbox 229 855 418 902; x_wconf 81' lang='lat' dir='ltr'>retulere</span> <span class='ocrx_word' id='word_1_66' title='bbox 440 855 674 918; x_wconf 84' lang='lat' dir='ltr'>responsa:</span> <span class='ocrx_word' id='word_1_67' title='bbox 705 855 932 918; x_wconf 70' lang='lat' dir='ltr'>praemissis</span> <span class='ocrx_word' id='word_1_68' title='bbox 960 855 1218 902; x_wconf 87' lang='lat' dir='ltr'>muneribus</span> <span class='ocrx_word' id='word_1_69' title='bbox 1249 859 1378 903; x_wconf 82' lang='lat' dir='ltr'>Mau-</span> 
     </span>
     <span class='ocr_line' id='line_1_11' title="bbox 99 927 1381 991; baseline 0.001 -17"><span class='ocrx_word' id='word_1_70' title='bbox 99 945 174 974; x_wconf 86' lang='lat' dir='ltr'>rus</span> <span class='ocrx_word' id='word_1_71' title='bbox 206 927 296 991; x_wconf 88' lang='lat' dir='ltr'>ipse</span> <span class='ocrx_word' id='word_1_72' title='bbox 317 927 525 981; x_wconf 84' lang='lat' dir='ltr'>fidentius</span> <span class='ocrx_word' id='word_1_73' title='bbox 551 930 605 974; x_wconf 88' lang='lat' dir='ltr'>ad</span> <span class='ocrx_word' id='word_1_74' title='bbox 633 930 889 975; x_wconf 83' lang='lat' dir='ltr'>Romanum</span> <span class='ocrx_word' id='word_1_75' title='bbox 915 941 1168 990; x_wconf 78' lang='lat' dir='ltr'>perrexerat</span> <span class='ocrx_word' id='word_1_76' title='bbox 1193 928 1381 988; x_wconf 83' lang='lat' dir='ltr'>ducem,</span> 
     </span>
     <span class='ocr_line' id='line_1_12' title="bbox 100 1001 1381 1065; baseline 0 -17"><span class='ocrx_word' id='word_1_77' title='bbox 100 1019 223 1065; x_wconf 82' lang='lat' dir='ltr'>equo</span> <span class='ocrx_word' id='word_1_78' title='bbox 247 1002 437 1049; x_wconf 70' lang='lat' dir='ltr'>insidens</span> <span class='ocrx_word' id='word_1_79' title='bbox 457 1015 565 1064; x_wconf 89' lang='lat' dir='ltr'>apto</span> <span class='ocrx_word' id='word_1_80' title='bbox 585 1003 638 1049; x_wconf 88' lang='lat' dir='ltr'>ad</span> <span class='ocrx_word' id='word_1_81' title='bbox 652 1003 869 1064; x_wconf 88' lang='lat' dir='ltr'>ancipites</span> <span class='ocrx_word' id='word_1_82' title='bbox 890 1001 1035 1049; x_wconf 89' lang='lat' dir='ltr'>casus:</span> <span class='ocrx_word' id='word_1_83' title='bbox 1058 1017 1249 1062; x_wconf 79' lang='lat' dir='ltr'>cumque</span> <span class='ocrx_word' id='word_1_84' title='bbox 1272 1019 1381 1063; x_wconf 85' lang='lat' dir='ltr'>pro-</span> 
     </span>
     <span class='ocr_line' id='line_1_13' title="bbox 101 1073 1383 1138; baseline 0 -17"><span class='ocrx_word' id='word_1_85' title='bbox 101 1093 158 1138; x_wconf 88' lang='lat' dir='ltr'>pe</span> <span class='ocrx_word' id='word_1_86' title='bbox 196 1076 423 1133; x_wconf 73' lang='lat' dir='ltr'>venisset„</span> <span class='ocrx_word' id='word_1_87' title='bbox 442 1075 619 1138; x_wconf 75' lang='lat' dir='ltr'>fulgore</span> <span class='ocrx_word' id='word_1_88' title='bbox 655 1075 883 1138; x_wconf 83' lang='lat' dir='ltr'>signorum</span> <span class='ocrx_word' id='word_1_89' title='bbox 927 1076 976 1122; x_wconf 85' lang='lat'>&amp;</span> <span class='ocrx_word' id='word_1_90' title='bbox 1019 1073 1208 1125; x_wconf 86' lang='lat' dir='ltr'>terribili</span> <span class='ocrx_word' id='word_1_91' title='bbox 1251 1076 1383 1121; x_wconf 76' lang='lat' dir='ltr'>vultu</span> 
     </span>
     <span class='ocr_line' id='line_1_14' title="bbox 100 1146 1382 1210; baseline -0.002 -15"><span class='ocrx_word' id='word_1_92' title='bbox 100 1147 345 1201; x_wconf 70' lang='lat' dir='ltr'>Theodosii</span> <span class='ocrx_word' id='word_1_93' title='bbox 371 1147 658 1210; x_wconf 59' lang='lat' dir='ltr'>praestus-us,</span> <span class='ocrx_word' id='word_1_94' title='bbox 688 1148 896 1208; x_wconf 88' lang='lat' dir='ltr'>jumento</span> <span class='ocrx_word' id='word_1_95' title='bbox 931 1146 1134 1193; x_wconf 78' lang='lat' dir='ltr'>desiluit:</span> <span class='ocrx_word' id='word_1_96' title='bbox 1171 1162 1382 1194; x_wconf 87' lang='lat' dir='ltr'>curvata-</span> 
     </span>
     <span class='ocr_line' id='line_1_15' title="bbox 102 1220 1383 1285; baseline -0.001 -16"><span class='ocrx_word' id='word_1_97' title='bbox 102 1239 192 1285; x_wconf 87' lang='lat' dir='ltr'>que</span> <span class='ocrx_word' id='word_1_98' title='bbox 217 1220 397 1274; x_wconf 55' lang='lat' dir='ltr'>ceruice</span> <span class='ocrx_word' id='word_1_99' title='bbox 426 1222 551 1272; x_wconf 81' lang='lat' dir='ltr'>humi</span> <span class='ocrx_word' id='word_1_100' title='bbox 580 1239 708 1284; x_wconf 84' lang='lat' dir='ltr'>paene</span> <span class='ocrx_word' id='word_1_101' title='bbox 730 1222 916 1279; x_wconf 80' lang='lat' dir='ltr'>affixus,</span> <span class='ocrx_word' id='word_1_102' title='bbox 946 1221 1238 1268; x_wconf 78' lang='lat' dir='ltr'>temeritatem</span> <span class='ocrx_word' id='word_1_103' title='bbox 1263 1221 1383 1268; x_wconf 83' lang='lat' dir='ltr'>suam</span> 
     </span>
     <span class='ocr_line' id='line_1_16' title="bbox 101 1292 1384 1356; baseline 0 -15"><span class='ocrx_word' id='word_1_104' title='bbox 101 1294 310 1342; x_wconf 84' lang='lat' dir='ltr'>flebiliter</span> <span class='ocrx_word' id='word_1_105' title='bbox 333 1294 559 1341; x_wconf 77' lang='lat' dir='ltr'>incusabat</span> <span class='ocrx_word' id='word_1_106' title='bbox 575 1329 589 1351; x_wconf 90' lang='lat'>‚</span> <span class='ocrx_word' id='word_1_107' title='bbox 609 1305 763 1356; x_wconf 82' lang='lat' dir='ltr'>pacem</span> <span class='ocrx_word' id='word_1_108' title='bbox 792 1292 1067 1339; x_wconf 87' lang='lat' dir='ltr'>obsecrando</span> <span class='ocrx_word' id='word_1_109' title='bbox 1098 1310 1199 1339; x_wconf 89' lang='lat' dir='ltr'>cum</span> <span class='ocrx_word' id='word_1_110' title='bbox 1235 1295 1384 1341; x_wconf 86' lang='lat' dir='ltr'>venia.</span> 
     </span>
     <span class='ocr_line' id='line_1_17' title="bbox 104 1365 1384 1431; baseline -0.001 -17"><span class='ocrx_word' id='word_1_111' title='bbox 104 1368 427 1431; x_wconf 67' lang='lat' dir='ltr'>Suseeptusque</span> <span class='ocrx_word' id='word_1_112' title='bbox 456 1384 557 1418; x_wconf 90' lang='lat' dir='ltr'>cum</span> <span class='ocrx_word' id='word_1_113' title='bbox 587 1367 742 1412; x_wconf 90' lang='lat' dir='ltr'>osculo</span> <span class='ocrx_word' id='word_1_114' title='bbox 760 1401 773 1424; x_wconf 90' lang='lat'>‚</span> <span class='ocrx_word' id='word_1_115' title='bbox 802 1366 1020 1428; x_wconf 87' lang='lat' dir='ltr'>quoniam</span> <span class='ocrx_word' id='word_1_116' title='bbox 1050 1365 1095 1410; x_wconf 91' lang='lat' dir='ltr'>id</span> <span class='ocrx_word' id='word_1_117' title='bbox 1124 1365 1384 1427; x_wconf 65' lang='lat' dir='ltr'>reipublicae</span> 
     </span>
     <span class='ocr_line' id='line_1_18' title="bbox 104 1438 1386 1502; baseline -0.002 -13"><span class='ocrx_word' id='word_1_118' title='bbox 104 1440 564 1497; x_wconf 40' lang='lat' dir='ltr'>conducebatfbonae</span> <span class='ocrx_word' id='word_1_119' title='bbox 583 1438 673 1502; x_wconf 89' lang='lat' dir='ltr'>spei</span> <span class='ocrx_word' id='word_1_120' title='bbox 687 1439 773 1500; x_wconf 80' lang='lat' dir='ltr'>jam</span> <span class='ocrx_word' id='word_1_121' title='bbox 793 1439 949 1502; x_wconf 85' lang='lat' dir='ltr'>plenus</span> <span class='ocrx_word' id='word_1_122' title='bbox 963 1475 976 1495; x_wconf 89' lang='lat'>,</span> <span class='ocrx_word' id='word_1_123' title='bbox 993 1438 1256 1486; x_wconf 82' lang='lat' dir='ltr'>sufficientia</span> <span class='ocrx_word' id='word_1_124' title='bbox 1272 1457 1386 1502; x_wconf 84' lang='lat' dir='ltr'>prae-</span> 
     </span>
     <span class='ocr_line' id='line_1_19' title="bbox 104 1509 1392 1575; baseline -0.002 -14"><span class='ocrx_word' id='word_1_125' title='bbox 104 1514 204 1561; x_wconf 88' lang='lat' dir='ltr'>buit</span> <span class='ocrx_word' id='word_1_126' title='bbox 221 1514 454 1575; x_wconf 76' lang='lat' dir='ltr'>alimenta:</span> <span class='ocrx_word' id='word_1_127' title='bbox 478 1513 526 1559; x_wconf 86' lang='lat'>&amp;</span> <span class='ocrx_word' id='word_1_128' title='bbox 546 1511 810 1574; x_wconf 84' lang='lat' dir='ltr'>quibusdam</span> <span class='ocrx_word' id='word_1_129' title='bbox 835 1510 1103 1573; x_wconf 85' lang='lat' dir='ltr'>propinquis</span> <span class='ocrx_word' id='word_1_130' title='bbox 1125 1509 1207 1557; x_wconf 89' lang='lat' dir='ltr'>suis</span> <span class='ocrx_word' id='word_1_131' title='bbox 1229 1512 1282 1557; x_wconf 84' lang='lat' dir='ltr'>ad</span> <span class='ocrx_word' id='word_1_132' title='bbox 1302 1513 1392 1559; x_wconf 87' lang='lat' dir='ltr'>ob-.</span> 
     </span>
     <span class='ocr_line' id='line_1_20' title="bbox 105 1583 1396 1646; baseline -0.002 -14"><span class='ocrx_word' id='word_1_133' title='bbox 105 1586 244 1632; x_wconf 80' lang='lat' dir='ltr'>fidum</span> <span class='ocrx_word' id='word_1_134' title='bbox 266 1586 416 1635; x_wconf 88' lang='lat' dir='ltr'>vicem</span> <span class='ocrx_word' id='word_1_135' title='bbox 439 1584 598 1635; x_wconf 72' lang='lat' dir='ltr'>reliffls</span> <span class='ocrx_word' id='word_1_136' title='bbox 622 1584 841 1642; x_wconf 83' lang='lat' dir='ltr'>absceffit,</span> <span class='ocrx_word' id='word_1_137' title='bbox 863 1584 1099 1645; x_wconf 76' lang='lat' dir='ltr'>captivos,</span> <span class='ocrx_word' id='word_1_138' title='bbox 1115 1596 1163 1628; x_wconf 91' lang='lat' dir='ltr'>ut</span> <span class='ocrx_word' id='word_1_139' title='bbox 1183 1583 1396 1646; x_wconf 67' lang='lat' dir='ltr'>spopon-„</span> 
     </span>
     <span class='ocr_line' id='line_1_21' title="bbox 106 1656 1387 1720; baseline -0.002 -13"><span class='ocrx_word' id='word_1_140' title='bbox 106 1661 264 1717; x_wconf 86' lang='lat' dir='ltr'>derat,</span> <span class='ocrx_word' id='word_1_141' title='bbox 287 1659 567 1715; x_wconf 82' lang='lat' dir='ltr'>redditurus,</span> <span class='ocrx_word' id='word_1_142' title='bbox 601 1674 715 1720; x_wconf 89' lang='lat' dir='ltr'>quos</span> <span class='ocrx_word' id='word_1_143' title='bbox 739 1658 893 1720; x_wconf 85' lang='lat' dir='ltr'>primis</span> <span class='ocrx_word' id='word_1_144' title='bbox 928 1656 1156 1702; x_wconf 88' lang='lat' dir='ltr'>turbarum</span> <span class='ocrx_word' id='word_1_145' title='bbox 1189 1658 1387 1704; x_wconf 82' lang='lat' dir='ltr'>exordiis</span> 
     </span>
     <span class='ocr_line' id='line_1_22' title="bbox 107 1729 1387 1795; baseline -0.001 -16"><span class='ocrx_word' id='word_1_146' title='bbox 107 1732 253 1795; x_wconf 77' lang='lat' dir='ltr'>rapuit</span> <span class='ocrx_word' id='word_1_147' title='bbox 272 1732 535 1794; x_wconf 65' lang='lat' dir='ltr'>:vbiduoque</span> <span class='ocrx_word' id='word_1_148' title='bbox 556 1730 656 1793; x_wconf 87' lang='lat' dir='ltr'>post</span> <span class='ocrx_word' id='word_1_149' title='bbox 679 1730 867 1778; x_wconf 76' lang='lat' dir='ltr'>Icosium</span> <span class='ocrx_word' id='word_1_150' title='bbox 895 1731 1112 1793; x_wconf 86' lang='lat' dir='ltr'>oppidum</span> <span class='ocrx_word' id='word_1_151' title='bbox 1129 1766 1142 1788; x_wconf 89' lang='lat'>‚</span> <span class='ocrx_word' id='word_1_152' title='bbox 1164 1729 1290 1791; x_wconf 86' lang='lat' dir='ltr'>cujus</span> <span class='ocrx_word' id='word_1_153' title='bbox 1315 1730 1387 1778; x_wconf 89' lang='lat' dir='ltr'>su-</span> 
     </span>
     <span class='ocr_line' id='line_1_23' title="bbox 107 1804 1388 1868; baseline 0 -17"><span class='ocrx_word' id='word_1_154' title='bbox 107 1822 186 1868; x_wconf 84' lang='lat' dir='ltr'>pra</span> <span class='ocrx_word' id='word_1_155' title='bbox 215 1804 453 1853; x_wconf 87' lang='lat' dir='ltr'>docuimus</span> <span class='ocrx_word' id='word_1_156' title='bbox 485 1804 744 1851; x_wconf 85' lang='lat' dir='ltr'>conditores</span> <span class='ocrx_word' id='word_1_157' title='bbox 761 1839 774 1859; x_wconf 88' lang='lat'>‚</span> <span class='ocrx_word' id='word_1_158' title='bbox 800 1804 1007 1850; x_wconf 84' lang='lat' dir='ltr'>militaria</span> <span class='ocrx_word' id='word_1_159' title='bbox 1029 1804 1146 1866; x_wconf 72' lang='lat' dir='ltr'>signa</span> <span class='ocrx_word' id='word_1_160' title='bbox 1177 1805 1226 1851; x_wconf 64' lang='grc' dir='ltr'>δέ</span> <span class='ocrx_word' id='word_1_161' title='bbox 1248 1815 1388 1851; x_wconf 70' lang='lat' dir='ltr'>coro‘·</span> 
     </span>
     <span class='ocr_line' id='line_1_24' title="bbox 108 1876 1391 1938; baseline 0 -15"><span class='ocrx_word' id='word_1_162' title='bbox 108 1895 208 1924; x_wconf 87' lang='lat' dir='ltr'>nam</span> <span class='ocrx_word' id='word_1_163' title='bbox 238 1876 547 1923; x_wconf 79' lang='lat' dir='ltr'>sacerdotalem</span> <span class='ocrx_word' id='word_1_164' title='bbox 585 1894 687 1923; x_wconf 88' lang='lat' dir='ltr'>cum</span> <span class='ocrx_word' id='word_1_165' title='bbox 724 1876 902 1933; x_wconf 88' lang='lat' dir='ltr'>ceteris,</span> <span class='ocrx_word' id='word_1_166' title='bbox 933 1892 1034 1938; x_wconf 78' lang='lat' dir='ltr'>quae</span> <span class='ocrx_word' id='word_1_167' title='bbox 1064 1876 1358 1938; x_wconf 86' lang='lat' dir='ltr'>inter-ceperat</span> <span class='ocrx_word' id='word_1_168' title='bbox 1376 1912 1391 1935; x_wconf 92' lang='lat'>,</span> 
     </span>
     <span class='ocr_line' id='line_1_25' title="bbox 110 1947 1389 2010; baseline -0.001 -14"><span class='ocrx_word' id='word_1_169' title='bbox 110 1948 234 1997; x_wconf 66' lang='lat' dir='ltr'>nihil,</span> <span class='ocrx_word' id='word_1_170' title='bbox 249 1949 478 1996; x_wconf 59' lang='lat' dir='ltr'>cundiatus</span> <span class='ocrx_word' id='word_1_171' title='bbox 505 1947 719 2006; x_wconf 86' lang='lat' dir='ltr'>restituit,</span> <span class='ocrx_word' id='word_1_172' title='bbox 739 1960 790 1994; x_wconf 89' lang='lat' dir='ltr'>ut</span> <span class='ocrx_word' id='word_1_173' title='bbox 812 1960 1087 2010; x_wconf 80' lang='lat' dir='ltr'>praeceptum</span> <span class='ocrx_word' id='word_1_174' title='bbox 1107 1947 1181 1994; x_wconf 90' lang='lat' dir='ltr'>est.</span> <span class='ocrx_word' id='word_1_175' title='bbox 1215 1949 1389 1995; x_wconf 78' lang='lat' dir='ltr'>Exinde</span> 
     </span>
     <span class='ocr_line' id='line_1_26' title="bbox 112 2019 1397 2084; baseline -0.002 -14"><span class='ocrx_word' id='word_1_176' title='bbox 112 2039 213 2071; x_wconf 82' lang='lat' dir='ltr'>cum</span> <span class='ocrx_word' id='word_1_177' title='bbox 235 2022 432 2072; x_wconf 79' lang='lat' dir='ltr'>discurfis</span> <span class='ocrx_word' id='word_1_178' title='bbox 447 2022 681 2068; x_wconf 87' lang='lat' dir='ltr'>itineribus</span> <span class='ocrx_word' id='word_1_179' title='bbox 705 2020 874 2084; x_wconf 84' lang='lat' dir='ltr'>magnis</span> <span class='ocrx_word' id='word_1_180' title='bbox 892 2019 1106 2081; x_wconf 82' lang='lat' dir='ltr'>Tiposam</span> <span class='ocrx_word' id='word_1_181' title='bbox 1127 2019 1276 2066; x_wconf 87' lang='lat' dir='ltr'>noster</span> <span class='ocrx_word' id='word_1_182' title='bbox 1296 2021 1397 2067; x_wconf 67' lang='lat' dir='ltr'>dux</span> 
     </span>
     <span class='ocr_line' id='line_1_27' title="bbox 112 2090 1395 2158; baseline 0 -18"><span class='ocrx_word' id='word_1_183' title='bbox 112 2094 518 2158; x_wconf 76' lang='lat' dir='ltr'>introiret,legatis</span> <span class='ocrx_word' id='word_1_184' title='bbox 554 2095 802 2152; x_wconf 78' lang='lat' dir='ltr'>Mazicum,</span> <span class='ocrx_word' id='word_1_185' title='bbox 824 2093 901 2157; x_wconf 89' lang='lat' dir='ltr'>qui</span> <span class='ocrx_word' id='word_1_186' title='bbox 939 2092 981 2138; x_wconf 89' lang='lat' dir='ltr'>se</span> <span class='ocrx_word' id='word_1_187' title='bbox 1016 2090 1395 2141; x_wconf 79' lang='lat' dir='ltr'>consociaverant</span> 
     </span>
     <span class='ocr_line' id='line_1_28' title="bbox 113 2164 1393 2230; baseline -0.001 -17"><span class='ocrx_word' id='word_1_188' title='bbox 113 2167 263 2214; x_wconf 88' lang='lat' dir='ltr'>Firmo</span> <span class='ocrx_word' id='word_1_189' title='bbox 278 2199 300 2225; x_wconf 32' lang='lat' dir='ltr'>,v</span> <span class='ocrx_word' id='word_1_190' title='bbox 326 2167 583 2230; x_wconf 86' lang='lat' dir='ltr'>suppliciter</span> <span class='ocrx_word' id='word_1_191' title='bbox 617 2166 952 2214; x_wconf 80' lang='lat' dir='ltr'>obsecrantibus</span> <span class='ocrx_word' id='word_1_192' title='bbox 992 2164 1205 2223; x_wconf 87' lang='lat' dir='ltr'>veniam,</span> <span class='ocrx_word' id='word_1_193' title='bbox 1237 2166 1393 2212; x_wconf 88' lang='lat' dir='ltr'>animo</span> 
     </span>
     <span class='ocr_line' id='line_1_29' title="bbox 115 2238 1395 2304; baseline -0.002 -16"><span class='ocrx_word' id='word_1_194' title='bbox 115 2240 233 2288; x_wconf 87' lang='lat' dir='ltr'>elato</span> <span class='ocrx_word' id='word_1_195' title='bbox 252 2240 509 2304; x_wconf 89' lang='lat' dir='ltr'>respondit,</span> <span class='ocrx_word' id='word_1_196' title='bbox 529 2241 570 2286; x_wconf 92' lang='lat' dir='ltr'>se</span> <span class='ocrx_word' id='word_1_197' title='bbox 595 2240 641 2286; x_wconf 91' lang='lat' dir='ltr'>in</span> <span class='ocrx_word' id='word_1_198' title='bbox 665 2256 742 2286; x_wconf 89' lang='lat' dir='ltr'>eos</span> <span class='ocrx_word' id='word_1_199' title='bbox 762 2252 808 2286; x_wconf 88' lang='lat' dir='ltr'>ut</span> <span class='ocrx_word' id='word_1_200' title='bbox 829 2238 1024 2302; x_wconf 81' lang='lat' dir='ltr'>persidos</span> <span class='ocrx_word' id='word_1_201' title='bbox 1044 2256 1162 2285; x_wconf 89' lang='lat' dir='ltr'>arma</span> <span class='ocrx_word' id='word_1_202' title='bbox 1185 2240 1395 2301; x_wconf 88' lang='lat' dir='ltr'>protinus</span> 
     </span>
     <span class='ocr_line' id='line_1_30' title="bbox 114 2314 1395 2376; baseline -0.002 -14"><span class='ocrx_word' id='word_1_203' title='bbox 114 2326 464 2362; x_wconf 86' lang='lat' dir='ltr'>commoturum.</span> <span class='ocrx_word' id='word_1_204' title='bbox 510 2314 688 2374; x_wconf 82' lang='lat' dir='ltr'>Quibus</span> <span class='ocrx_word' id='word_1_205' title='bbox 727 2314 1001 2361; x_wconf 86' lang='lat' dir='ltr'>imminentis</span> <span class='ocrx_word' id='word_1_206' title='bbox 1046 2314 1233 2376; x_wconf 87' lang='lat' dir='ltr'>periculi</span> <span class='ocrx_word' id='word_1_207' title='bbox 1272 2328 1395 2375; x_wconf 81' lang='lat' dir='ltr'>metu</span> 
     </span>
     <span class='ocr_line' id='line_1_31' title="bbox 114 2383 1392 2450; baseline -0.001 -18"><span class='ocrx_word' id='word_1_208' title='bbox 114 2385 269 2434; x_wconf 83' lang='lat' dir='ltr'>defixis</span> <span class='ocrx_word' id='word_1_209' title='bbox 284 2422 299 2444; x_wconf 91' lang='lat'>,</span> <span class='ocrx_word' id='word_1_210' title='bbox 316 2386 569 2450; x_wconf 79' lang='lat' dir='ltr'>revertique</span> <span class='ocrx_word' id='word_1_211' title='bbox 596 2386 712 2447; x_wconf 85' lang='lat' dir='ltr'>juffis</span> <span class='ocrx_word' id='word_1_212' title='bbox 733 2386 786 2432; x_wconf 88' lang='lat' dir='ltr'>ad</span> <span class='ocrx_word' id='word_1_213' title='bbox 812 2386 904 2443; x_wconf 88' lang='lat' dir='ltr'>sua,</span> <span class='ocrx_word' id='word_1_214' title='bbox 925 2383 1169 2434; x_wconf 82' lang='lat' dir='ltr'>Caesaream</span> <span class='ocrx_word' id='word_1_215' title='bbox 1199 2387 1262 2434; x_wconf 90' lang='lat' dir='ltr'>ire</span> <span class='ocrx_word' id='word_1_216' title='bbox 1289 2399 1392 2431; x_wconf 89' lang='lat' dir='ltr'>ten-</span> 
     </span>
     <span class='ocr_line' id='line_1_32' title="bbox 113 2459 1388 2524; baseline -0.003 -16"><span class='ocrx_word' id='word_1_217' title='bbox 113 2461 269 2521; x_wconf 80' lang='lat' dir='ltr'>debat,</span> <span class='ocrx_word' id='word_1_218' title='bbox 307 2461 461 2508; x_wconf 89' lang='lat' dir='ltr'>urbem</span> <span class='ocrx_word' id='word_1_219' title='bbox 503 2461 762 2524; x_wconf 78' lang='lat' dir='ltr'>opulentam</span> <span class='ocrx_word' id='word_1_220' title='bbox 799 2459 1026 2524; x_wconf 86' lang='lat' dir='ltr'>quondam</span> <span class='ocrx_word' id='word_1_221' title='bbox 1067 2462 1117 2507; x_wconf 85' lang='lat'>&amp;</span> <span class='ocrx_word' id='word_1_222' title='bbox 1158 2459 1357 2507; x_wconf 84' lang='lat' dir='ltr'>nobilem</span> <span class='ocrx_word' id='word_1_223' title='bbox 1373 2495 1388 2520; x_wconf 87' lang='lat'>‚</span> 
     </span>
    </p>
   </div>
   <div class='ocr_carea' id='block_1_3' title="bbox 1034 2533 1138 2580">
    <p class='ocr_par' dir='ltr' id='par_1_3' title="bbox 1034 2533 1138 2580">
     <span class='ocr_line' id='line_1_33' title="bbox 1034 2533 1138 2580; baseline 0.01 -1"><span class='ocrx_word' id='word_1_224' title='bbox 1034 2533 1138 2580; x_wconf 65' lang='grc' dir='ltr'>Ν),</span> 
     </span>
    </p>
   </div>
  </div>
 </body>
</html>
