1626 2917
295 162 520 214 'RERUM
555 164 892 213 GESTARUM
929 165 1032 212 ΜΒ.
1070 164 1180 214 xv,
1331 169 1388 231 63

114 274 335 322 callentes.
355 277 419 322 Ut
436 273 644 321 Croesum
666 274 852 337 legimus
874 273 978 320 ideo
1003 290 1143 337 regno
1162 273 1242 320 suo
1262 275 1396 321 Solo·

113 348 214 394 n'em
233 346 450 410 expulisse
478 347 754 409 praecipitem
769 382 782 403 ‚
808 346 909 408 quia
931 345 1124 393 blandiri
1144 346 1395 394 nesciebat:

112 421 161 467 &
179 419 458 483 Dionysium
478 419 708 466 intentasse
737 430 884 481 poetae
904 417 1155 465 Philoxeno
1178 435 1369 466 mortem
1383 456 1397 475 ‚

112 510 213 540 cum
247 511 351 540 eum
376 494 637 541 recitantem
672 493 884 556 proprios
914 492 1066 540 versus
1095 492 1312 540 absurdos
1343 495 1394 541 ὅζ

111 564 442 624 inconcinnos,
462 565 745 613 laudantibus
764 564 933 613 cunffis
950 600 962 622 ,
983 563 1100 612 solus
1117 566 1291 612 audiret
1308 568 1397 613 im-

111 638 322 686 mobilis:
344 657 443 703 quae
462 656 531 687 res
562 638 808 702 perniciosa
836 637 1052 684 vitiorum
1071 637 1132 683 est
1158 638 1305 684 altrix.
1333 641 1397 685 Ea

112 714 291 760 demum
319 715 436 761 enim
457 715 549 761 laus
567 726 685 779 grata
703 713 786 761 effe
804 712 1012 775 potestati
1033 712 1164 758 debet
1184 710 1396 770 excelsae,

112 804 215 833 cum
230 788 459 835 interdum
489 790 538 836 ὃ(
564 786 891 850 vituperationi
914 784 1037 832 secus
1056 785 1280 848 gestorum
1313 802 1397 847 pa-

113 872 204 905 teat
233 861 376 908 locus.

181 934 269 978 VI..
291 934 474 996 Jamque
505 931 605 995 post
641 930 921 978 securitatem
953 930 1224 993 quaestiones
1256 932 1398 994 agita-

114 1003 276 1051 bantur
301 1023 358 1052 ex
390 1023 542 1064 more,
575 1007 624 1053 &
650 1004 843 1051 vinculis
877 1004 1131 1068 catenisque
1164 1005 1316 1067 plures
1349 1018 1399 1051 ut

113 1078 242 1124 noxii
270 1079 586 1141 plectebantur.
618 1079 888 1143 Exsurgebat
915 1078 1032 1124 enim
1061 1078 1288 1126 effervens
1318 1078 1400 1124 lae-

113 1151 210 1197 titia
238 1152 441 1210 Paullus,
476 1164 692 1199 tartareus
728 1153 804 1198 ille
837 1152 1026 1210 delator,
1067 1153 1122 1199 ad
1156 1165 1399 1200 venenatas

113 1237 229 1271 artes
254 1224 350 1274 suas
372 1225 578 1273 licentius
606 1225 871 1272 exercendas
891 1241 900 1268 :
920 1227 968 1272 ὅ(
1000 1224 1330 1288 inquirentibus
1351 1226 1399 1271 in

115 1298 347 1362 negotium
368 1300 700 1347 consistorianis
728 1312 859 1361 atque
890 1299 1156 1345 militaribus
1172 1335 1188 1356 ,
1212 1311 1262 1344 ut
1280 1317 1400 1361 pree-

119 1386 302 1431 ceptum
321 1371 408 1428 est,
428 1371 644 1418 Proculus
676 1370 943 1416 admovetur
966 1370 1191 1432 equuleo,
1225 1371 1399 1420 Silvani

115 1442 392 1490 domesticus
411 1479 425 1501 ,
453 1438 596 1489 homb
622 1442 795 1505 gracilis
825 1444 875 1488 &
906 1442 1168 1501 morbosus,
1190 1456 1400 1489 metuen-

116 1514 235 1561 tibus
257 1515 448 1573 cunffis,
479 1532 534 1561 ne
565 1516 615 1562 vi
643 1512 779 1561 nimia
812 1526 1145 1562 tormentorum
1176 1516 1263 1563 levi
1296 1533 1399 1564 cor-

116 1604 229 1650 pore
259 1588 475 1653 fatigato,
508 1606 609 1636 reos
642 1589 863 1636 atrocium
895 1589 1136 1636 criminum
1166 1590 1398 1652 perspicue

116 1660 244 1708 citari
263 1661 426 1709 faceret
441 1663 633 1709 multos:
655 1679 808 1711 verum
831 1676 1006 1721 contra,
1026 1679 1157 1726 quam
1175 1662 1397 1725 speratum

114 1737 200 1794 est,
226 1737 430 1806 contigit.
454 1740 631 1784 Memor
651 1738 770 1784 enim
794 1737 983 1795 somnii,
1003 1753 1096 1800 quo
1119 1738 1286 1784 vetitus
1304 1751 1399 1784 erat

113 1828 195 1874 per
224 1803 422 1875 'quiete'm
439 1848 453 1870 ‚
481 1824 531 1858 ut
558 1811 647 1875 ipse
669 1812 893 1870 firmavit,
928 1812 1099 1875 pulsare
1126 1828 1398 1874 quemquam

114 1884 362 1945 insontem,
393 1886 530 1950 usque
562 1886 615 1932 ad
644 1884 841 1932 confinia
872 1885 1028 1936 mortis
1062 1896 1251 1932 vexatus
1270 1921 1282 1942 ,
1315 1902 1399 1931 nec

114 1956 396 2017 nominavit,
419 1976 502 2006 nec
521 1958 722 2021 prodidit
738 1958 931 2021 aliquem
958 1977 969 2004 ε
998 1956 1069 2004 sed
1087 1957 1299 2003 afferebat
1329 1957 1401 2003 fa-

116 2030 234 2076 &um
270 2031 440 2080 Silvani
472 2031 751 2083 constanter,
782 2031 827 2076 id
865 2048 968 2077 eum
1005 2030 1240 2093 cogitasse,
1273 2030 1399 2093 quod

116 2103 246 2160 iniit,
277 2097 372 2152 non
404 2106 673 2168 cupiditate,
694 2105 767 2151 sed
795 2105 1045 2151 necessitate
1082 2103 1365 2166 compulsum
1383 2137 1399 2159 ,

117 2190 380 2239 argumento
398 2178 598 2226 evidenti
613 2177 934 2224 demonstrans.
949 2176 1137 2224 Causam
1157 2175 1276 2223 enim
1292 2190 1400 2236 pro-

116 2248 309 2296 babilem
345 2251 544 2313 ponebat
576 2251 621 2296 in
657 2250 807 2297 medio
824 2286 837 2307 ‚
861 2250 1109 2296 multorum
1132 2247 1399 2295 testimoniis

119 2322 308 2379 claram,
327 2325 451 2386 quod
469 2325 538 2370 die
561 2325 750 2388 quinto,
770 2337 1005 2387 antequam
1027 2324 1188 2371 infulas
1210 2323 1400 2385 suscipe·

118 2407 187 2440 ret
212 2396 510 2459 principatus,
539 2400 757 2445 donatum
791 2398 1009 2461 stipendio
1047 2399 1237 2444 militem
1271 2400 1401 2444 Con-

118 2465 263 2514 stantii
299 2468 482 2526 nomine
513 2469 733 2518 allocutus
767 2469 857 2529 est,
892 2469 1023 2519 fortis
1058 2469 1161 2517 ess'et
1193 2471 1241 2517 δε
1275 2467 1400 2514 fidus,
