1626 2917
271 142 548 204 RERUM
588 141 1256 193 MEMORABILIUM.

131 254 341 308 Proficturus
359 258 392 295 Se
408 255 594 303 Trajanus
614 255 733 294 recto-

187 322 243 348 res
274 308 469 356 militum,
505 320 550 347 ac
591 308 733 348 Richo-

184 375 308 401 meres
344 376 451 413 aequo
487 370 606 402 marte
645 373 735 402 cum

187 416 323 456 Gothis
355 426 540 467 pugnant.
574 429 614 468 31
634 446 644 464 ‚
661 431 698 468 7.

132 470 283 523 Prosper
312 471 476 518 Comes,
510 470 655 521 legatus
686 470 735 509 ad

185 525 377 574 Saporem.
421 538 494 576 17,
527 537 561 578 ς.
605 536 645 563 re
680 525 736 563 in-

181 578 281 617 fecta
305 579 412 618 redit.
445 591 514 628 17,
540 591 595 626 14.

129 632 341 671 'Ptolemaeus
376 645 438 671 rex
464 632 576 683 Cypri
599 631 736 681 injuria

182 685 429 779 {laffizip‘iss’
449 688 483 778 ἓ
502 687 648 737 Cym
665 699 736 738 ‘³⁰‘

133 793 280 846 Pusaeus
301 793 404 834 Persa
419 794 638 842 dedititius,
651 795 736 835 Tri-

186 847 330 887 bunatu
358 861 380 888 a
417 847 572 896 Juliano
606 851 648 888 A.
677 861 736 886 or-

184 910 306 942 natus.
336 916 410 950 24,
443 916 472 941 1.
501 902 629 952 postea
658 903 736 942 dux

183 955 338 1006 AEgypti
365 957 498 996 faetus.
525 958 609 995 ibid.

405 1063 454 1112 Q.

135 1172 260 1225 Quadi
295 1169 483 1211 Valeriam
513 1170 738 1210 incurfioni-

131 1222 134 1226 ’
185 1225 254 1266 bus
270 1224 460 1264 infestant.
482 1226 545 1272 16,
567 1239 625 1264 10.
647 1225 737 1264 Pan-

180 1280 262 1326 nias
310 1291 399 1318 cum
443 1278 622 1318 Sarmatis
666 1291 735 1317 va·

180 1334 287 1373 stant.
316 1347 383 1383 17,
401 1345 457 1370 12.
480 1332 659 1371 Sarmatis
674 1344 732 1370 ar-

181 1396 329 1427 matura
340 1385 738 1435 moribul'quefimiles.

181 1441 266 1479 ibid.
293 1454 313 1479 a
335 1440 553 1479 Constantio
578 1441 617 1478 A.
639 1439 736 1478 datis

183 1494 377 1534 obfidibus
391 1504 526 1544 pacem
540 1493 732 1533 obtinent.

182 1549 268 1587 ibid.
305 1560 393 1587 cum
430 1548 608 1587 Sarmatis
638 1548 735 1587 Pan-

183 1602 319 1641 nonias
348 1601 501 1641 vastant.
537 1603 660 1649 26‚4.
688 1601 735 1639 ad

184 1655 455 1695 vindicandam
476 1656 573 1706 regis
592 1655 644 1694 sui
668 1669 735 1694 cae-

183 1710 272 1749 dem
295 1709 651 1750 Transdanubianas
677 1721 735 1747 re-

185 1765 318 1814 giones
332 1763 489 1803 vastant.
507 1777 554 1817 29
566 1793 577 1810 7
591 1765 626 1803 6.
645 1776 735 1803 cum

185 1818 365 1858 Sarmatis
376 1817 495 1867 juneti
513 1818 654 1867 prae'das
667 1816 735 1856 ho-

183 1873 332 1912 minum
351 1884 395 1911 ac
410 1884 590 1922 pecorum
605 1879 733 1921 agunt,

187 1928 231 1967 8(-
249 1926 365 1965 filiam
390 1925 596 1971 Constantii
617 1938 736 1975 quon-

187 1981 276 2020 dam
307 1982 350 2020 A.
379 1980 634 2020 Constantiam
666 1992 737 2029 pae-

185 2047 235 2073 ne
252 2034 418 2084 capiunt.
442 2035 526 2072 ibid.
542 2033 735 2083 Equitium

187 2101 255 2139 per
269 2087 459 2126 Valeriam
475 2087 735 2137 insequuntur,

188 2151 230 2180 ut
244 2141 393 2182 Gabinii
407 2142 518 2180 caedis
531 2144 734 2180 auctorem.

186 2197 271 2236 ibid.
313 2195 406 2234 duas
441 2195 609 2244 legiones
648 2196 757 2234 fun-.

186 2249 284 2287 dunt
320 2250 541 2299 fugantque.
588 2250 671 2288 ibid.
713 2262 735 2288 a

187 2302 454 2342 Valentiniano
484 2315 615 2342 eorum
647 2303 734 2354 pagi

187 2356 385 2395 vastantur.
425 2369 492 2408 30,
528 2371 562 2409 5.

134 2411 351 2462 Quintianus
372 2411 529 2449 Senator
553 2411 735 2450 Commo·

189 2464 239 2503 do
263 2465 304 2504 A.
326 2463 528 2504 insidiatus.
551 2479 620 2517 29,
649 2479 678 2504 1.

1078 252 1120 293 R.

799 361 928 400 Rando
937 360 1069 412 regalis
1079 360 1307 401 Alamannus
1318 361 1359 402 M
1365 369 1403 402 οἱ

854 416 1074 466 gontiacum
1104 415 1208 454 furto
1237 424 1403 466 occupat

855 471 892 509 δέ
925 469 1076 520 diripit,
1114 471 1148 509 ὃ(
1187 471 1403 520 oppidanos

853 523 1021 563 abducit.
1056 537 1129 574 27,
1161 536 1219 563 ιο.

800 578 980 630 Remigius
1025 576 1204 626 Magister
1241 577 1405 617 Officio·v

854 644 948 672 rum.
964 645 1024 683 27,
1038 645 1074 683 9.
1101 631 1262 670 Romani
1277 632 1405 671 Comi-

853 685 900 724 tis
916 697 981 736 per
996 685 1162 724 Africam
1178 685 1333 736 flagitiis
1348 685 1405 725 fa..

853 747 944 787 vet,
973 752 1016 778 ac
1040 752 1127 778 curn
1152 751 1198 777 eo
1228 739 1409 781 colludit..

855 792 932 841 28,
959 793 994 832 6.
1038 793 1203 834 Romani
1236 793 1403 833 Comitis

854 846 1030 885 adversus
1042 847 1210 886 Firmum
1223 847 1405 888 Maurum

854 901 981 940 fautor
1007 901 1046 951 ip
1068 900 1210 951 palatio
1233 903 1268 941 ὅ(
1297 902 1406 951 adju-

854 963 924 993 tor.
943 969 1005 1006 29,
1026 967 1056 1007 5.
1075 955 1214 1005 laqueo
1236 955 1302 994 s1bi
1323 955 1407 995 fau.

854 1020 917 1047 ces
943 1009 1062 1048 elidit.
1089 1022 1149 1062 30,
1174 1024 1208 1048 2.

800 1063 985 1101 Rhetorica
1016 1065 1115 1101 inter
1146 1071 1273 1113 turpes
1305 1071 1404 1103 artes

854 1127 875 1154 a
899 1116 1087 1155 veteribus
1111 1116 1240 1166 polita.
1262 1130 1320 1168 30,
1339 1132 1379 1164 4.

800 1169 969 1208 Rhodani
1011 1170 1138 1210 cursus
1184 1169 1406 1222 descriptio,¹

861 1235 929 1275 15,
958 1237 1016 1263 11.

801 1276 1045 1325 Richomeres,
1098 1277 1407 1320 Domesticorum.

859 1330 1025 1370 Gratiani
1070 1331 1221 1371 Comes.
1268 1344 1339 1383 31,
1365 1347 1405 1383 7.

856 1395 1001 1434 pugnat
1033 1398 1139 1435 aequo
1164 1394 1283 1425 marte
1314 1398 1404 1425 cum

859 1438 1005 1478 Gothis.
1022 1440 1106 1478 ibid.
1126 1441 1267 1479 iterum
1283 1453 1303 1479 a
1317 1441 1407 1480 Gra-

855 1493 962 1531 tiano
999 1495 1042 1533 A.
1090 1503 1321 1544 properante
1363 1496 1406 1535 in

855 1545 1062 1586 Thraciam
1087 1577 1099 1595 ‚
1163 1548 1407 1598 praemittitur·

855 1612 944 1639 cum
979 1600 1095 1640 literis
1123 1601 1172 1640 ad
1202 1601 1406 1644 Valentem

856 1657 897 1694 A.
924 1667 965 1706 31
980 1684 992 1701 ,
1014 1669 1070 1694 12.
1091 1654 1191 1694 ultro
1212 1656 1249 1695 se
1269 1655 1409 1695 Valen-

856 1708 882 1746 ti
920 1707 1032 1748 offert
1059 1709 1229 1749 obfidem
1255 1710 1303 1749 ad
1328 1711 1405 1749 Go-

854 1761 941 1801 thos
954 1763 1109 1803 iturum.
1125 1764 1209 1803 ibid.
1239 1776 1285 1802 ex
1306 1777 1406 1815 pros,

854 1815 906 1856 lio
943 1817 1314 1867 Hadrianopolitano
1348 1818 1405 1858 ef.

855 1870 966 1920 fugit.
998 1884 1040 1923 31
1057 1903 1071 1919 ,
1091 1884 1148 1923 ¹3·

802 1926 956 1964 Romani
997 1925 1154 1964 Senatus
1194 1925 1406 1976 populique

855 1978 956 2017 vitia.
975 1993 1019 2027 ¹4
1030 2011 1042 2026 ‚
1056 1980 1091 2018 6.
1106 1979 1317 2019 nobilitatis
1332 1981 1405 2019 Ro-

855 2045 976 2071 manae
1008 2035 1112 2073 vitia.
1153 2033 1222 2081 28,
1250 2049 1286 2082 4.
1323 2034 1406 2084 ple-2

856 2086 914 2125 bis
952 2087 1137 2126 Romanae
1173 2087 1273 2126 vitia.
1315 2090 1402 2127 ibid,

854 2140 1021 2180 Romani
1047 2140 1223 2191 Episcopi
1237 2141 1405 2192 ditantur

855 2194 1112 2234 oblationibus
1129 2204 1401 2251 matronarum,

855 2263 926 2298 27,
957 2261 987 2300 3.
1027 2262 1159 2288 eorum
1191 2251 1402 2298 proceden-

853 2305 950 2341 tium
983 2304 1024 2342 in
1053 2302 1237 2341 vehiculis
1273 2302 1402 2350 senio„

853 2357 1133 2407 circumspeetae
1154 2357 1294 2404 vestes,
1313 2370 1404 2406 epu-

852 2409 897 2501 kl?
913 2411 1074 2459 profusae
1085 2422 1129 2451 ac
1142 2410 1407 2462 imperatorne:

853 2465 864 2500 ι’
891 2466 937 2503 id,
