1626 2917
249 211 467 266 RERUM
498 209 838 258 GESTARUM
873 212 978 260 LlB.
1016 212 1181 264 xxm
1264 233 1350 281 353

76 333 192 382 quos
226 319 438 372 Zacram,
464 317 514 363 &
545 315 770 362 Orontem
788 350 803 374 ,
833 316 882 364 &
910 316 1137 377 Jasonium
1174 331 1360 367 vocant.

74 390 254 439 Coroni
272 405 485 454 quoque,
506 388 673 435 montis
697 388 889 436 altiffimi
916 401 1083 451 partem
1110 391 1359 442 habitant-es

77 465 340 521 occiduam,
369 461 667 509 frumentariis
704 461 817 525 agris
848 462 1033 509 affluunt
1069 463 1119 511 &
1146 464 1357 524 vinariis,

76 536 238 602 pingui¹
253 535 546 583 foecunditate
568 533 785 591 laetiffimi,
800 534 849 581 &
867 533 1122 581 fluminibus
1142 535 1360 585 fontium-

78 625 168 673 que
197 606 323 657 venis
353 605 530 669 liquidis
558 605 821 668 locupletes.
856 606 965 652 Sunt
990 609 1107 669 apud
1135 623 1213 655 eos
1236 623 1359 672 prata

77 679 297 740 virentia,
312 679 450 726 foetus
467 695 682 742 equarum
701 678 923 726 nobilium
938 714 952 737 ,
972 680 1132 743 quibus
1157 681 1231 744 (ut
1250 682 1359 732 scri-

79 766 232 817 ptores
248 750 426 816 antiqui
443 750 635 809 docent,
656 767 741 797 nos
757 767 940 814 quoque
959 751 1152 799 vidimus
1166 752 1187 817 )
1203 753 1361 804 ineun-

79 837 146 872 tes
174 824 334 887 proelia
359 822 449 872 viri
479 822 649 869 summa
676 822 726 869 vi
751 823 854 870 vehi
886 823 1148 872 exsultantes
1182 826 1325 874 solent
1342 863 1358 886 ,

79 915 197 962 quos
213 890 397 945 Nesaeos
416 897 652 960 appellant.
673 897 916 944 Abundant
935 913 1060 961 aeque
1071 899 1329 951 civitatibus
1342 943 1359 966 ‚
1409 946 1412 949 Δ

80 971 245 1034 quibus
272 970 449 1027 Media,
475 972 525 1017 &
557 970 671 1018 vicis
700 972 748 1017 in
775 973 961 1019 modurn
983 974 1253 1036 oppidorum
1278 994 1360 1023 ex·-

81 1044 252 1092 struffls
269 1079 282 1103 ‚
305 1045 354 1092 &
373 1042 657 1090 multitudine
678 1043 946 1093 incolarum.
973 1049 1124 1110 thue
1158 1050 1359 1098 absolute

83 1120 279 1172 dicatur,
304 1116 578 1164 uberrimum
603 1115 662 1163 est
687 1117 988 1166 habitaculum
1009 1137 1175 1183 regum.
1208 1126 1255 1168 ln
1290 1125 1359 1171 his

82 1191 289 1250 tractibus
306 1205 537 1254 magorum
558 1188 653 1252 agri
672 1188 772 1237 sunt
792 1190 957 1239 fertiles
979 1209 989 1238 :
1017 1193 1142 1255 super
1164 1212 1360 1259 quorum

82 1265 194 1313 seila
227 1262 465 1326 studiisque
487 1298 502 1321 ‚
529 1262 746 1325 quoniam
784 1264 873 1312 huc
910 1265 1147 1314 incidimus
1169 1303 1184 1325 ‚
1219 1286 1362 1331 pauca

83 1334 333 1386 conveniet
355 1333 572 1398 expediri.
605 1334 799 1397 Magiam
830 1336 1101 1398 opinionum
1122 1339 1360 1404 insignium

84 1413 243 1461 auftor
269 1409 555 1473 ampliffimus
576 1408 702 1456 Plato
721 1444 734 1466 ‚
764 1409 1086 1474 Machagistiam
1108 1412 1191 1458 effe
1216 1414 1362 1461 verbo

84 1484 282 1550 mystico
312 1483 475 1539 docet,
502 1481 766 1529 divinorum
800 1482 1229 1544 incorruptiffimum
1262 1486 1361 1532 cul-

85 1572 213 1617 tum,
235 1555 358 1618 cujus
386 1554 581 1603 scientiae
613 1553 769 1602 seculis
804 1554 956 1617 priscis
981 1554 1119 1602 multa
1146 1574 1202 1603 ex
1226 1558 1363 1606 Chal·

86 1632 290 1678 daeorum
339 1628 511 1676 arcanis
555 1627 806 1674 Bactrianus
854 1627 1021 1674 addidit
1060 1629 1319 1678 Zoroastres
1347 1650 1361 1680 ε

88 1702 250 1751 deinde
280 1698 520 1765 Hystaspes
545 1716 624 1746 rex
657 1700 1018 1762 prudentissimus
1035 1737 1049 1758 ,
1070 1702 1201 1749 Darii
1222 1716 1362 1766 pater.

88 1775 186 1836 Qui
213 1791 315 1823 cum
343 1772 584 1836 superioris
616 1773 751 1819 Indiae
789 1772 951 1821 secreta
982 1772 1190 1822 fidentius
1221 1794 1360 1838 pene-

87 1858 224 1895 traret
241 1882 258 1904 ,
282 1846 338 1892 ad
361 1844 644 1892 nemorosam
681 1845 901 1906 quandam
938 1861 1122 1894 venerat
1154 1848 1361 1897 solitudi-

90 1935 227 1977 nem,
258 1916 383 1980 cujus
401 1916 652 1979 tranquillis
678 1917 859 1964 filentiis
884 1919 1090 1981 praecelsa
1118 1922 1362 1970 Brachma-

93 2008 259 2039 norum
294 1990 472 2055 ingenia
496 1990 764 2054 potiuntur:
803 2009 1050 2056 eorumque
1082 1996 1260 2042 monitu
1293 2014 1364 2044 ra-

94 2064 240 2111 tiones
265 2063 479 2111 mundani
502 2079 654 2111 motus
673 2066 724 2112 &
746 2064 954 2123 fiderum,
975 2065 1200 2130 purosque
1219 2067 1367 2116 sacro-

95 2153 196 2183 rum
225 2137 358 2196 ritus,
384 2150 606 2200 quantum
629 2138 840 2202 colligere
871 2139 1042 2200 potuit,
1071 2140 1290 2199 eruditus,
1308 2158 1366 2189 ex

96 2210 169 2258 his
186 2227 314 2273 ,quae
339 2211 497 2258 didicit
513 2248 528 2270 ,
548 2213 695 2276 aliqua
711 2213 899 2259 sensibus
921 2229 1153 2276 magorum
1172 2214 1364 2263 infudit:

96 2297 198 2343 quae
225 2281 289 2328 illi
317 2299 421 2330 cum
449 2284 693 2348 disciplinis
726 2285 1036 2347 praesentiendi
1068 2286 1216 2335 futura
1237 2324 1253 2346 ,
1286 2306 1366 2351 per

99 2352 218 2402 suam
260 2355 445 2418 quisque
483 2358 742 2420 progeniem
769 2394 783 2413 ‚
829 2358 1013 2419 posteris
1047 2360 1246 2405 aetatibus
1282 2373 1369 2406 tra-

99 2426 227 2472 dunt.
249 2429 317 2472 Ex
343 2443 400 2474 eo
429 2445 509 2490 per
541 2429 685 2476 secula
721 2429 858 2474 multa
891 2430 943 2474 ad
973 2431 1161 2491 praesens
1182 2447 1269 2476 una
1292 2449 1368 2477 ea-

102 2497 294 2561 demque
322 2500 523 2561 prosapia
543 2502 783 2547 multitudo
806 2518 979 2562 creata,
1007 2503 1215 2550 Deorum
1237 2504 1367 2551 culti·

166 2576 385 2645 Ammiarr.
410 2577 645 2624 Marcellin.
676 2581 721 2622 V
718 2579 772 2622 ol.
792 2579 829 2623 I.
1136 2576 1172 2620 Z
