1626 2917
324 201 543 250 RERUM
577 201 918 249 GESTARUM
952 203 1058 251 ΠΒ.
1094 203 1265 253 XXIII.
1346 207 1437 270 365

159 309 232 357 sed
251 306 457 369 majores.
481 306 620 371 quue
642 307 858 356 indicium
877 309 960 367 est,
977 310 1166 372 aetherea
1192 310 1341 374 potius
1361 314 1441 361 de-

156 381 386 430 rivatione
401 418 418 440 ,
443 397 578 445 quam
612 380 771 445 saginis
805 383 950 447 pelagi
984 384 1067 431 hos
1098 385 1207 433 oriri
1230 385 1367 434 foetus
1387 389 1441 436 &

158 453 308 502 vesci:
329 454 455 518 quod
474 466 610 518 guttae
632 453 837 501 matutini
861 455 976 503 roris
1006 457 1154 505 iisdem
1176 459 1330 507 i'nfusae
1345 460 1441 509 cla-

158 543 236 574 ros
269 527 471 574 efficiunt
515 526 694 590 lapillos
729 528 779 574 &
816 539 977 576 teretes
1009 547 1020 577 :
1066 531 1287 595 vesperini
1324 551 1441 582 vero

156 599 386 648 flexuosos
407 614 582 659 contra,
598 601 647 648 &
666 601 844 659 rutilos,
864 604 912 650 ὅ(
929 604 1184 652 maculosos
1203 605 1441 657 interdum.

156 674 347 722 Minima
381 687 529 720 autem
562 673 638 720 vel
669 690 830 738 magna
857 691 942 738 pro
965 677 1175 739 qualitate
1204 680 1440 730 haustuum

157 746 404 811 figurantur
434 747 603 794 cafibus
626 747 824 796 variatis.
863 749 1100 797 Concuffae
1123 769 1234 800 vero
1257 754 1440 817 saepiffi—

157 839 230 869 me
247 835 368 869 metu
391 821 616 884 fulgurum
646 821 928 880 inanescunt,
956 839 1030 870 aut
1053 825 1215 872 debilia
1236 829 1439 890 pariunt,

157 906 236 942 aut
269 907 388 942 certe
411 895 535 942 vitiis
564 891 770 942 diffluunt
791 895 1025 943 abortivis.
1046 898 1260 961 Capturas
1288 914 1439 950 autem

157 968 361 1015 difficiles
389 969 439 1016 &
457 966 726 1030 periculosas
744 1002 757 1023 ‚
778 969 826 1014 ὃ(
845 968 1160 1029 amplitudines
1186 972 1439 1033 pretiorum

156 1040 233 1087 illa
263 1040 399 1088 efficit
427 1040 541 1087 ratio
561 1076 574 1099 ‚
601 1040 726 1102 quod
754 1038 1019 1102 frequentari
1043 1041 1160 1089 sueta
1179 1044 1310 1093 litora
1330 1063 1436 1109 pro·

155 1125 255 1178 pter
300 1112 514 1176 piscantiu
612 1111 786 1159 infidias
823 1112 1094 1161 declinantes
1113 1150 1125 1169 ‚
1161 1128 1210 1163 ut
1249 1111 1433 1180 quidam

156 1185 436 1247 conjiciunt,
466 1185 531 1233 cir
616 1182 775 1231 devios
812 1182 1057 1248 scopulos,
1077 1188 1128 1236 &
1157 1188 1437 1238 marinorum

154 1276 316 1308 canum
342 1256 622 1321 receptacula
641 1256 917 1306 delitescunt.
934 1259 1076 1319 Quod
1092 1277 1230 1325 genus
1251 1279 1438 1326 gemmae

156 1332 290 1379 etiam
321 1332 368 1378 in
403 1329 649 1379 Britannici
673 1328 904 1377 seceffibus
933 1331 1064 1378 maris
1086 1333 1208 1398 gigni
1227 1335 1403 1400 legique
1419 1371 1435 1396 ,

156 1403 262 1453 licet
285 1403 499 1469 dignitate
528 1400 720 1467 dispari,
744 1419 841 1450 non
868 1401 1142 1467 ignoramus.

489 1621 1107 1650 “w—-
