1626 2917
217 135 311 183 290
428 122 770 169 AMMIANI
817 123 1296 173 MARCELLINI

213 228 436 275 renitente
465 228 721 291 pergebant.
750 228 923 275 Obsessi
953 245 1067 276 vero
1094 231 1213 292 apud
1244 231 1505 281 Hadriano-⁴

210 305 354 368 polim
370 339 381 359 ‚
411 303 510 366 post
532 319 690 350 eorum
721 304 917 362 abitum,
945 321 1045 351 cum
1071 321 1231 352 vacare
1250 306 1375 353 hoste
1398 308 1502 354 loca

207 376 421 440 proxima
449 387 693 439 compertae
726 373 829 421 fidei
859 376 1130 422 nuntiassent
1155 377 1467 439 exploratores
1486 395 1501 426 ε

205 447 363 512 egresli
395 447 540 494 media
561 448 694 494 ηοξὶε
714 483 726 505 ,
747 447 901 494 vitatis
930 448 1162 512 aggeribus
1188 447 1402 511 publicis,
1421 465 1502 514 per

205 521 451 570 nemorosa
479 524 528 570 &
553 522 686 568 devia
715 538 813 581 pars
838 522 1219 586 Philippopolim,
1244 522 1498 588 exindeque

203 596 460 651 Serdicam,
498 595 572 641 alii
610 594 665 640 ad
703 594 1052 651 Macedoniam,
1085 611 1186 641 cum
1223 594 1498 643 intemeratis

204 669 397 732 opibus,
420 686 530 732 quas
552 668 815 736 habebam,-
832 669 960 716 omni
988 667 1135 716 studio
1167 669 1222 715 ad
1250 685 1498 733 properan-

202 743 311 790 dum
334 743 598 807 excogitato
625 743 890 801 currebant,
917 744 1042 790 velut
1060 743 1107 789 in
1127 742 1390 806 regionibus
1409 744 1498 792 illis

201 817 471 881 reperiendo
503 817 694 864 Valente
723 834 733 863 ε
766 833 899 881 quem
933 816 1048 863 inter
1078 817 1250 863 medios
1286 817 1496 864 certami-

199 905 311 937 num
327 890 527 937 turbines
549 889 810 952 oppetiisse,
827 889 901 936 vel
923 901 1041 936 certe
1061 888 1114 935 ad
1132 888 1359 952 tugurium
1380 906 1498 937 con-

199 963 358 1028 fugisse
382 963 491 1028 (ubi
512 964 785 1012 existimatus
809 964 870 1011 est
901 963 950 1011 vi
976 963 1148 1026 periisse
1174 962 1491 1028 flammarum)

195 1038 380 1102 penitus
419 1038 700 1101 ignorabant.
748 1037 807 1083 At
848 1036 992 1084 Gothi
1031 1036 1212 1084 Hunnis
1247 1036 1492 1101 Alanisque

193 1109 411 1174 permixti
442 1109 634 1156 nimium
667 1109 890 1156 bellicosis
925 1111 973 1156 &
1001 1108 1227 1166 fortibus,
1246 1125 1490 1173 rerumque

194 1183 444 1246 asperarum
465 1183 798 1229 difficultatibus
821 1182 1038 1229 induratis
1052 1218 1064 1237 ‚
1086 1197 1202 1245 quos
1227 1181 1348 1228 miris
1369 1199 1490 1245 prae-

193 1256 394 1303 miorum
425 1254 647 1301 illecebris
677 1254 755 1300 fibi
774 1254 965 1300 sociarat
995 1253 1190 1299 sollertia
1220 1253 1489 1317 Fritigerni:

191 1327 296 1375 fixis
318 1327 446 1390 juxta
468 1327 726 1374 Perinthum
761 1324 934 1382 castris,
955 1324 1089 1388 ipsam
1120 1325 1300 1389 quidem
1328 1327 1488 1375 urbem

192 1401 390 1450 cladium
419 1415 642 1447 memores
668 1397 950 1461 pristinarum
987 1414 1070 1445 nec
1103 1397 1248 1452 adire,
1277 1414 1359 1444 nec
1388 1410 1487 1444 ten·

190 1490 287 1523 tare
321 1474 420 1521 sunt
444 1473 532 1520 ausi
554 1491 564 1520 :
597 1488 728 1536 agros
752 1488 865 1518 vero
886 1469 1054 1518 fertiles
1087 1469 1173 1517 late
1201 1469 1414 1518 distentos
1434 1474 1487 1521 δε

188 1548 351 1611 longe,
380 1547 435 1594 ad
460 1558 707 1592 extremam
746 1543 978 1591 vastavere
1008 1542 1261 1606 penuriam,
1295 1543 1484 1590 cultori-

188 1621 273 1669 bus
306 1620 426 1668 caesis
451 1631 525 1667 aut
555 1617 708 1681 captis.
741 1617 874 1665 Unde
904 1615 1380 1677 Constantinopolim,
1403 1633 1486 1664 co·
1558 1679 1562 1682 .

186 1695 364 1759 piarum
389 1693 580 1742 cumulis
604 1691 825 1739 inhiantes
852 1689 1152 1754 amplissimis,
1181 1687 1348 1737 formas
1368 1707 1482 1753 qua-

187 1769 424 1817 dratorum
455 1767 680 1831 agminum
708 1764 965 1812 insidiarum
994 1776 1117 1812 metu
1143 1764 1394 1822 servantes,
1415 1765 1509 1814 ire'

185 1844 317 1893 ocius
354 1842 645 1900 festinabant,
674 1840 816 1887 multa
850 1840 898 1886 in
933 1839 1119 1887 exitium
1150 1838 1273 1886 urbis
1307 1839 1477 1887 inclitae

186 1916 409 1964 molituri.
441 1917 575 1976 Quos
605 1910 846 1959 inferentes
878 1911 963 1958 sese
996 1912 1269 1968 immodice,
1300 1911 1477 1960 obices-

184 2007 273 2055 que
314 2003 545 2053 portarum
584 2003 712 2050 paene
746 1985 999 2050 pulsantes,
1033 1985 1123 2033 hoc
1161 1985 1263 2033 casu
1296 1985 1477 2034 coeleste

183 2064 353 2126 repulit
372 2079 551 2108 numen.
570 2061 892 2107 Saracenorum
912 2077 1080 2107 cuneus
1099 2059 1260 2124 (super
1277 2076 1474 2123 quorum

185 2137 362 2201 origine
381 2133 672 2197 moribusque
700 2133 884 2180 diversis
910 2133 955 2179 in
981 2134 1092 2180 locis
1116 2132 1348 2179 retulimus
1370 2133 1471 2196 plu-

181 2211 268 2274 ra)
291 2210 344 2256 ad
368 2209 532 2257 sortem
559 2207 699 2271 magis
718 2206 1119 2269 expeditionalium
1142 2222 1286 2252 rerum
1302 2241 1314 2262 ‚
1335 2223 1468 2269 quam

179 2280 238 2327 ad
266 2279 626 2327 concursatorias
657 2278 815 2325 habilis
848 2293 1039 2341 pugnas,
1067 2293 1219 2324 recens
1252 2277 1359 2324 illuc
1392 2294 1470 2325 ac-

181 2354 394 2414 cersitus,
427 2345 736 2416 congressurus
777 2351 1071 2400 barbarorum
1104 2351 1244 2415 globo
1284 2361 1467 2415 repente
