1626 2917
250 234 339 266 212
442 216 781 264 AMMIANI
830 217 1315 267 MARCELLINI

250 325 338 373 diei
362 335 484 387 parte
504 322 678 369 emensa
706 322 897 386 egressus
920 324 1141 371 cuneatim
1168 326 1436 389 properabat
1454 326 1528 373 in-

247 398 459 460 trepidus.
492 396 702 459 Cumque
728 412 828 441 eum
850 396 1102 458 provinciae
1132 399 1413 457 moderator,
1445 417 1527 462 ap-

247 472 479 537 paritoris,
496 471 574 534 qui
597 484 772 533 portam
791 471 1014 529 tuebatur,
1035 472 1295 534 imperatus,
1317 473 1524 521 festinato

245 547 391 595 studio
406 546 629 608 reperisset
643 546 688 592 in
705 545 965 592 suburbanis
979 581 991 602 ,
1010 557 1057 591 ut
1075 560 1347 606 remaneret,
1365 548 1526 595 enisius

246 620 506 668 obsecrabat
525 637 535 665 :
556 621 603 665 &
626 636 779 681 parum
801 618 891 666 hoc
921 618 1159 681 impetrato
1175 655 1188 676 ‚
1206 621 1364 667 mortis
1389 638 1524 667 aver-

245 695 316 743 sus
341 693 401 739 est
421 705 555 738 metu.
587 692 682 754 Nec
703 691 850 737 minus
871 691 1005 753 paulo
1033 692 1184 753 postea
1206 692 1428 756 legionem
1457 693 1524 740 se-

243 779 394 815 cutam
417 764 594 827 jamque
614 765 927 810 adventantem
945 800 959 823 ,
981 763 1070 826 ipse
1100 781 1199 810 cum
1224 765 1525 827 promtiffimis

243 839 461 888 retrorsus
487 854 728 885 excurrens
743 873 756 894 ,
779 837 1056 901 fundensque
1076 837 1122 883 in
1145 838 1330 884 modum
1351 838 1523 884 scintil-

241 914 384 960 larum
411 911 610 975 sagittas,
641 909 714 955 sed
743 910 980 956 voluntate
1008 927 1175 964 errans,
1204 911 1264 957 ita
1295 911 1339 958 in
1373 911 1524 976 fugam

241 982 496 1045 compulit,
515 994 563 1027 ut
586 998 686 1028 cum
705 980 889 1027 tribuno
912 980 1068 1027 milites
1090 980 1283 1028 universi
1301 992 1524 1043 perterre—

239 1055 359 1113 faffi,
376 1054 597 1111 vividius,
618 1070 750 1115 quam
763 1065 1000 1111 venerant,
1016 1066 1263 1100 remearent
1281 1053 1334 1099 ad
1352 1070 1523 1101 muros„

240 1129 358 1177 Exin
391 1127 562 1174 solutus
594 1125 722 1171 omni
756 1124 1027 1182 formidine,
1061 1126 1198 1172 biduo
1232 1127 1282 1173 &
1317 1126 1520 1172 binoffio

238 1199 476 1249 exantlatis
501 1198 711 1244 itinerum
742 1197 970 1244 laboribus
999 1197 1194 1260 magnis,
1225 1215 1324 1244 cum
1356 1199 1410 1244 ad
1436 1198 1520 1246 ssu-

240 1292 345 1322 men
368 1271 554 1319 venisset
580 1270 862 1332 Euphraten,
885 1271 935 1318 &
954 1270 1107 1332 inopia
1129 1269 1311 1316 navium
1333 1271 1519 1334 voragi-

240 1345 401 1392 nosum
429 1358 606 1389 amnem
632 1342 751 1388 vado
771 1341 951 1387 transire
972 1357 1067 1386 non
1089 1341 1259 1403 posset,
1278 1343 1410 1389 nandi
1432 1343 1518 1389 ini—

239 1418 475 1484 prudentia
498 1415 765 1478 paventibus
786 1414 960 1472 multis,
977 1413 1066 1476 ipse
1095 1414 1298 1461 omniurn
1326 1415 1515 1464 maxime

236 1491 555 1540 cunstabatur:
577 1490 624 1536 &
644 1486 930 1545 remansisset,
952 1487 997 1533 ni
1017 1523 1030 1544 ,
1051 1486 1218 1534 cumitis
1238 1487 1516 1536 versantibus

237 1562 391 1620 varia,
409 1561 454 1608 id
473 1559 667 1621 reperire
697 1557 905 1620 potuiffet
931 1557 1142 1621 effugium
1177 1557 1223 1604 in
1251 1559 1516 1607 neceflitatis

235 1639 429 1699 abrupto
450 1631 721 1680 tutiffimum.
740 1632 947 1679 Leffiilos
966 1632 1011 1678 in
1035 1631 1156 1679 villis
1177 1646 1377 1695 repertos
1398 1634 1514 1682 binis

235 1710 411 1757 utribus
438 1706 736 1764 suffulserunt,
767 1722 963 1769 quorum
989 1718 1082 1753 erat
1114 1706 1341 1753 abundans
1370 1724 1514 1770 prope

235 1784 284 1832 in
310 1783 424 1847 agris
452 1780 636 1828 vinariis
658 1780 816 1842 copia:
839 1781 1000 1843 quibus
1022 1781 1199 1844 singulis
1219 1797 1424 1843 proceres
1446 1782 1516 1828 in-

234 1857 421 1904 sidentes
442 1855 492 1901 &
520 1853 696 1918 regulus
716 1853 830 1914 ipse,
854 1851 1053 1912 jumenta
1073 1853 1295 1900 trahentes
1311 1888 1323 1910 ,
1347 1871 1514 1916 praeru-

233 1943 338 1993 ptos
361 1927 580 1974 undarum
601 1924 928 1972 occursantium
948 1924 1107 1980 fluftus
1129 1924 1370 1987 obliquatis
1389 1943 1511 1972 mea-

230 2002 351 2049 tibus
385 1999 705 2046 declinabant:
735 1998 914 2061 hocque
947 2010 1208 2045 commento
1246 1998 1421 2044 tandem
1454 1999 1510 2045 ad

233 2074 498 2122 ulteriorem
529 2072 670 2134 ripam
701 2070 799 2133 post
834 2082 1032 2117 extrema
1059 2069 1310 2116 discrimina
1345 2085 1508 2132 perve-

227 2158 409 2194 nerunt.
435 2144 613 2191 Residui
637 2160 818 2201 omnes,
836 2143 961 2206 equis
980 2142 1146 2188 invecti
1166 2142 1440 2202 natantibus,
1456 2144 1507 2191 δε

233 2219 555 2267 circumluente
583 2215 766 2263 flumine
804 2215 915 2277 saepe
941 2214 1121 2261 demersi
1150 2212 1405 2278 jafiatique,
1437 2215 1506 2261 in-

231 2292 395 2340 firmati
417 2291 670 2354 periculoso
685 2290 866 2336 madore
883 2288 1168 2351 expelluntur
1184 2288 1238 2333 ad
1257 2289 1504 2336 contrarias

231 2364 484 2428 margines:
515 2364 591 2409 ubi
621 2361 838 2425 paulisper
870 2360 1043 2413 refeffi,
1071 2359 1341 2422 expeditius,
1369 2377 1504 2423 quam

233 2438 386 2483 (liebus
412 2437 661 2498 praeteritis,
682 2435 959 2482 incedebant.
987 2434 1089 2480 Hoc
1114 2432 1345 2486 nuntiato,
1373 2433 1503 2478 Prin-

228 2524 333 2574 ceps
370 2508 578 2557 antediffi
622 2508 723 2573 fuga
757 2507 1008 2573 perculsus,
1049 2523 1181 2572 quem
1221 2506 1500 2572 elaqueatum
