1626 2917
205 250 300 297 260
414 245 750 292 AMMIANI
797 245 1277 294 MARCELLINI

203 353 380 403 vincias
401 350 647 399 tirociniis:
666 349 901 415 omnisque
918 352 1035 399 ordo
1055 353 1105 400 δι
1124 352 1336 416 profeffio
1355 370 1486 402 vexa·

203 430 362 485 batur,
382 425 548 472 vestem
578 440 788 487 armaque
812 425 1031 471 exhibens
1056 428 1105 473 &
1124 439 1346 474 tormenta
1368 464 1380 483 ‚
1401 445 1486 474 au-

202 518 301 547 rum
320 497 431 562 quin
458 497 588 543 etiam
613 498 663 545 &
685 510 915 560 argentum
931 533 944 554 ,
966 498 1310 563 multiplicisque
1337 500 1401 546 rei
1419 499 1487 546 ci-

202 573 337 622 bariae
359 570 514 633 copias
537 606 551 629 ‚
587 572 637 617 &
671 569 848 616 diversa
881 586 1043 634 genera
1077 569 1396 632 jumentorum.
1432 574 1488 619 Et

201 647 311 711 quia
340 643 563 691 Persarum
586 659 690 706 rege
707 644 770 689 ob
790 643 1097 690 difficultatem
1116 645 1291 691 hiberni
1310 657 1485 708 tempo-

198 721 262 768 ris
285 735 399 782 aegre
420 716 638 764 contruso
661 752 675 774 ‚
710 716 898 763 reserata
921 717 1030 763 coeli
1051 718 1266 780 temperie
1289 719 1484 765 validior

198 793 393 856 impetus
420 790 685 845 timebatur,
712 790 767 836 ad
784 789 1166 854 Transtigritanos
1190 807 1311 853 reges
1339 793 1389 840 δι
1418 791 1484 838 sa-

199 877 348 926 trapas
373 863 503 925 legati
529 879 629 909 curn
649 861 906 907 muneribus
929 861 1041 906 miffi
1063 859 1161 906 sunt
1177 861 1333 923 amplis
1350 897 1364 919 ,
1381 878 1483 908 mo-

198 936 340 984 nituri
370 934 554 982 ςιιηᾶος
579 935 627 980 &
659 933 881 978 hortaturi
903 931 1051 978 nostra
1076 931 1234 978 sentire
1254 968 1269 989 ,
1300 933 1350 979 &
1370 932 1483 978 nihil

197 1010 333 1057 fallax
354 1019 524 1054 tentare
546 1005 622 1052 vel
651 1005 996 1051 fraudulentum.
1017 1007 1133 1051 Ante
1154 1004 1305 1051 omnia
1332 1017 1483 1051 tamen

196 1084 381 1133 Arsaces
402 1084 449 1129 &
475 1082 725 1128 Meribanes
739 1116 752 1137 ‚
772 1080 994 1127 Armeniae
1027 1083 1076 1127 δι
1108 1080 1306 1127 Hiberiae
1324 1098 1448 1144 reges
1465 1118 1480 1140 ‚

197 1160 323 1206 cultu
363 1153 602 1203 ambitioso
641 1154 1008 1199 indumentorum
1054 1154 1392 1200 emercabantur
1430 1156 1481 1201 &

195 1228 551 1279 muitiforrnibus
570 1227 700 1272 donis
716 1261 727 1283 ‚
749 1226 908 1271 damna
929 1226 1121 1288 negotiis
1139 1227 1356 1273 Romanis
1377 1227 1480 1273 illa-

195 1305 286 1353 turi
300 1341 312 1361 ,
330 1303 362 1349 fi
380 1303 510 1349 rebus
528 1312 622 1345 tum
639 1303 770 1345 etiam
787 1298 931 1345 dubiis
947 1297 1229 1345 descivissent
1246 1301 1300 1346 ad
1314 1301 1477 1349 Persas.

196 1383 318 1427 Inter
335 1388 405 1422 tot
429 1370 630 1437 urgentia
649 1373 933 1434 Hermogene
953 1370 1165 1418 defun&o
1183 1408 1198 1430 ,
1228 1363 1284 1419 ad
1316 1374 1476 1437 praefe-

195 1454 364 1500 &uram
389 1459 691 1512 promovetur
711 1445 945 1507 Helpidius
961 1482 975 1501 ‚
995 1446 1128 1492 ‘ortus
1147 1446 1194 1492 in
1223 1449 1477 1513 Paphlago-

193 1527 271 1573 nia
290 1561 302 1583 ,
333 1523 507 1585 aspectu
546 1518 651 1566 vilis
687 1520 737 1566 ὃ(
761 1518 910 1582 lingua
925 1554 939 1576 ‚
960 1518 1032 1564 sed
1052 1518 1335 1582 simplicioris
1354 1522 1477 1586 inge-

194 1598 258 1645 nii
273 1633 286 1654 ‚
312 1596 568 1642 incruentus
591 1593 640 1639 &
663 1591 803 1637 mitis:
828 1590 941 1636 adeo
963 1602 1012 1636 ut
1033 1607 1136 1637 cum
1159 1591 1200 1637 ei
1230 1608 1384 1640 coram
1401 1595 1475 1640 in-

195 1681 441 1718 nocentem
472 1666 696 1730 quendam
740 1677 951 1728 torquere
984 1665 1273 1713 Constantius
1304 1685 1477 1730 praece-

193 1743 347 1808 piffet‚
365 1757 496 1805 aequo
516 1739 669 1787 animo
689 1738 898 1803 abrogari
917 1737 997 1789 fibi
1016 1739 1278 1801 potestatem
1303 1757 1476 1801 oraret,

195 1818 382 1878 haecque
407 1812 664 1876 potioribus
682 1810 778 1858 aliis
796 1827 851 1858 ex
870 1809 1084 1858 sententia
1105 1812 1323 1876 Principis
1340 1831 1474 1879 agen-

197 1891 251 1936 da
273 1885 486 1948 permitti.

260 1963 354 2007 VII.
373 1959 539 2023 Rigore
560 1957 706 2021 itaque
727 1955 977 2002 instantium
998 1954 1284 2019 negotiorum
1308 1975 1472 2023 anceps

193 2033 489 2083 Constantius
504 2068 516 2089 ‚
536 2031 644 2095 quid
664 2030 900 2093 capesseret
917 2066 929 2085 ‚
953 2029 1203 2092 ambigebat
1219 2066 1234 2088 ‚
1253 2031 1330 2078 diu
1351 2034 1471 2080 mul-

193 2122 381 2170 tumque
398 2105 556 2151 anxius
574 2139 587 2160 ,
615 2114 761 2150 utrum
787 2101 1006 2149 Julianum
1027 2113 1196 2163 peteret
1215 2104 1264 2150 &
1286 2103 1470 2169 longin-

189 2199 282 2246 qua
295 2217 307 2238 ,
324 2197 377 2226 an
400 2179 583 2225 Parthos
603 2176 835 2239 repelleret
851 2175 935 2238 jam
954 2175 1215 2222 tranfituros
1228 2213 1242 2234 ,
1261 2191 1311 2224 ut
1328 2181 1470 2227 mina-

191 2257 357 2305 bantur
378 2288 392 2309 ,
418 2252 687 2314 Euphratem
710 2267 720 2296 :
744 2248 1002 2312 haerensque
1019 2285 1031 2306 ‚
1062 2250 1239 2296 tandem
1261 2267 1362 2298 cum
1383 2253 1469 2299 du-

191 2328 321 2377 cibus
350 2324 687 2371 cominunicato
711 2321 823 2384 saepe
843 2321 1033 2368 consilio
1056 2320 1101 2366 in
1131 2321 1176 2367 id
1198 2322 1341 2370 flexus
1373 2325 1462 2383 est,

189 2414 242 2450 ut
272 2400 404 2447 finito
436 2397 651 2461 propiore
682 2397 803 2443 bello
822 2431 834 2453 ,
859 2395 935 2442 vel
962 2411 1080 2442 certe
1105 2398 1312 2455 mollito,
1337 2398 1466 2446 nullo

191 2474 292 2540 post
313 2486 432 2535 terga
453 2471 621 2525 relicto,
642 2487 774 2532 quem
796 2468 1072 2526 formidaret,
1098 2469 1263 2533 Illyriis
1286 2487 1466 2532 percur-

192 2548 248 2598 fis
265 2548 314 2596 δε
334 2545 454 2594 Italia
473 2579 488 2605 ,
509 2556 557 2590 ut
577 2543 774 2603 rebatur,
796 2542 1016 2590 Iulianum
1033 2541 1149 2589 inter
1167 2543 1352 2590 exordia
1372 2542 1463 2607 ipsa
