1626 2917
341 211 560 258 RERUM
592 209 931 258 GESTARUM
963 208 1067 254 ΠΒ,
1101 206 1214 253 ΧΧ,
1322 221 1417 269 229

141 317 319 366 ultimas
344 317 443 366 sunt
472 317 695 381 asportati.
725 317 999 370 Tuebantur
1024 325 1168 362 autem
1193 314 1310 360 hanc
1346 313 1415 360 ci-

139 391 324 436 vitatem
369 389 568 454 legiones
614 389 713 436 duae
735 425 750 447 ,
783 389 927 451 prima
966 386 1116 436 Flavia
1138 422 1152 445 ‚
1180 385 1422 448 primaque·

139 461 372 521 Parthica,
398 464 447 511 ὅ(
484 462 705 525 indigenae
739 461 917 523 plures,
947 475 1048 506 cum
1082 457 1249 505 auxilio
1285 455 1416 519 equi-

137 546 233 582 tum
253 534 379 583 illico
409 534 472 582 ob
493 533 776 597 repentinum
796 532 962 579 malum
991 530 1265 578 inclusorum
1289 545 1300 575 :
1334 526 1415 591 qui

139 623 299 654 omnes
317 643 331 667 ,
351 620 401 654 ut
425 607 543 664 dixi,
565 605 730 653 vinclis
747 604 949 651 manibus
970 602 1240 650 ducebantur
1254 635 1268 660 ‚
1287 599 1417 647 nullo

137 679 324 743 juvante
348 681 624 728 nostrorum.
643 678 816 727 Nifibin
837 677 956 724 enim
976 676 1051 723 sub
1073 675 1264 739 pellibus
1283 688 1417 738 agens

137 771 239 817 pars
271 754 418 816 major
446 754 666 801 exercitus
705 751 980 800 custodiebat
1000 785 1012 808 ,
1035 748 1280 796 intervallo
1314 763 1417 809 per-

137 843 271 888 quam
299 826 439 890 longo
469 824 728 872 discretam:
752 821 959 884 alioquin
992 837 1221 883 nunquam
1249 818 1417 866 labenti

140 899 333 962 Singarae
351 897 428 944 vel
445 896 723 960 temporibus
742 893 893 957 priscis
916 893 1144 957 quisquam
1164 891 1277 939 ferre
1293 892 1418 939 auxi-

140 971 246 1018 lium
268 971 443 1034 potuit,
465 987 674 1034 aquarum
693 967 877 1032 penuria
903 967 1072 1014 cunffis
1099 967 1268 1013 circum
1288 982 1416 1012 aren-

141 1043 259 1089 tibus
279 1042 404 1090 locis.
423 1044 477 1088 Et
497 1043 600 1089 licet
622 1042 675 1088 ad
697 1039 1042 1103 praesciscendos
1061 1038 1274 1085 adversos
1300 1037 1416 1084 subi·

139 1115 297 1178 rosque
322 1127 495 1172 motuS,
523 1115 568 1161 id
596 1113 920 1160 munimentum
945 1123 1206 1174 opportune
1240 1110 1416 1157 locavit

138 1186 374 1250 antiquitas
392 1222 407 1245 ‚
431 1186 661 1249 dispendio
687 1197 834 1232 tamen
856 1184 939 1231 fuit
961 1183 1026 1230 rei
1051 1184 1294 1242 Romanae,
1312 1199 1420 1231 cum

140 1259 420 1307 defensorum
439 1259 604 1321 jaiiura
631 1258 870 1322 aliquoties
891 1258 1203 1320 interceptum.

205 1337 302 1383 vll.
324 1334 487 1383 Exciso
508 1335 657 1398 itaque
689 1333 861 1397 oppido
878 1369 890 1390 ‚
912 1349 991 1379 rex
1013 1332 1186 1378 Nifihin
1208 1329 1418 1395 prudenti

143 1407 331 1455 confilio
362 1407 542 1465 vitans,
574 1423 749 1453 memor
783 1405 1021 1464 nimirum,
1041 1421 1140 1468 quae
1171 1404 1325 1467 saepius
1351 1403 1416 1450 ibi

143 1479 381 1541 pertulerat
401 1515 415 1538 ,
440 1480 645 1525 dextrum
673 1479 787 1526 latus
807 1477 1040 1524 itineribus
1056 1476 1167 1538 petit
1192 1476 1416 1539 obliquis:

142 1552 392 1607 Bezabden,
412 1568 542 1614 quam
563 1550 824 1597 phoenicam
841 1565 1024 1614 quoque
1042 1547 1315 1595 institutores
1336 1565 1420 1595 ve-

145 1638 258 1671 teres
278 1624 582 1686 appellarunt,
611 1624 658 1671 vi
677 1623 750 1670 vel
771 1622 1085 1685 promiss'orum
1107 1621 1341 1668 dulcedine
1360 1621 1420 1668 il-

145 1697 266 1743 leffis
309 1695 614 1743 defensoribus
648 1707 931 1752 retenturus,
963 1693 1288 1740 munimentum
1330 1694 1419 1740 im-

144 1767 310 1831 pendio
339 1767 536 1814 validum
560 1802 575 1822 ,
606 1767 652 1813 in
681 1767 797 1813 colle
833 1765 1117 1813 mediocriter
1143 1765 1264 1811 edito
1299 1765 1421 1828 pofi-

146 1853 267 1899 tum,
296 1841 573 1905 vergensque
602 1841 649 1887 in
677 1840 897 1904 margines
930 1839 1128 1903 Tigridis
1148 1874 1162 1897 ‚
1192 1850 1323 1902 atque
1343 1838 1424 1886 ubi

148 1914 248 1961 loca
281 1913 472 1978 suspecta
499 1914 598 1961 sunt
624 1916 672 1962 &
704 1913 888 1960 humilia
909 1948 923 1971 ‚
953 1912 1120 1975 duplici
1152 1928 1287 1958 muro
1321 1913 1424 1958 val-

148 1986 283 2033 latum
307 2005 317 2032 :
340 1987 396 2032 ad
423 1984 548 2048 cujus
571 1985 753 2032 tutelam
772 1996 859 2031 tres
890 1984 1091 2048 legiones
1111 1982 1209 2030 sunt
1238 1984 1424 2046 deputa-

150 2071 241 2116 τε,
268 2059 460 2106 secunda
500 2058 653 2107 Flavia
673 2094 687 2115 ‚
726 2057 1003 2120 secundaque
1049 2056 1341 2114 Armeniaca,
1374 2057 1426 2105 δε
1497 2116 1502 2121 ἱ

152 2129 353 2177 Parthica
386 2129 538 2176 itidem
573 2129 795 2186 secunda,
831 2145 932 2175 cum
969 2127 1196 2192 sagittariis
1225 2128 1433 2191 pluribus

155 2202 414 2250 Zabdicenis
434 2239 448 2261 ‚
472 2202 518 2248 in
545 2219 735 2266 quorum
766 2201 864 2248 solo
893 2213 1000 2249 tunc
1029 2201 1159 2248 nobis
1192 2203 1433 2265 obtempe-

155 2274 345 2325 rantium
366 2275 456 2322 hoc
484 2275 545 2323 est
563 2274 854 2337 municipium
885 2274 1093 2337 positum,
1121 2274 1272 2321 Primo
1292 2274 1431 2338 igitur

157 2346 325 2408 impetu
347 2364 446 2394 cum
469 2348 645 2411 agmine
664 2347 1046 2410 camphi-afiorum
1070 2345 1332 2411 fulgentium
1353 2362 1437 2393 rex„

158 2418 248 2481 ipse
276 2417 507 2466 sublimior
526 2420 683 2468 ceteris
699 2455 712 2477 ,
734 2419 979 2465 castrorum
996 2418 1210 2466 ambitum
1237 2417 1435 2465 circum-

161 2489 336 2538 cursans
350 2526 366 2549 ,
386 2508 527 2556 prope
546 2492 666 2540 labra
686 2490 778 2556 ipsa
795 2489 1007 2538 foffarum
1024 2491 1153 2540 venit
1178 2489 1439 2538 audentius:

1095 2564 1221 2627 133·
