<?xml version="1.0" encoding="UTF-8"?>
<!DOCTYPE html PUBLIC "-//W3C//DTD XHTML 1.0 Transitional//EN"
    "http://www.w3.org/TR/xhtml1/DTD/xhtml1-transitional.dtd">
<html xmlns="http://www.w3.org/1999/xhtml" xml:lang="en" lang="en">
 <head>
  <title>
</title>
<meta http-equiv="Content-Type" content="text/html;charset=utf-8" />
  <meta name='ocr-system' content='tesseract 3.04.00' />
  <meta name='ocr-capabilities' content='ocr_page ocr_carea ocr_par ocr_line ocrx_word'/>
</head>
<body>
  <div class='ocr_page' id='page_1' title='image "./rerumgestarumqui00ammiuoft_0661.png"; bbox 0 0 1626 2917; ppageno 0'>
   <div class='ocr_carea' id='block_1_1' title="bbox 67 152 1370 1354">
    <p class='ocr_par' dir='ltr' id='par_1_1' title="bbox 67 152 1370 1354">
     <span class='ocr_line' id='line_1_1' title="bbox 259 152 1353 220; baseline 0.001 -16"><span class='ocrx_word' id='word_1_1' title='bbox 259 153 479 204; x_wconf 79' lang='lat' dir='ltr'>RERUM</span> <span class='ocrx_word' id='word_1_2' title='bbox 507 153 844 204; x_wconf 80' lang='lat' dir='ltr'>GESTARUM</span> <span class='ocrx_word' id='word_1_3' title='bbox 878 153 982 204; x_wconf 69' lang='grc' dir='ltr'>ΗΒ.</span> <span class='ocrx_word' id='word_1_4' title='bbox 1010 152 1166 204; x_wconf 83' lang='lat' dir='ltr'>XXX.</span> <span class='ocrx_word' id='word_1_5' title='bbox 1260 170 1353 220; x_wconf 66' lang='lat'>2³27</span> 
     </span>
     <span class='ocr_line' id='line_1_2' title="bbox 67 263 1357 332; baseline -0.005 -15"><span class='ocrx_word' id='word_1_6' title='bbox 67 265 192 317; x_wconf 75' lang='lat' dir='ltr'>&#39;casus</span> <span class='ocrx_word' id='word_1_7' title='bbox 207 304 220 327; x_wconf 86' lang='lat'>,</span> <span class='ocrx_word' id='word_1_8' title='bbox 239 266 436 316; x_wconf 76' lang='lat' dir='ltr'>exitialia</span> <span class='ocrx_word' id='word_1_9' title='bbox 457 268 746 332; x_wconf 74' lang='lat' dir='ltr'>previsorum</span> <span class='ocrx_word' id='word_1_10' title='bbox 769 266 955 313; x_wconf 87' lang='lat' dir='ltr'>nomina</span> <span class='ocrx_word' id='word_1_11' title='bbox 972 265 1207 314; x_wconf 88' lang='lat' dir='ltr'>titulorum</span> <span class='ocrx_word' id='word_1_12' title='bbox 1224 302 1236 322; x_wconf 92' lang='lat'>,</span> <span class='ocrx_word' id='word_1_13' title='bbox 1255 263 1357 325; x_wconf 76' lang='lat' dir='ltr'>jux-</span> 
     </span>
     <span class='ocr_line' id='line_1_3' title="bbox 71 339 1357 407; baseline -0.004 -16"><span class='ocrx_word' id='word_1_14' title='bbox 71 356 118 391; x_wconf 71' lang='lat' dir='ltr'>ta</span> <span class='ocrx_word' id='word_1_15' title='bbox 149 343 386 407; x_wconf 83' lang='lat' dir='ltr'>opulentas</span> <span class='ocrx_word' id='word_1_16' title='bbox 419 346 467 391; x_wconf 85' lang='lat'>&amp;</span> <span class='ocrx_word' id='word_1_17' title='bbox 495 357 649 390; x_wconf 90' lang='lat' dir='ltr'>tenues</span> <span class='ocrx_word' id='word_1_18' title='bbox 683 353 916 388; x_wconf 85' lang='lat' dir='ltr'>enervatas</span> <span class='ocrx_word' id='word_1_19' title='bbox 952 340 1177 388; x_wconf 70' lang='lat' dir='ltr'><strong>succidere</strong></span> <span class='ocrx_word' id='word_1_20' title='bbox 1208 339 1357 386; x_wconf 62' lang='lat' dir='ltr'>form«</span> 
     </span>
     <span class='ocr_line' id='line_1_4' title="bbox 70 413 1358 480; baseline -0.002 -16"><span class='ocrx_word' id='word_1_21' title='bbox 70 433 179 474; x_wconf 81' lang='lat' dir='ltr'>nas,</span> <span class='ocrx_word' id='word_1_22' title='bbox 209 416 479 480; x_wconf 80' lang='lat' dir='ltr'>argumentis</span> <span class='ocrx_word' id='word_1_23' title='bbox 515 415 611 461; x_wconf 81' lang='lat' dir='ltr'>aliis</span> <span class='ocrx_word' id='word_1_24' title='bbox 649 414 749 477; x_wconf 86' lang='lat' dir='ltr'>post</span> <span class='ocrx_word' id='word_1_25' title='bbox 787 413 1079 461; x_wconf 83' lang='lat' dir='ltr'>validioribus</span> <span class='ocrx_word' id='word_1_26' title='bbox 1117 413 1238 470; x_wconf 85' lang='lat' dir='ltr'>aliis,</span> <span class='ocrx_word' id='word_1_27' title='bbox 1276 413 1358 461; x_wconf 85' lang='lat' dir='ltr'>usu</span> 
     </span>
     <span class='ocr_line' id='line_1_5' title="bbox 70 485 1359 550; baseline -0.002 -15"><span class='ocrx_word' id='word_1_28' title='bbox 70 485 262 535; x_wconf 81' lang='lat' dir='ltr'>laedendi</span> <span class='ocrx_word' id='word_1_29' title='bbox 293 488 542 550; x_wconf 76' lang='lat' dir='ltr'>‘reperiente</span> <span class='ocrx_word' id='word_1_30' title='bbox 573 487 805 550; x_wconf 86' lang='lat' dir='ltr'>longaevo.</span> <span class='ocrx_word' id='word_1_31' title='bbox 836 485 1052 548; x_wconf 82' lang='lat' dir='ltr'>Denique</span> <span class='ocrx_word' id='word_1_32' title='bbox 1084 485 1359 533; x_wconf 81' lang='lat' dir='ltr'>tributorum</span> 
     </span>
     <span class='ocr_line' id='line_1_6' title="bbox 72 559 1363 624; baseline 0 -18"><span class='ocrx_word' id='word_1_33' title='bbox 72 576 216 607; x_wconf 88' lang='lat' dir='ltr'>onera</span> <span class='ocrx_word' id='word_1_34' title='bbox 237 561 612 624; x_wconf 70' lang='lat' dir='ltr'>veffigaliumque</span> <span class='ocrx_word' id='word_1_35' title='bbox 637 571 874 622; x_wconf 78' lang='lat' dir='ltr'>augmenta</span> <span class='ocrx_word' id='word_1_36' title='bbox 895 559 1213 621; x_wconf 78' lang='lat' dir='ltr'>multiplicata,</span> <span class='ocrx_word' id='word_1_37' title='bbox 1237 560 1363 622; x_wconf 79' lang='lat' dir='ltr'>opti-</span> 
     </span>
     <span class='ocr_line' id='line_1_7' title="bbox 72 632 1363 698; baseline -0.001 -18"><span class='ocrx_word' id='word_1_38' title='bbox 72 647 244 681; x_wconf 84' lang='lat' dir='ltr'>matum</span> <span class='ocrx_word' id='word_1_39' title='bbox 278 633 491 698; x_wconf 84' lang='lat' dir='ltr'>quosdam</span> <span class='ocrx_word' id='word_1_40' title='bbox 524 633 789 679; x_wconf 83' lang='lat' dir='ltr'>ultimorum</span> <span class='ocrx_word' id='word_1_41' title='bbox 827 646 948 679; x_wconf 85' lang='lat' dir='ltr'>metu</span> <span class='ocrx_word' id='word_1_42' title='bbox 983 632 1231 696; x_wconf 73' lang='lat' dir='ltr'>exagitatos</span> <span class='ocrx_word' id='word_1_43' title='bbox 1261 651 1363 679; x_wconf 78' lang='lat' dir='ltr'>mu-</span> 
     </span>
     <span class='ocr_line' id='line_1_8' title="bbox 73 704 1364 769; baseline 0.001 -15"><span class='ocrx_word' id='word_1_44' title='bbox 73 718 169 754; x_wconf 82' lang='lat' dir='ltr'>tare</span> <span class='ocrx_word' id='word_1_45' title='bbox 197 706 517 769; x_wconf 88' lang='lat' dir='ltr'>compulerunt</span> <span class='ocrx_word' id='word_1_46' title='bbox 546 704 693 752; x_wconf 82' lang='lat' dir='ltr'>sedes:</span> <span class='ocrx_word' id='word_1_47' title='bbox 727 707 774 753; x_wconf 83' lang='lat'>&amp;</span> <span class='ocrx_word' id='word_1_48' title='bbox 800 705 1095 767; x_wconf 74' lang='lat' dir='ltr'>flagitantium</span> <span class='ocrx_word' id='word_1_49' title='bbox 1130 707 1364 755; x_wconf 70' lang='lat' dir='ltr'>ministro-—</span> 
     </span>
     <span class='ocr_line' id='line_1_9' title="bbox 75 778 1363 843; baseline 0.001 -17"><span class='ocrx_word' id='word_1_50' title='bbox 75 795 174 826; x_wconf 85' lang='lat' dir='ltr'>rum</span> <span class='ocrx_word' id='word_1_51' title='bbox 198 778 493 826; x_wconf 80' lang='lat' dir='ltr'>amaritudine</span> <span class='ocrx_word' id='word_1_52' title='bbox 513 778 692 841; x_wconf 87' lang='lat' dir='ltr'>quidam</span> <span class='ocrx_word' id='word_1_53' title='bbox 716 778 926 841; x_wconf 81' lang='lat' dir='ltr'>expreffi,</span> <span class='ocrx_word' id='word_1_54' title='bbox 949 796 1050 826; x_wconf 89' lang='lat' dir='ltr'>cum</span> <span class='ocrx_word' id='word_1_55' title='bbox 1076 796 1168 825; x_wconf 87' lang='lat' dir='ltr'>non</span> <span class='ocrx_word' id='word_1_56' title='bbox 1198 780 1363 843; x_wconf 74' lang='lat' dir='ltr'>suppe-</span> 
     </span>
     <span class='ocr_line' id='line_1_10' title="bbox 76 850 1365 917; baseline 0.002 -20"><span class='ocrx_word' id='word_1_57' title='bbox 76 862 216 908; x_wconf 86' lang='lat' dir='ltr'><strong>teret,</strong></span> <span class='ocrx_word' id='word_1_58' title='bbox 236 851 361 914; x_wconf 90' lang='lat' dir='ltr'>quod</span> <span class='ocrx_word' id='word_1_59' title='bbox 377 850 576 908; x_wconf 83' lang='lat' dir='ltr'>daretur,</span> <span class='ocrx_word' id='word_1_60' title='bbox 598 862 724 896; x_wconf 88' lang='lat' dir='ltr'>erant</span> <span class='ocrx_word' id='word_1_61' title='bbox 741 851 947 912; x_wconf 89' lang='lat' dir='ltr'>perpetui</span> <span class='ocrx_word' id='word_1_62' title='bbox 967 868 1195 898; x_wconf 87' lang='lat' dir='ltr'>carcerum</span> <span class='ocrx_word' id='word_1_63' title='bbox 1216 853 1365 917; x_wconf 87' lang='lat' dir='ltr'>inqui·</span> 
     </span>
     <span class='ocr_line' id='line_1_11' title="bbox 76 923 1366 987; baseline 0.002 -17"><span class='ocrx_word' id='word_1_64' title='bbox 76 923 189 970; x_wconf 87' lang='lat' dir='ltr'>lini:</span> <span class='ocrx_word' id='word_1_65' title='bbox 210 941 233 970; x_wconf 94' lang='lat' dir='ltr'>e</span> <span class='ocrx_word' id='word_1_66' title='bbox 258 924 420 987; x_wconf 88' lang='lat' dir='ltr'>quibus</span> <span class='ocrx_word' id='word_1_67' title='bbox 449 923 627 987; x_wconf 85' lang='lat' dir='ltr'>aliquos</span> <span class='ocrx_word' id='word_1_68' title='bbox 651 940 754 970; x_wconf 89' lang='lat' dir='ltr'>cum</span> <span class='ocrx_word' id='word_1_69' title='bbox 781 923 890 969; x_wconf 83' lang='lat' dir='ltr'>vitae</span> <span class='ocrx_word' id='word_1_70' title='bbox 908 923 994 985; x_wconf 81' lang='lat' dir='ltr'>jam</span> <span class='ocrx_word' id='word_1_71' title='bbox 1018 926 1268 975; x_wconf 79' lang='lat' dir='ltr'>taederet&amp;</span> <span class='ocrx_word' id='word_1_72' title='bbox 1294 928 1366 973; x_wconf 82' lang='lat' dir='ltr'>lu—</span> 
     </span>
     <span class='ocr_line' id='line_1_12' title="bbox 79 994 1368 1058; baseline 0.005 -17"><span class='ocrx_word' id='word_1_73' title='bbox 79 995 170 1053; x_wconf 85' lang='lat' dir='ltr'>cis,</span> <span class='ocrx_word' id='word_1_74' title='bbox 189 994 528 1058; x_wconf 77' lang='lat' dir='ltr'>suspendiorum</span> <span class='ocrx_word' id='word_1_75' title='bbox 558 1007 770 1057; x_wconf 77' lang='lat' dir='ltr'>exoptata</span> <span class='ocrx_word' id='word_1_76' title='bbox 793 995 987 1041; x_wconf 78' lang='lat' dir='ltr'>remedia</span> <span class='ocrx_word' id='word_1_77' title='bbox 1013 997 1368 1048; x_wconf 84' lang='lat' dir='ltr'>consumserunt.</span> 
     </span>
     <span class='ocr_line' id='line_1_13' title="bbox 78 1068 1368 1135; baseline 0.002 -19"><span class='ocrx_word' id='word_1_78' title='bbox 78 1070 190 1116; x_wconf 85' lang='lat' dir='ltr'>Haec</span> <span class='ocrx_word' id='word_1_79' title='bbox 210 1068 267 1115; x_wconf 87' lang='lat' dir='ltr'>ita</span> <span class='ocrx_word' id='word_1_80' title='bbox 293 1068 595 1115; x_wconf 75' lang='lat' dir='ltr'>illecebrosius</span> <span class='ocrx_word' id='word_1_81' title='bbox 626 1080 757 1131; x_wconf 88' lang='lat' dir='ltr'>atque</span> <span class='ocrx_word' id='word_1_82' title='bbox 786 1068 1071 1117; x_wconf 75' lang='lat' dir='ltr'>inhumanius</span> <span class='ocrx_word' id='word_1_83' title='bbox 1102 1071 1173 1134; x_wconf 83' lang='lat' dir='ltr'>agi</span> <span class='ocrx_word' id='word_1_84' title='bbox 1199 1070 1368 1135; x_wconf 88' lang='lat' dir='ltr'>loque-</span> 
     </span>
     <span class='ocr_line' id='line_1_14' title="bbox 78 1139 1369 1205; baseline 0.003 -16"><span class='ocrx_word' id='word_1_85' title='bbox 78 1143 211 1205; x_wconf 76' lang='lat' dir='ltr'>batur</span> <span class='ocrx_word' id='word_1_86' title='bbox 230 1141 411 1205; x_wconf 90' lang='lat' dir='ltr'>quidem</span> <span class='ocrx_word' id='word_1_87' title='bbox 443 1139 648 1203; x_wconf 78' lang='lat' dir='ltr'>pertinax</span> <span class='ocrx_word' id='word_1_88' title='bbox 670 1157 829 1188; x_wconf 87' lang='lat' dir='ltr'>rumor</span> <span class='ocrx_word' id='word_1_89' title='bbox 848 1158 859 1187; x_wconf 75' lang='grc' dir='ltr'><strong><em>ε</em></strong></span> <span class='ocrx_word' id='word_1_90' title='bbox 891 1142 1234 1192; x_wconf 79' lang='lat' dir='ltr'>Valentinianus</span> <span class='ocrx_word' id='word_1_91' title='bbox 1256 1163 1369 1194; x_wconf 88' lang='lat' dir='ltr'>vero</span> 
     </span>
     <span class='ocr_line' id='line_1_15' title="bbox 80 1215 1369 1279; baseline 0.003 -15"><span class='ocrx_word' id='word_1_92' title='bbox 80 1229 292 1279; x_wconf 86' lang='lat' dir='ltr'>tanquam</span> <span class='ocrx_word' id='word_1_93' title='bbox 313 1216 492 1262; x_wconf 82' lang='lat' dir='ltr'>auribus</span> <span class='ocrx_word' id='word_1_94' title='bbox 514 1232 614 1263; x_wconf 88' lang='lat' dir='ltr'>cera</span> <span class='ocrx_word' id='word_1_95' title='bbox 633 1215 757 1262; x_wconf 85' lang='lat' dir='ltr'>illitis</span> <span class='ocrx_word' id='word_1_96' title='bbox 777 1215 1013 1278; x_wconf 75' lang='lat' dir='ltr'>ignorabat</span> <span class='ocrx_word' id='word_1_97' title='bbox 1027 1252 1040 1274; x_wconf 86' lang='lat'>,</span> <span class='ocrx_word' id='word_1_98' title='bbox 1061 1216 1369 1268; x_wconf 69' lang='lat' dir='ltr'>indifferenter</span> 
     </span>
     <span class='ocr_line' id='line_1_16' title="bbox 80 1288 1370 1354; baseline 0.002 -17"><span class='ocrx_word' id='word_1_99' title='bbox 80 1290 262 1354; x_wconf 82' lang='lat' dir='ltr'>quidem</span> <span class='ocrx_word' id='word_1_100' title='bbox 290 1289 491 1336; x_wconf 79' lang='lat' dir='ltr'>lucrandi</span> <span class='ocrx_word' id='word_1_101' title='bbox 524 1289 601 1334; x_wconf 90' lang='lat' dir='ltr'>vel</span> <span class='ocrx_word' id='word_1_102' title='bbox 625 1306 681 1335; x_wconf 83' lang='lat' dir='ltr'>ex</span> <span class='ocrx_word' id='word_1_103' title='bbox 707 1289 838 1335; x_wconf 88' lang='lat' dir='ltr'>rebus</span> <span class='ocrx_word' id='word_1_104' title='bbox 859 1288 1053 1336; x_wconf 71' lang='lat' dir='ltr'>minimis</span> <span class='ocrx_word' id='word_1_105' title='bbox 1081 1291 1268 1351; x_wconf 83' lang='lat' dir='ltr'>avidus,</span> <span class='ocrx_word' id='word_1_106' title='bbox 1298 1294 1370 1340; x_wconf 88' lang='lat' dir='ltr'>id-</span> 
     </span>
    </p>
   </div>
   <div class='ocr_carea' id='block_1_2' title="bbox 83 1360 1370 1499">
    <p class='ocr_par' dir='ltr' id='par_1_2' title="bbox 83 1360 1370 1499">
     <span class='ocr_line' id='line_1_17' title="bbox 83 1360 1370 1426; baseline 0.005 -18"><span class='ocrx_word' id='word_1_107' title='bbox 83 1378 172 1426; x_wconf 86' lang='lat' dir='ltr'>que</span> <span class='ocrx_word' id='word_1_108' title='bbox 204 1375 373 1409; x_wconf 81' lang='lat' dir='ltr'>tantum</span> <span class='ocrx_word' id='word_1_109' title='bbox 410 1361 640 1423; x_wconf 80' lang='lat' dir='ltr'>cogitans,</span> <span class='ocrx_word' id='word_1_110' title='bbox 673 1361 798 1423; x_wconf 85' lang='lat' dir='ltr'>quod</span> <span class='ocrx_word' id='word_1_111' title='bbox 835 1360 1132 1418; x_wconf 84' lang='lat' dir='ltr'>offerebatur;</span> <span class='ocrx_word' id='word_1_112' title='bbox 1165 1365 1370 1426; x_wconf 75' lang='lat' dir='ltr'>parsurus</span> 
     </span>
     <span class='ocr_line' id='line_1_18' title="bbox 84 1431 1370 1499; baseline 0.004 -18"><span class='ocrx_word' id='word_1_113' title='bbox 84 1446 234 1482; x_wconf 85' lang='lat' dir='ltr'>tamen</span> <span class='ocrx_word' id='word_1_114' title='bbox 259 1433 437 1480; x_wconf 80' lang='lat' dir='ltr'>fortaffe</span> <span class='ocrx_word' id='word_1_115' title='bbox 457 1431 725 1491; x_wconf 84' lang='lat' dir='ltr'>Pannoniis,</span> <span class='ocrx_word' id='word_1_116' title='bbox 746 1432 777 1478; x_wconf 86' lang='lat' dir='ltr'>fi</span> <span class='ocrx_word' id='word_1_117' title='bbox 798 1432 894 1480; x_wconf 84' lang='lat' dir='ltr'>haec</span> <span class='ocrx_word' id='word_1_118' title='bbox 916 1445 1017 1480; x_wconf 86' lang='lat' dir='ltr'>ante</span> <span class='ocrx_word' id='word_1_119' title='bbox 1037 1434 1370 1499; x_wconf 79' lang='lat' dir='ltr'>ingemiscenda</span> 
     </span>
    </p>
   </div>
   <div class='ocr_carea' id='block_1_3' title="bbox 85 1506 1381 2448">
    <p class='ocr_par' dir='ltr' id='par_1_3' title="bbox 85 1506 1381 2448">
     <span class='ocr_line' id='line_1_19' title="bbox 85 1506 1373 1570; baseline 0.004 -16"><span class='ocrx_word' id='word_1_120' title='bbox 85 1506 358 1570; x_wconf 86' lang='lat' dir='ltr'>compendia</span> <span class='ocrx_word' id='word_1_121' title='bbox 389 1506 697 1568; x_wconf 68' lang='lat' dir='ltr'>comperisset,</span> <span class='ocrx_word' id='word_1_122' title='bbox 722 1522 824 1569; x_wconf 79' lang='lat' dir='ltr'>quae</span> <span class='ocrx_word' id='word_1_123' title='bbox 854 1506 1041 1554; x_wconf 84' lang='lat' dir='ltr'>nimium</span> <span class='ocrx_word' id='word_1_124' title='bbox 1071 1508 1167 1556; x_wconf 92' lang='lat' dir='ltr'>sero</span> <span class='ocrx_word' id='word_1_125' title='bbox 1197 1512 1274 1557; x_wconf 86' lang='lat' dir='ltr'>tali</span> <span class='ocrx_word' id='word_1_126' title='bbox 1303 1512 1373 1559; x_wconf 83' lang='lat' dir='ltr'>di·</span> 
     </span>
     <span class='ocr_line' id='line_1_20' title="bbox 87 1580 1373 1647; baseline 0.003 -18"><span class='ocrx_word' id='word_1_127' title='bbox 87 1582 196 1629; x_wconf 85' lang='lat' dir='ltr'>dicit</span> <span class='ocrx_word' id='word_1_128' title='bbox 215 1581 328 1629; x_wconf 83' lang='lat' dir='ltr'>casu.</span> <span class='ocrx_word' id='word_1_129' title='bbox 352 1581 424 1627; x_wconf 88' lang='lat' dir='ltr'>Ad</span> <span class='ocrx_word' id='word_1_130' title='bbox 445 1580 798 1643; x_wconf 86' lang='lat' dir='ltr'>provincialium</span> <span class='ocrx_word' id='word_1_131' title='bbox 821 1580 1094 1628; x_wconf 71' lang='lat' dir='ltr'>residuorum</span> <span class='ocrx_word' id='word_1_132' title='bbox 1115 1585 1373 1647; x_wconf 81' lang='lat' dir='ltr'>exemplum</span> 
     </span>
     <span class='ocr_line' id='line_1_21' title="bbox 87 1652 1375 1717; baseline 0.003 -16"><span class='ocrx_word' id='word_1_133' title='bbox 87 1654 222 1701; x_wconf 87' lang='lat' dir='ltr'>etiam</span> <span class='ocrx_word' id='word_1_134' title='bbox 251 1653 449 1715; x_wconf 73' lang='lat' dir='ltr'>Epirotae</span> <span class='ocrx_word' id='word_1_135' title='bbox 475 1654 653 1699; x_wconf 57' lang='lat' dir='ltr'>adiutos</span> <span class='ocrx_word' id='word_1_136' title='bbox 680 1652 757 1698; x_wconf 81' lang='lat' dir='ltr'>fibi</span> <span class='ocrx_word' id='word_1_137' title='bbox 787 1654 949 1716; x_wconf 80' lang='lat' dir='ltr'>gratias</span> <span class='ocrx_word' id='word_1_138' title='bbox 975 1670 999 1700; x_wconf 88' lang='lat' dir='ltr'>a</span> <span class='ocrx_word' id='word_1_139' title='bbox 1031 1654 1241 1717; x_wconf 64' lang='lat' dir='ltr'>praefeElo</span> <span class='ocrx_word' id='word_1_140' title='bbox 1270 1658 1375 1705; x_wconf 88' lang='lat' dir='ltr'>mit-</span> 
     </span>
     <span class='ocr_line' id='line_1_22' title="bbox 89 1726 1375 1793; baseline 0.002 -18"><span class='ocrx_word' id='word_1_141' title='bbox 89 1740 184 1775; x_wconf 84' lang='lat' dir='ltr'>tere</span> <span class='ocrx_word' id='word_1_142' title='bbox 207 1727 426 1789; x_wconf 79' lang='lat' dir='ltr'>compulsi</span> <span class='ocrx_word' id='word_1_143' title='bbox 454 1726 885 1790; x_wconf 83' lang='lat' dir='ltr'>legatos,Iphiclem</span> <span class='ocrx_word' id='word_1_144' title='bbox 919 1730 1139 1791; x_wconf 85' lang='lat' dir='ltr'>quendam</span> <span class='ocrx_word' id='word_1_145' title='bbox 1172 1731 1375 1793; x_wconf 70' lang='lat' dir='ltr'>philoso-</span> 
     </span>
     <span class='ocr_line' id='line_1_23' title="bbox 90 1799 1376 1865; baseline 0.002 -18"><span class='ocrx_word' id='word_1_146' title='bbox 90 1802 260 1865; x_wconf 88' lang='lat' dir='ltr'>phum,</span> <span class='ocrx_word' id='word_1_147' title='bbox 289 1799 530 1862; x_wconf 68' lang='lat' dir='ltr'>spestatum</span> <span class='ocrx_word' id='word_1_148' title='bbox 558 1799 728 1846; x_wconf 89' lang='lat' dir='ltr'>robore</span> <span class='ocrx_word' id='word_1_149' title='bbox 757 1799 950 1861; x_wconf 65' lang='lat' dir='ltr'>peEtoris</span> <span class='ocrx_word' id='word_1_150' title='bbox 981 1800 1239 1860; x_wconf 87' lang='lat' dir='ltr'>hominem,</span> <span class='ocrx_word' id='word_1_151' title='bbox 1269 1805 1376 1851; x_wconf 74' lang='lat' dir='ltr'>ade-</span> 
     </span>
     <span class='ocr_line' id='line_1_24' title="bbox 92 1863 1376 1938; baseline 0.004 -19"><span class='ocrx_word' id='word_1_152' title='bbox 92 1863 198 1938; x_wconf 78' lang='lat' dir='ltr'>gere</span> <span class='ocrx_word' id='word_1_153' title='bbox 225 1889 320 1918; x_wconf 87' lang='lat' dir='ltr'>non</span> <span class='ocrx_word' id='word_1_154' title='bbox 343 1871 503 1934; x_wconf 88' lang='lat' dir='ltr'>sponte</span> <span class='ocrx_word' id='word_1_155' title='bbox 530 1871 712 1935; x_wconf 84' lang='lat' dir='ltr'>propria</span> <span class='ocrx_word' id='word_1_156' title='bbox 740 1887 922 1935; x_wconf 81' lang='lat' dir='ltr'>pergere</span> <span class='ocrx_word' id='word_1_157' title='bbox 955 1874 1009 1918; x_wconf 84' lang='lat' dir='ltr'>ad</span> <span class='ocrx_word' id='word_1_158' title='bbox 1038 1871 1082 1919; x_wconf 90' lang='lat' dir='ltr'>id</span> <span class='ocrx_word' id='word_1_159' title='bbox 1110 1892 1270 1922; x_wconf 87' lang='lat' dir='ltr'>munus</span> <span class='ocrx_word' id='word_1_160' title='bbox 1292 1877 1376 1924; x_wconf 88' lang='lat' dir='ltr'>im-</span> 
     </span>
     <span class='ocr_line' id='line_1_25' title="bbox 92 1943 1376 2009; baseline 0.002 -17"><span class='ocrx_word' id='word_1_161' title='bbox 92 1945 321 2009; x_wconf 85' lang='lat' dir='ltr'>plendum.</span> <span class='ocrx_word' id='word_1_162' title='bbox 349 1943 441 2004; x_wconf 82' lang='lat' dir='ltr'>Qui</span> <span class='ocrx_word' id='word_1_163' title='bbox 471 1960 571 1992; x_wconf 90' lang='lat' dir='ltr'>cum</span> <span class='ocrx_word' id='word_1_164' title='bbox 600 1947 919 2005; x_wconf 84' lang='lat' dir='ltr'>Imperatorem</span> <span class='ocrx_word' id='word_1_165' title='bbox 952 1943 1152 2002; x_wconf 72' lang='lat' dir='ltr'>vidisset,</span> <span class='ocrx_word' id='word_1_166' title='bbox 1174 1947 1376 2009; x_wconf 80' lang='lat' dir='ltr'>agnitus,</span> 
     </span>
     <span class='ocr_line' id='line_1_26' title="bbox 95 2015 1379 2081; baseline -0.001 -14"><span class='ocrx_word' id='word_1_167' title='bbox 95 2018 403 2081; x_wconf 84' lang='lat' dir='ltr'>adventusque</span> <span class='ocrx_word' id='word_1_168' title='bbox 442 2016 506 2063; x_wconf 88' lang='lat' dir='ltr'>sui</span> <span class='ocrx_word' id='word_1_169' title='bbox 542 2016 714 2064; x_wconf 85' lang='lat' dir='ltr'>causam</span> <span class='ocrx_word' id='word_1_170' title='bbox 750 2015 1077 2079; x_wconf 81' lang='lat' dir='ltr'>interrogatus,</span> <span class='ocrx_word' id='word_1_171' title='bbox 1111 2019 1270 2064; x_wconf 85' lang='lat' dir='ltr'>Graece</span> <span class='ocrx_word' id='word_1_172' title='bbox 1309 2036 1379 2066; x_wconf 88' lang='lat' dir='ltr'>re-</span> 
     </span>
     <span class='ocr_line' id='line_1_27' title="bbox 97 2090 1381 2158; baseline 0 -17"><span class='ocrx_word' id='word_1_173' title='bbox 97 2093 305 2158; x_wconf 81' lang='lat' dir='ltr'>spondit:</span> <span class='ocrx_word' id='word_1_174' title='bbox 328 2104 460 2155; x_wconf 86' lang='lat' dir='ltr'>atque</span> <span class='ocrx_word' id='word_1_175' title='bbox 483 2103 534 2138; x_wconf 89' lang='lat' dir='ltr'>ut</span> <span class='ocrx_word' id='word_1_176' title='bbox 566 2090 863 2154; x_wconf 84' lang='lat' dir='ltr'>philosophus</span> <span class='ocrx_word' id='word_1_177' title='bbox 898 2090 1095 2137; x_wconf 86' lang='lat' dir='ltr'>veritatis</span> <span class='ocrx_word' id='word_1_178' title='bbox 1128 2092 1381 2154; x_wconf 70' lang='lat' dir='ltr'>professor,¹</span> 
     </span>
     <span class='ocr_line' id='line_1_28' title="bbox 97 2163 1378 2231; baseline 0.002 -19"><span class='ocrx_word' id='word_1_179' title='bbox 97 2178 328 2231; x_wconf 83' lang='lat' dir='ltr'>quaerente</span> <span class='ocrx_word' id='word_1_180' title='bbox 356 2165 551 2211; x_wconf 83' lang='lat' dir='ltr'>curatius</span> <span class='ocrx_word' id='word_1_181' title='bbox 580 2163 812 2227; x_wconf 86' lang='lat' dir='ltr'>Principe,</span> <span class='ocrx_word' id='word_1_182' title='bbox 841 2163 871 2209; x_wconf 90' lang='lat' dir='ltr'>fi</span> <span class='ocrx_word' id='word_1_183' title='bbox 906 2163 980 2220; x_wconf 87' lang='lat' dir='ltr'>hi,</span> <span class='ocrx_word' id='word_1_184' title='bbox 1009 2163 1087 2228; x_wconf 86' lang='lat' dir='ltr'>qui</span> <span class='ocrx_word' id='word_1_185' title='bbox 1110 2165 1292 2222; x_wconf 86' lang='lat' dir='ltr'>misere,</span> <span class='ocrx_word' id='word_1_186' title='bbox 1324 2182 1378 2214; x_wconf 75' lang='lat' dir='ltr'>ex</span> 
     </span>
     <span class='ocr_line' id='line_1_29' title="bbox 98 2235 1378 2300; baseline 0 -16"><span class='ocrx_word' id='word_1_187' title='bbox 98 2238 253 2286; x_wconf 85' lang='lat' dir='ltr'>animo</span> <span class='ocrx_word' id='word_1_188' title='bbox 274 2237 386 2284; x_wconf 90' lang='lat' dir='ltr'>bene</span> <span class='ocrx_word' id='word_1_189' title='bbox 407 2236 600 2283; x_wconf 87' lang='lat' dir='ltr'>sentiunt</span> <span class='ocrx_word' id='word_1_190' title='bbox 621 2237 674 2281; x_wconf 89' lang='lat' dir='ltr'>de</span> <span class='ocrx_word' id='word_1_191' title='bbox 693 2235 925 2297; x_wconf 65' lang='lat' dir='ltr'>praefect03</span> <span class='ocrx_word' id='word_1_192' title='bbox 945 2251 1192 2298; x_wconf 78' lang='lat' dir='ltr'>gementes,</span> <span class='ocrx_word' id='word_1_193' title='bbox 1208 2238 1378 2300; x_wconf 81' lang='lat' dir='ltr'>inquit,</span> 
     </span>
     <span class='ocr_line' id='line_1_30' title="bbox 98 2309 1380 2372; baseline -0.001 -13"><span class='ocrx_word' id='word_1_194' title='bbox 98 2312 153 2359; x_wconf 87' lang='lat'>&amp;</span> <span class='ocrx_word' id='word_1_195' title='bbox 183 2310 333 2357; x_wconf 88' lang='lat' dir='ltr'>inviti.</span> <span class='ocrx_word' id='word_1_196' title='bbox 363 2311 472 2370; x_wconf 82' lang='lat' dir='ltr'>Quo</span> <span class='ocrx_word' id='word_1_197' title='bbox 493 2310 570 2357; x_wconf 90' lang='lat' dir='ltr'>ille</span> <span class='ocrx_word' id='word_1_198' title='bbox 596 2309 742 2356; x_wconf 87' lang='lat' dir='ltr'>verbo</span> <span class='ocrx_word' id='word_1_199' title='bbox 770 2323 983 2372; x_wconf 85' lang='lat' dir='ltr'>tanquam</span> <span class='ocrx_word' id='word_1_200' title='bbox 1006 2310 1098 2356; x_wconf 92' lang='lat' dir='ltr'>telo</span> <span class='ocrx_word' id='word_1_201' title='bbox 1125 2311 1380 2372; x_wconf 85' lang='lat' dir='ltr'>perculsus,</span> 
     </span>
     <span class='ocr_line' id='line_1_31' title="bbox 102 2383 1381 2448; baseline -0.001 -16"><span class='ocrx_word' id='word_1_202' title='bbox 102 2386 224 2432; x_wconf 66' lang='lat' dir='ltr'>astus</span> <span class='ocrx_word' id='word_1_203' title='bbox 251 2383 343 2447; x_wconf 82' lang='lat' dir='ltr'>ejus</span> <span class='ocrx_word' id='word_1_204' title='bbox 369 2397 419 2431; x_wconf 88' lang='lat' dir='ltr'>ut</span> <span class='ocrx_word' id='word_1_205' title='bbox 439 2385 566 2448; x_wconf 74' lang='lat' dir='ltr'>sagax</span> <span class='ocrx_word' id='word_1_206' title='bbox 593 2385 727 2431; x_wconf 83' lang='lat' dir='ltr'>bestia</span> <span class='ocrx_word' id='word_1_207' title='bbox 753 2383 1025 2442; x_wconf 84' lang='lat' dir='ltr'>rimabatur,</span> <span class='ocrx_word' id='word_1_208' title='bbox 1049 2385 1249 2447; x_wconf 83' lang='lat' dir='ltr'>genuino</span> <span class='ocrx_word' id='word_1_209' title='bbox 1276 2402 1381 2447; x_wconf 45' lang='lat' dir='ltr'>per-³⁹</span> 
     </span>
    </p>
   </div>
   <div class='ocr_carea' id='block_1_4' title="bbox 101 2456 1381 2577">
    <p class='ocr_par' dir='ltr' id='par_1_4' title="bbox 101 2456 1381 2577">
     <span class='ocr_line' id='line_1_32' title="bbox 101 2456 1381 2523; baseline -0.002 -14"><span class='ocrx_word' id='word_1_210' title='bbox 101 2460 337 2509; x_wconf 75' lang='lat' dir='ltr'>contando</span> <span class='ocrx_word' id='word_1_211' title='bbox 376 2458 609 2519; x_wconf 84' lang='lat' dir='ltr'>sermone,</span> <span class='ocrx_word' id='word_1_212' title='bbox 640 2474 755 2523; x_wconf 79' lang='lat' dir='ltr'>quos</span> <span class='ocrx_word' id='word_1_213' title='bbox 795 2456 1042 2506; x_wconf 85' lang='lat' dir='ltr'>noscitabat</span> <span class='ocrx_word' id='word_1_214' title='bbox 1063 2475 1074 2501; x_wconf 90' lang='lat'>:</span> <span class='ocrx_word' id='word_1_215' title='bbox 1098 2458 1277 2505; x_wconf 85' lang='lat' dir='ltr'>ubinam</span> <span class='ocrx_word' id='word_1_216' title='bbox 1304 2458 1381 2506; x_wconf 76' lang='lat' dir='ltr'>ille</span> 
     </span>
     <span class='ocr_line' id='line_1_33' title="bbox 1034 2529 1130 2577; baseline 0.021 -2"><span class='ocrx_word' id='word_1_217' title='bbox 1034 2529 1066 2575; x_wconf 85' lang='lat' dir='ltr'>P</span> <span class='ocrx_word' id='word_1_218' title='bbox 1103 2547 1130 2577; x_wconf 74' lang='lat'>2„</span> 
     </span>
    </p>
   </div>
  </div>
 </body>
</html>
