1626 2917
241 133 327 180 DE
354 133 661 203 ODOACRE
689 133 1100 182 THEODERICO
1129 147 1239 180 ETC.
1297 149 1389 196 309

111 235 240 283 aliam
259 238 567 299 provinciam,
589 241 637 287 δέ
662 239 872 286 educatus
889 258 899 286 ε
918 239 1052 285 seclus
1070 237 1247 299 juvenis
1265 256 1387 301 quo-

110 311 348 371 quomodo
375 312 618 359 revertitur
652 313 707 359 ad
739 326 952 370 matrem,
981 325 1116 359 mater
1147 312 1266 358 enim
1298 310 1388 373 jam

109 381 348 443 sponderat
380 384 555 432 virum.·
573 386 688 432 Cum
717 384 892 432 vidisset
915 396 1081 442 mater,
1109 384 1389 447 ampleffitur

110 453 270 514 filium,
285 457 549 506 benedicens
567 460 739 517 Deum,
754 458 795 506 se
813 458 952 505 filium
971 459 1195 516 revidiffe‚
1212 459 1261 506 ὅ(
1280 457 1388 505 fecit

111 544 214 575 cum
236 546 290 576 eo
321 530 413 579 dies
433 546 546 579 xxx
560 568 573 591 ,
591 533 643 579 &
669 548 774 579 ecce
802 532 989 582 veniens
1007 530 1190 594 sponsus
1211 531 1392 589 matris,

112 601 273 650 videns
290 602 530 665 juvenem,
555 605 884 668 interrogavit,
913 605 1011 669 quis
1031 605 1162 653 effet:
1189 621 1288 668 quae
1315 620 1390 651 re-

110 673 309 737 spondit,
328 677 410 726 effe
425 677 550 725 suum
566 677 721 726 filium.
740 680 801 725 At
817 678 894 724 ubi
910 677 1132 741 comperit
1145 677 1228 724 effe
1247 676 1389 723 filium

110 746 221 810 ejus,
236 750 377 812 coepit
393 763 591 814 repetere
607 752 756 798 arrhas
771 753 821 800 &
833 752 977 799 dicere
991 770 1001 798 z
1013 754 1101 798 Aut
1120 768 1228 813 nega
1246 749 1390 797 filium

110 832 237 866 tuum
265 821 377 881 effe,
403 836 478 870 aut
500 840 604 870 vere
629 823 820 871 abscedo
847 823 966 871 hinc.
997 824 1163 870 Mulier
1185 822 1392 885 compel-

111 892 220 940 litur
245 894 300 942 ab
320 895 483 957 sponso
499 932 512 954 ‚
535 898 584 944 δι
615 896 754 959 coepit
775 912 936 960 negare
960 895 1122 954 filium,
1147 912 1277 959 quem
1300 895 1391 957 ipsa

113 978 215 1012 ante
242 968 436 1016 confeffa
454 969 540 1027 est,
561 971 608 1017 ὅ(
628 970 776 1016 dicere
790 1005 804 1027 ‚
823 969 948 1016 Vade
974 968 1152 1030 juvenis
1171 970 1223 1015 de
1248 969 1393 1015 domo

111 1057 238 1099 mea,
258 1041 363 1104 quia
382 1032 665 1106 peregrinum
691 1056 734 1090 te
754 1042 937 1106 suscepi.
962 1043 1040 1088 Ille
1068 1043 1186 1089 enim
1217 1042 1392 1089 dicebat

113 1115 345 1178 regreffum
367 1116 408 1163 se
437 1117 493 1163 ad
520 1130 703 1164 matrem
722 1117 768 1163 in
791 1118 974 1163 domum
997 1117 1132 1179 patris
1159 1116 1233 1163 sui.
1262 1116 1393 1175 Quid

113 1188 252 1236 multa
267 1186 432 1237 &Dum
460 1192 556 1239 haec
580 1203 770 1254 aguntur
784 1228 795 1248 ,
814 1190 932 1238 filius
951 1191 1133 1253 rogavit
1151 1207 1297 1253 regem
1314 1189 1393 1234 ad-

114 1261 267 1309 versus
295 1276 480 1310 matrem
498 1279 525 1323 ,ἰ
540 1279 675 1327 quam
707 1281 794 1311 rexv
817 1264 933 1325 jussit
963 1264 1009 1310 in
1040 1262 1279 1324 conspeetu
1310 1262 1392 1309 suo

113 1334 213 1383 fisti.
246 1337 331 1384 Cui
365 1339 415 1385 &
446 1337 587 1384 dixit:
615 1337 805 1394 Mulier,
834 1335 951 1382 filius
979 1348 1079 1382 tuus
1109 1335 1316 1381 adversus
1348 1347 1397 1380 te

115 1421 260 1472 rogat.
281 1410 396 1472 quid
419 1410 562 1458 dicis?
590 1411 651 1457 est
671 1409 786 1457 filius
807 1409 936 1456 tuus?
958 1425 1013 1455 an
1035 1408 1159 1455 non?
1186 1410 1301 1467 Quae
1321 1407 1393 1453 di-

114 1481 211 1528 xit:
233 1483 342 1529 Non
361 1483 423 1530 est
443 1500 564 1530 meus
584 1482 722 1540 filius;
740 1483 812 1529 sed
835 1481 1117 1545 peregrinum
1139 1480 1317 1542 suscepi.
1339 1482 1395 1526 Et

115 1554 220 1600 dum
243 1571 322 1617 per
339 1555 543 1602 ordinem
567 1556 719 1602 omnia
739 1555 855 1601 filius
877 1553 1073 1600 mulieris
1094 1553 1329 1599 intimasset
1347 1553 1396 1598 in

116 1627 296 1675 auribus
319 1628 432 1692 regis
446 1665 461 1686 ,
487 1629 594 1676 dicit
614 1629 790 1676 mulieri
813 1629 964 1675 denuo
986 1645 996 1674 :
1017 1627 1089 1673 Est
1111 1626 1228 1673 filius
1257 1624 1396 1671 tuus?

116 1715 174 1746 an
201 1700 332 1747 non?
358 1717 459 1763 quae
485 1701 630 1748 dixit:
650 1703 758 1748 Non
789 1701 849 1748 est
876 1699 994 1747 filius
1025 1717 1163 1747 meus.
1197 1699 1326 1747 Dicit
1353 1698 1401 1746 ei

116 1787 198 1818 rex
219 1789 229 1818 :
257 1775 313 1819 Et
332 1789 431 1836 quae
458 1773 520 1820 est
545 1773 729 1822 facultas
751 1787 849 1829 tua,
871 1773 1061 1820 mulier?
1087 1790 1185 1836 quae
1209 1773 1399 1835 respon-

116 1838 207 1891 dit':
224 1845 380 1910 Usque
400 1846 456 1894 ad
474 1846 595 1893 mille
617 1846 797 1894 solidos.
819 1849 874 1892 Et
893 1859 986 1893 tum
1007 1845 1129 1893 aliud
1146 1846 1186 1892 se
1205 1862 1285 1891 rex
1301 1860 1398 1890 non

119 1918 203 1965 esse
231 1918 449 1967 facturum
482 1919 560 1967 fub
594 1920 899 1983 jusjurandum
934 1919 1162 1981 pollicitus
1193 1917 1284 1975 est,
1317 1917 1400 1964 nisi

120 1990 266 2054 ipsum
290 1993 427 2040 alium
450 2010 546 2040 non
568 1994 787 2056 acciperet
811 1992 1033 2039 maritum.
1061 1992 1197 2039 Tunc
1215 1989 1405 2038 confusa

123 2064 184 2111 est
199 2065 373 2123 mulier,
387 2068 436 2114 &
454 2065 652 2114 confessa
665 2065 742 2124 ess,
759 2066 785 2112 s
783 2083 886 2112 uum
904 2065 986 2112 effe
1005 2063 1162 2111 filium.
1179 2065 1288 2110 Sunt
1305 2062 1405 2123 ejus

122 2138 172 2183 &
192 2138 332 2185 multa
353 2138 450 2185 alia.
472 2138 629 2185 Postea
647 2155 762 2185 vero
782 2140 956 2201 accepit
977 2154 1165 2185 uxorem
1186 2137 1239 2183 de
1266 2139 1403 2183 Fran-

123 2209 188 2256 cis
221 2211 405 2258 nomine
428 2202 735 2275 Augofladam.
764 2212 880 2258 Nam
903 2228 1091 2258 uxor-em
1116 2210 1272 2256 habuit
1300 2218 1404 2255 ante

125 2298 308 2344 regnum
325 2318 339 2340 ‚
370 2283 423 2330 de
454 2302 540 2347 qua
567 2283 812 2347 susceperat
843 2282 985 2330 filias:
1007 2301 1140 2330 unam
1168 2282 1288 2328 dedit
1313 2296 1403 2327 no-

127 2353 244 2399 mine
262 2355 490 2418 Arevagni
522 2356 704 2403 Alarico
732 2357 822 2418 regi
837 2355 1187 2418 W'ifigotharum
1217 2353 1262 2399 in
1290 2352 1402 2399 Gal-

125 2424 214 2483 }123
239 2428 287 2476 ει
314 2427 445 2475 auam
470 2427 608 2477 filiam
628 2428 746 2476 suam
768 2412 1142 2492 Theodegot‘ham
1164 2423 1406 2490 &gismun-
