1626 2917
333 77 341 95 ἱ

190 114 279 159 272
410 93 751 141 AMMIANI
799 93 1270 140 MARCELLINI

187 203 299 267 gulis
326 201 410 249 suis
434 200 561 248 omni
587 198 900 263 perseverandi
919 199 1063 246 studio
1085 198 1473 261 contemplantes,¹

189 276 291 340 post
319 274 624 330 deditionem,
651 289 781 334 quam
820 271 1122 335 impetravere
1150 271 1337 335 supplici
1376 287 1477 333 pre-

189 367 241 397 ce
260 385 273 407 ,
303 348 454 393 oblata
475 382 488 403 ‚
526 357 575 390 ut
612 357 887 407 praeceptum
927 344 987 391 est
1013 380 1026 403 ‚
1054 343 1294 406 juventute
1331 344 1479 392 valida

189 421 353 469 nostris
383 418 606 466 tirociniis
638 417 939 479 permiscenda
961 454 974 475 ‚
1016 418 1072 464 ad
1093 417 1307 480 genitales
1341 429 1481 463 terras

190 495 373 544 innoxii
403 495 466 540 ire
499 493 692 556 permssffi
725 493 840 539 sunt.
872 494 1000 540 Hanc
1033 492 1270 540 viEtoriam
1305 507 1481 554 oppor-

189 584 345 618 tunam
382 571 430 616 ὃ(
459 566 727 614 ῑῑιιὲὶιιοΐεη]
746 602 759 624 ,
786 584 886 630 quae
920 579 1071 630 gentes
1100 565 1328 613 hebetavit
1357 565 1482 612 occi-

189 646 327 699 duas,
360 639 617 704 sempiterni
655 640 852 686 numinis
887 656 998 688 nutu
1034 640 1303 697 Gratianus,
1334 639 1483 686 incre-

191 718 328 764 dibile
355 715 472 762 diem
503 713 582 771 est,
606 724 780 776 quanto
807 730 910 760 cum
941 713 1101 776 vigore
1124 712 1293 760 exserta
1322 710 1485 759 celeri-

191 803 282 838 tate
321 788 530 835 aliorsum
566 802 813 849 properans
848 786 1119 848 expedivit:
1150 786 1374 849 praeclarae
1413 784 1486 831 in-

192 862 312 911 dolis
347 860 626 913 adolescens,
649 859 867 905 facundus
888 895 901 916 ‚
932 860 981 906 &
1015 859 1272 906 moderatus
1288 895 1301 916 ‚
1324 861 1374 906 &
1395 858 1488 904 bel-

193 934 393 993 ficosus,
428 935 477 980 &
517 933 749 981 clemens:
793 933 847 979 ad
892 932 1228 979 aemulationem
1268 932 1488 979 leflornm

193 1007 490 1073 progrediens
517 1006 774 1068 Principum
792 1041 805 1063 ,
825 1006 928 1052 dum
957 1006 1189 1052 etiamtum
1217 1006 1382 1068 lanugo
1410 1021 1488 1067 ge-

196 1081 265 1129 nis
297 1080 539 1142 inserperet
570 1077 795 1141 speciosa,
833 1077 881 1124 ni
913 1094 1104 1140 vergens
1139 1078 1186 1123 in
1213 1075 1487 1123 ludibriosos

197 1156 318 1205 aelus
354 1166 543 1208 natura,
574 1150 825 1198 laxantibus
858 1150 1081 1212 proximis
1120 1149 1256 1196 semet
1285 1149 1337 1195 ad
1371 1165 1488 1196 vana

198 1229 341 1276 studia
359 1225 543 1274 Caesaris
573 1224 824 1271 Commodi
854 1223 1174 1280 convertisset,
1195 1223 1298 1269 licet
1317 1221 1389 1269 hic
1416 1221 1488 1267 in-

199 1314 429 1351 cruentus.
460 1302 524 1347 Ut
553 1298 672 1345 enim
705 1296 809 1354 ille,
842 1294 947 1357 quia
974 1295 1194 1357 perimere
1213 1293 1369 1356 jaculis
1391 1294 1489 1356 plu-

199 1378 332 1425 rimas
355 1374 470 1421 feras
504 1372 725 1435 speetante
755 1368 1056 1416 consueverat
1087 1368 1263 1430 populo
1283 1402 1296 1422 ,
1317 1367 1366 1413 &
1387 1382 1490 1412 cen·

199 1468 294 1501 tum
324 1451 479 1497 leones
508 1447 555 1493 in
593 1442 952 1508 amphitheatrali
991 1441 1167 1489 circulo
1198 1441 1327 1486 simul
1356 1439 1488 1485 emis-

201 1527 274 1575 sos
301 1525 501 1571 telorum
533 1519 666 1567 vario
696 1533 856 1580 genere
878 1551 891 1573 ‚
916 1515 1044 1561 nullo
1075 1513 1303 1578 geminato
1324 1512 1490 1559 vulne-

201 1616 250 1647 re
280 1591 639 1650 contruncavit‚
665 1590 784 1637 ultra
831 1586 1065 1634 hominem
1103 1585 1346 1632 exsultavit
1380 1603 1390 1631 ε
1430 1583 1491 1630 ita

201 1674 278 1721 hic
313 1685 499 1736 quoque
525 1668 643 1714 intra
662 1665 781 1728 septa
797 1699 811 1720 ,
841 1680 941 1727 quae
962 1661 1189 1725 appellant
1206 1660 1404 1718 vivaria,
1428 1659 1493 1705 sa-

197 1747 413 1811 gittarum
447 1742 644 1806 pulsibus
679 1738 847 1787 crebris
888 1738 1088 1784 dentatas
1125 1734 1372 1782 conficiens
1411 1734 1491 1779 be-

205 1820 332 1877 stias,
354 1815 597 1865 incidentia
627 1813 767 1861 multa
802 1811 930 1874 parvi
961 1809 1225 1857 ducebat&
1257 1807 1363 1854 seria
1389 1823 1398 1852 :
1435 1821 1492 1851 eo

204 1904 410 1954 ternpore
429 1925 445 1947 ,
483 1900 607 1953 quo,
638 1884 803 1933 etiamsi
841 1882 1077 1946 imperium
1108 1883 1287 1927 Marcus
1319 1890 1493 1941 regeret

209 1964 468 2013 Antoninus
487 2000 503 2021 ‚
530 1977 646 2025 aegre
679 1960 769 2006 sine
801 1958 986 2021 collegis
1011 1956 1225 2003 similibus
1254 1956 1301 2002 δε
1333 1969 1492 2015 magna

211 2039 448 2087 sobrietate
475 2035 766 2084 consiliorum
800 2031 942 2079 lenire
971 2029 1197 2078 luctuosos
1235 2026 1495 2089 reipublicae

211 2124 391 2177 poterat
411 2111 546 2160 casus.
565 2107 806 2171 Dispositis
823 2106 956 2170 igitur
971 2140 986 2164 ,
1009 2121 1110 2168 quae
1128 2118 1213 2166 pro
1235 2113 1495 2162 temporum

213 2199 348 2249 captu
389 2201 467 2248 per
502 2182 671 2230 Gallias
708 2197 777 2228 res
812 2177 1097 2240 rationesque
1131 2173 1374 2238 poscebant
1396 2207 1409 2229 ‚
1445 2172 1497 2219 δε

213 2257 376 2323 punito
410 2255 603 2303 scutario
635 2253 899 2317 proditore,
922 2250 1000 2315 qui
1018 2248 1222 2296 festinare
1243 2245 1497 2307 Principem

217 2331 272 2378 ad
306 2329 540 2395 Illyricum
575 2327 772 2374 barbaris
811 2326 1060 2378 indicarat;
1094 2319 1337 2367 Gratianus
1368 2316 1495 2364 exin-

217 2407 271 2455 de
299 2403 512 2470 digressus
535 2419 613 2467 per
635 2400 771 2450 castra
792 2436 805 2462 ‚
824 2400 983 2465 quibus
1018 2391 1390 2445 Felicis-Arboris
1415 2408 1498 2438 no-
