1626 2917
198 171 253 216 52
406 153 737 200 AMMtANl
790 152 1266 200 MARCELMNJ

191 263 534 309 adventaremus
556 297 567 316 ‚
589 259 778 323 fatigatis
810 259 1018 321 jumentis
1035 297 1048 317 ‚
1074 262 1279 309 vectores
1309 278 1467 310 eorum

194 333 426 395 noviffimi
453 334 639 395 pedibus
669 333 957 390 incedentes,
984 351 1006 380 a
1037 334 1252 382 Saracena
1268 335 1473 382 multitu-

193 408 296 454 dine
331 405 614 468 circumsepti
645 406 853 468 protinus
889 407 1171 465 interiffent,
1204 408 1249 454 ni
1287 408 1474 471 expedi-

191 481 332 527 tiores
365 495 523 526 turmae
561 479 821 526 nostrorum
859 496 992 541 opem
1022 480 1330 527 laborantibus
1364 493 1476 527 attu-

191 555 351 601 liffent.
386 556 483 600 Hos
512 566 656 599 autem
688 554 933 600 Saracenos
967 552 1069 599 ideo
1101 553 1376 616 patiebamur
1408 554 1477 600 in-

189 626 352 685 festos,
381 627 506 688 quod
538 626 687 673 salaria
721 643 999 689 muneraque
1030 625 1220 687 plurima
1246 644 1270 673 a
1299 627 1477 674 Juliano

190 703 247 749 ad
271 700 598 748 similitudinem
619 699 828 762 praeteriti
849 699 1066 762 temporis
1094 698 1297 761 accipere
1323 700 1479 758 vetiti,

190 774 423 840 questique
457 773 576 835 apud
606 789 707 818 eum
727 809 741 830 ,
766 772 909 819 solum
941 772 1207 828 audierant,
1236 774 1478 835 Imperato-

191 865 286 896 rem
317 846 582 894 bellicosum
603 848 651 894 &
680 845 941 907 vigilantem
975 845 1145 891 ferrum
1173 845 1361 904 habere,
1384 862 1479 894 non

189 936 360 967 aurum.
390 922 438 965 ln
463 919 555 965 hoc
590 919 697 965 loco
725 918 948 965 Persarum
983 918 1286 965 obstinatione
1324 919 1479 967 tritum

187 993 251 1040 est
273 991 575 1055 quatriduum.
611 992 723 1037 Nam
754 990 1092 1054 progredientes
1123 1006 1206 1037 nos
1238 990 1479 1054 sequeban-

189 1079 262 1114 tur
292 1065 460 1113 crebris
496 1063 846 1110 lacessitionibus
879 1064 1181 1111 retrahentes:
1205 1081 1305 1110 cum
1343 1064 1479 1112 stare-

188 1155 316 1196 mus,
336 1149 385 1182 ut
407 1135 677 1199 pugnaturi,
702 1135 886 1198 gradum
909 1133 1061 1180 sensim
1084 1134 1351 1191 referentes,
1378 1153 1477 1183 mo·

189 1213 250 1259 ris
280 1210 500 1257 diuturnis
529 1209 861 1255 excruciabant.
886 1209 1069 1270 Jamque
1106 1207 1186 1271 (ut
1221 1208 1365 1256 solent
1395 1227 1476 1256 ex-

191 1301 332 1334 trema
368 1283 667 1330 metuentibus
699 1281 831 1328 etiam
865 1279 962 1327 ficta
994 1281 1201 1346 placere)
1238 1282 1353 1330 fama
1389 1284 1478 1331 cir-

191 1358 386 1406 cumlata
408 1392 421 1413 ,
454 1354 564 1402 fines
606 1354 722 1401 haud
757 1355 919 1417 procul
956 1353 1149 1401 limitum
1183 1356 1267 1402 effe
1302 1357 1478 1404 nostro-

121 1479 124 1486 ,
192 1450 322 1489 rum,
341 1430 562 1478 exercitus
587 1428 847 1476 vociferans
872 1429 1161 1486 immodeste,
1181 1430 1274 1476 dari
1297 1430 1375 1477 fibi
1397 1448 1479 1479 co-

193 1505 312 1568 piam
339 1502 593 1549 transeundi
621 1502 818 1566 sigridis
845 1501 1082 1566 flagitabat.
1114 1503 1295 1564 Quibus
1325 1520 1479 1583 oppo-

192 1578 298 1624 situs
329 1592 430 1624 cum
452 1576 698 1622 rectoribus
732 1579 1008 1638 Imperator,
1029 1588 1364 1639 tumentemque
1393 1575 1492 1658 jam.

193 1650 315 1697 canis
345 1661 510 1695 exortu
543 1648 692 1696 sideris
721 1666 897 1695 amnem
926 1648 1189 1705 ostendens,
1210 1665 1267 1696 ne
1288 1648 1328 1696 se
1364 1650 1479 1712 peri-

194 1722 360 1770 culosis
393 1722 728 1769 committerent
763 1722 1010 1787 gurgitibus
1031 1759 1043 1781 ‚
1063 1724 1311 1770 exorabat:
1345 1723 1478 1770 nandi

193 1796 431 1858 imperitos
470 1795 658 1842 afferens
688 1796 772 1842 effe
802 1796 1057 1859 complures
1078 1832 1091 1853 ,
1122 1796 1336 1859 simulque
1362 1797 1477 1856 adji-

194 1869 345 1925 ciens,
368 1869 551 1916 hostiles
578 1886 734 1916 manus
761 1870 865 1917 binc
898 1870 1001 1916 inde
1023 1869 1241 1933 margines
1266 1869 1478 1933 superfuli

193 1942 392 1990 fluminis
425 1943 678 2005 occupasse.
711 1944 796 1990 Sed
829 1960 931 1990 cum
968 1943 1064 1990 haec
1100 1943 1211 2005 saepe
1249 1944 1479 2006 congemi-

193 2015 347 2062 nando
368 2015 661 2079 refragaretur
681 2016 892 2062 incass'um
910 2051 923 2073 ‚
955 2015 1168 2078 milesque
1191 2017 1480 2064 conclamans

192 2104 358 2150 magno
380 2089 686 2135 contentionis
717 2088 893 2153 fragore
917 2088 1160 2134 minaretur
1190 2102 1416 2147 extrema,
1436 2089 1479 2135 id

195 2161 439 2223 imperatur
459 2161 706 2224 aegerrime,
726 2175 775 2208 ut
796 2160 928 2207 mixti
951 2178 1052 2208 cum
1073 2161 1249 2207 ArCtois
1271 2162 1479 2210 Sarmatis

193 2236 311 2281 Galli
357 2252 531 2281 amnem
575 2234 707 2295 primi
750 2235 954 2281 omnium
991 2247 1302 2296 penetrarent:
1329 2247 1379 2282 ut
1410 2236 1479 2284 his

193 2307 500 2371 magnitudine
526 2306 803 2352 fluentorum
830 2305 1023 2368 abreptis
1042 2341 1055 2362 ‚
1078 2305 1357 2352 residuorum
1380 2323 1479 2369 per·

194 2379 355 2426 tinacia
383 2379 694 2443 frangeretur3
725 2392 799 2426 aut
826 2379 856 2426 si
887 2379 931 2426 id
961 2379 1239 2442 perfecissent
1262 2381 1478 2438 innocui,

193 2455 398 2502 transitus
430 2453 642 2503 fidentior
674 2466 933 2503 tentaretur.
968 2453 1195 2520 Electique
1223 2454 1324 2503 sunt
1352 2454 1406 2502 ad
1431 2454 1478 2502 id

1600 2846 1615 2917 'n--ae
