1626 2917
216 161 306 219 1⁷58
399 161 758 209 ,ΑΜΜΙΑΝΙ
810 162 1290 211 MARCELLINI

212 276 339 321 tunt,
361 263 519 310 soccos
539 265 586 310 &
607 264 813 311 Miconas
834 265 1037 324 videbis,
1059 270 1107 315 δ’(
1133 269 1367 316 Lachetas:
1390 286 1491 317 cum

211 339 474 402 adiguntur,
496 351 545 385 ut
565 339 751 385 reddant
765 375 779 395 ,
804 339 865 386 ita
887 341 1182 390 cothurnatos
1203 346 1252 393 &
1268 346 1492 409 turgidos,

210 425 260 458 ut
288 410 546 458 Heraclidas
574 411 678 458 illos
703 411 1030 475 Cresphontem
1056 417 1103 462 &
1129 416 1375 464 Temenum
1411 436 1493 480 pu-

210 498 291 546 tes.
323 483 544 529 Hactenus
582 484 636 530 de
662 483 826 532 senatu.
862 487 997 533 Nunc
1025 487 1078 533 ad
1102 487 1291 536 otiosam
1318 490 1493 552 plebem

210 554 450 603 veniamus
479 557 528 603 &
549 555 738 603 desidem
764 576 775 604 :
802 557 848 604 in
882 576 971 622 qua
1003 560 1147 606 nitent
1165 573 1213 607 ut
1235 563 1493 609 nominibus

209 627 345 677 cultis
371 630 422 676 &
453 628 632 690 quidam
654 629 909 676 calceorum
941 644 1145 693 expertes
1163 667 1176 687 ‚
1201 633 1494 690 Cimeffores,

209 700 421 758 Statarii,
450 700 698 763 Semicupae
718 738 732 759 ,
763 704 810 750 &
845 703 1080 765 Serapim,
1113 707 1162 752 &
1196 706 1494 753 Cicimbricus

208 793 315 825 cum
335 775 585 823 Gluturino
601 811 615 834 ,
637 777 686 824 &
712 794 811 824 cum
836 777 1016 834 Trulla,
1039 779 1085 825 &
1107 779 1360 827 Lucanicus
1392 797 1495 826 cum

210 850 414 896 Pordaca
435 851 483 896 ὅ(
498 849 661 896 Salsula
677 886 691 907 ,
716 842 960 913 similesque
991 852 1228 898 innumeri.
1255 853 1314 898 Hi
1334 868 1496 909 omne,

211 923 339 987 quod
369 922 565 979 vivunt,
593 923 707 970 vino
739 925 788 971 &
820 924 984 971 tess'eris
1019 925 1309 987 impendunt,
1343 928 1391 972 &
1424 926 1506 971 lu-·

210 997 307 1044 stris
328 1033 341 1054 ,
368 998 418 1044 &
446 996 756 1058 voluptatibus
772 1033 785 1054 ,
810 999 859 1044 &
891 997 1146 1060 spectaculis
1169 1017 1180 1045 ε
1202 999 1350 1063 eisque
1381 1012 1495 1045 tem-

166 1133 170 1136 *
212 1073 339 1136 plum
363 1109 375 1130 ‚
407 1074 456 1119 δέ
483 1072 783 1119 habitaculum
802 1108 815 1129 ‚
846 1075 894 1121 &
926 1074 1092 1121 concio
1113 1110 1126 1131 ‚
1158 1078 1206 1122 &
1235 1076 1494 1137 cupitorum

213 1147 310 1207 spes
332 1145 479 1192 omnis
506 1145 664 1191 Circus
684 1145 746 1191 est
764 1146 982 1192 maximus
1006 1165 1017 1192 z
1042 1149 1088 1194 &
1118 1147 1272 1193 videre
1291 1149 1395 1193 licet
1418 1165 1495 1209 per

213 1219 313 1266 fora
331 1253 343 1274 ‚
372 1219 421 1264 &
447 1217 644 1279 compita
661 1253 674 1275 ,
697 1219 746 1264 δε
768 1218 961 1279 plateas,
987 1220 1036 1266 &
1067 1219 1388 1267 conventicula
1409 1222 1494 1267 cir-

213 1288 346 1336 culos
387 1287 554 1333 multos
590 1287 806 1334 collectos
842 1287 887 1334 in
925 1288 966 1334 se
1007 1291 1310 1337 controversis
1344 1290 1495 1354 jurgiis

213 1360 347 1417 fer-ri,
374 1359 471 1406 aliis
483 1359 637 1427 aliud,
668 1373 717 1406 ut
745 1358 818 1417 fit,
850 1359 1202 1409 defendentibus.
1236 1365 1351 1409 Inter
1379 1380 1495 1424 quos

212 1434 287 1491 hi,
307 1433 385 1496 qui
412 1431 468 1478 ad
489 1432 730 1478 satietatem
749 1432 984 1489 vixerunt,
1006 1433 1209 1495 potiores
1234 1435 1497 1481 auctoritate

215 1506 456 1568 longaeva,
481 1519 559 1565 per
577 1518 715 1550 canos
735 1503 784 1550 δι
815 1519 941 1566 rugas
962 1504 1190 1551 clamitant
1212 1505 1326 1568 saepe
1343 1541 1355 1564 ,
1380 1523 1497 1552 rem·

215 1577 442 1642 publicam
473 1576 580 1622 stare
602 1591 697 1622 non
727 1575 849 1637 poffe
873 1611 887 1634 ,
921 1576 950 1622 s1
978 1575 1125 1623 futura
1160 1579 1499 1625 concertatione

217 1667 352 1715 quem
381 1648 563 1712 quisque
596 1648 797 1696 vindicat
820 1684 834 1705 ‚
865 1649 1115 1696 carceribus
1149 1667 1245 1697 non
1277 1652 1501 1698 exsiluerit

216 1725 451 1789 princeps,
473 1723 522 1769 &
544 1720 767 1768 funalibus
789 1722 913 1785 equis
933 1740 1089 1785 parum
1110 1725 1389 1771 cohaerenter
1415 1724 1500 1771 cir-

219 1795 506 1846 cumflexerit
537 1807 715 1841 metam.
758 1796 811 1841 Et
852 1796 928 1841 ubi
968 1796 1247 1859 negligentiae
1280 1809 1400 1844 tanta
1440 1797 1501 1843 est

219 1870 358 1917 caries
379 1904 392 1926 ‚
437 1880 655 1928 exoptato
691 1867 761 1914 die
794 1867 1064 1931 equestrium
1102 1869 1309 1916 ludorum
1343 1870 1500 1916 illuce-

220 1945 367 1991 scente
384 1979 397 1999 ‚
427 1944 633 1990 nondum
657 1941 760 1990 solis
781 1960 898 2005 puro
925 1942 1082 2005 jubare
1102 1979 1116 2002 ‚
1148 1943 1323 1991 effufius
1345 1960 1503 1992 omnes

220 2018 428 2065 festinant
459 2016 711 2079 praecipites
727 2052 739 2073 ,
762 2030 812 2062 ut
838 2017 1079 2064 velocitate
1109 2034 1260 2063 currus
1281 2017 1399 2079 ipsos
1417 2034 1500 2062 an·-

220 2103 367 2138 teeant
390 2102 634 2136 certaturos
656 2107 666 2136 :
687 2088 814 2151 super
831 2106 1026 2153 quorum
1047 2103 1213 2137 eventu
1232 2089 1390 2136 disciffi
1414 2105 1499 2135 vo-

220 2176 373 2211 torum
413 2163 562 2209 studiis
581 2199 596 2220 ,
617 2163 738 2209 anxii
767 2163 946 2226 plurimi
977 2176 1114 2227 agunt
1146 2163 1389 2227 pervigiles
1416 2179 1501 2209 no-

223 2238 321 2285 fles.
353 2237 484 2283 Unde
516 2237 548 2282 si
581 2237 635 2282 ad
665 2237 919 2282 theatralem
959 2249 1143 2282 ventum
1176 2235 1309 2282 fuerit
1345 2235 1500 2282 vilita-

224 2323 315 2357 tem
336 2344 350 2367 ,
377 2307 566 2356 artifices
595 2308 776 2355 scenarii
810 2326 887 2372 per
915 2307 1065 2356 sibilos
1098 2309 1403 2370 exploduntur
1422 2344 1435 2365 ‚
1469 2308 1499 2356 fi

225 2381 325 2444 quis
341 2379 419 2427 fibi
440 2397 525 2426 aere
544 2381 830 2428 humiliorem
851 2398 944 2427 non
971 2380 1284 2427 conciliaverit
1311 2381 1499 2443 plebem.

229 2455 324 2516 Qui
352 2455 384 2503 fi
412 2453 599 2503 defuerit
632 2456 863 2520 strepitus,
883 2456 938 2503 ad
965 2454 1262 2505 imitationem
1291 2456 1498 2505 Tauricae
