1626 2917
190 206 283 254 322
396 192 751 240 AMMIANI
797 192 1286 242 MARCELLINI

187 299 381 357 malum,
411 299 623 346 assuetum
659 299 890 346 elementis
927 300 1178 360 ambobus,
1213 301 1365 365 lingua
1401 317 1480 349 ca-

189 391 293 422 rens
315 411 326 429 ,
352 373 577 420 maxillam
600 373 876 435 superiorem
896 391 1196 422 commovens
1217 376 1381 434 solam,
1401 391 1480 422 or-

187 448 292 494 dine
325 447 523 494 dentium
547 448 769 510 pefflnato
787 483 799 505 ‚
828 448 1088 510 perniciosis
1108 450 1328 497 morsibus
1346 449 1480 513 quid-

185 520 297 581 quid
326 519 570 583 contigerit
598 519 882 582 pertinaciter
915 533 1070 583 petens
1091 556 1105 578 ,
1127 538 1206 583 per
1226 537 1320 569 ova
1343 522 1479 569 edens

188 591 329 639 foetus
365 592 579 640 anserinis
609 592 780 639 similia.
813 594 965 656 thue
990 606 1184 641 armatus
1219 593 1280 641 est
1315 594 1480 658 ungui-

185 665 268 712 bus
289 702 302 723 ,
333 666 361 711 fi
392 666 574 712 haberet
606 666 737 712 etiam
763 666 978 728 pollices,
1004 668 1059 713 ad
1078 667 1343 714 evertendas
1361 684 1479 732 quo-

187 756 276 803 que
306 756 443 787 naves
466 740 688 787 sufficeret
718 740 891 786 viribus
914 740 1114 803 magnis:
1145 741 1200 788 ad
1222 741 1482 788 cubitorum

187 815 308 859 enirn
334 813 666 877 longitudinem
700 815 854 862 decem
875 814 1101 862 interdum
1133 828 1368 871 extentus,
1392 831 1481 862 no-

186 885 330 933 &ibus
357 886 587 949 quiescens
619 904 697 949 per
727 887 866 933 undas
886 922 900 944 ,
920 886 1075 933 diebus
1102 887 1227 934 humi
1257 887 1481 944 vescitur,

187 958 463 1007 confidentia
497 962 612 1008 cutis
633 995 645 1016 ‚
679 979 816 1025 quam
841 961 903 1008 ita
929 961 1124 1009 validam
1156 960 1268 1024 gerit
1285 997 1299 1019 ,
1319 973 1369 1008 ut
1389 959 1484 1023 ejus

186 1045 311 1097 terga
349 1035 628 1097 cataphrafsa
659 1035 742 1081 vix
776 1047 1115 1082 tormentorum
1139 1033 1297 1081 iffibus
1330 1033 1484 1097 perfo-

187 1120 356 1155 rentur.
382 1111 437 1155 Et
455 1108 689 1156 saevientes
709 1108 880 1171 semper
899 1108 1066 1155 eaedem
1097 1106 1202 1154 ferae
1219 1143 1233 1167 ,
1255 1107 1375 1171 quali
1407 1125 1485 1170 pa·-

190 1183 264 1230 &o
294 1182 466 1229 foedere
497 1184 696 1247 quodam
729 1181 964 1242 castrensi,
984 1198 1062 1246 per
1086 1183 1252 1245 septem
1274 1182 1484 1228 caerimo-

189 1253 346 1302 niosos
373 1255 464 1302 dies
499 1254 738 1302 mitescunt
757 1290 771 1313 ,
799 1255 854 1302 ab
885 1254 1014 1302 omni
1043 1254 1212 1302 saevitia
1237 1254 1483 1302 desciscen-

189 1344 257 1376 tes
279 1363 291 1385 ‚
326 1327 492 1390 quibus
526 1326 778 1374 sacerdotes
808 1327 1014 1389 Memphi
1051 1327 1215 1373 natales
1252 1327 1483 1375 celebrant

190 1399 316 1463 Apis.
338 1401 504 1446 Praeter
528 1415 606 1446 eos
633 1409 780 1446 autem
799 1434 812 1456 ‚
835 1398 911 1462 qui
935 1398 1121 1446 fortuita
1146 1410 1336 1462 pereunt
1360 1416 1483 1446 mor·

188 1485 260 1530 te,
295 1472 370 1519 alii
397 1472 715 1534 dirumpuntur
747 1470 936 1518 suffoffis
970 1470 1086 1518 alvis
1115 1470 1329 1518 mollibus
1350 1472 1482 1520 certis

192 1546 389 1594 ferarum
417 1542 699 1591 dorsualibus
729 1541 911 1600 crustis,
937 1557 1046 1605 quas
1079 1541 1301 1604 delphinis
1321 1542 1484 1591 similes

191 1618 335 1667 nutrit
368 1617 535 1666 fluvius
568 1616 812 1664 antediEtus
833 1633 844 1664 :
869 1615 945 1663 alii
979 1615 1120 1662 exitio
1142 1616 1368 1663 intereunt
1390 1616 1483 1666 tali.

189 1691 437 1742 Trochilus
472 1690 652 1739 avicula
688 1690 872 1747 brevis,
901 1690 1006 1735 dum
1038 1687 1236 1735 escarum
1269 1688 1486 1739 minutias

193 1784 345 1831 captat
362 1803 375 1825 ‚
409 1767 528 1815 circa
549 1768 788 1815 cubantem
818 1765 954 1812 feram
979 1763 1178 1811 volitans
1198 1763 1385 1822 blande,
1407 1782 1486 1828 ge-

193 1842 361 1906 nasque
397 1839 493 1901 ejus
535 1839 748 1887 irritatius
785 1836 1012 1884 titillando
1046 1834 1254 1899 pervenit
1289 1837 1485 1900 adusque

192 1913 333 1976 ipsam
366 1911 583 1960 viciniam
619 1909 825 1975 gutturis.
871 1910 1014 1970 Quod
1060 1907 1223 1956 faElum
1259 1922 1484 1957 contuens

193 1986 372 2050 hydrus
388 2020 401 2041 ,
428 1983 745 2031 ichneumonis
772 1998 911 2046 genus
932 2017 946 2042 ,
975 1981 1068 2028 oris
1090 1982 1257 2028 aditum
1279 1992 1486 2044 penetrat

194 2058 299 2107 alite
328 2057 496 2121 praevia
526 2055 790 2120 patefaEtum
811 2091 824 2113 ‚
851 2058 899 2104 ὅ(
923 2055 1141 2118 populato
1178 2072 1339 2102 ventre
1369 2055 1484 2102 vita-

193 2132 311 2180 libus
340 2130 623 2178 dilancinatis
646 2128 852 2192 erumpit.
876 2128 1033 2176 Audax
1053 2141 1199 2176 tamen
1221 2129 1485 2177 crocodilus

193 2204 445 2253 monstrum
485 2204 754 2268 fugacibus;
781 2205 855 2249 ubi
894 2204 1105 2250 audacem
1138 2202 1340 2257 senserit,
1362 2203 1486 2250 timi-

195 2279 418 2326 dissimum
437 2314 450 2336 ‚
479 2279 529 2325 δέ
551 2279 595 2324 in
626 2291 743 2324 terra
769 2277 940 2324 acutius
961 2293 1170 2333 cernens,
1191 2293 1269 2339 per
1289 2289 1484 2338 quatuor

197 2350 367 2399 menses
402 2351 615 2398 hibernos
647 2350 773 2397 nullo
803 2349 923 2397 vesci
956 2349 1120 2396 dicitur
1150 2349 1271 2395 cibo.
1304 2349 1484 2412 Hippo-

197 2423 370 2486 potami
408 2439 589 2485 quoque
615 2420 954 2489 generanturnin
985 2421 1073 2467 illis
1105 2422 1335 2483 partibus,
1366 2422 1484 2470 ultra

197 2493 406 2544 animalia
433 2495 594 2544 cunCta
623 2493 798 2544 ratione
820 2488 1016 2543 carentia
1035 2492 1294 2558 sagacissimi
1313 2493 1368 2541 ad
1391 2493 1486 2558 spes
