1626 2917
174 211 259 253 166
388 209 721 254 Auum-Nl
758 210 1228 255 MARCELLINI

167 312 399 375 profutura
446 314 690 359 discernere
735 330 1058 375 nonnunquam
1101 318 1148 362 ὅ(
1196 316 1405 362 nocentia
1426 350 1442 375 ,

166 402 358 446 quorum
405 401 572 434 mentes
613 401 822 449 cognatas
858 390 1114 434 coelestibus
1150 391 1442 445 arbitramur,

165 458 367 504 animalia
403 459 577 505 ratione
614 460 808 506 carentia
844 460 1021 506 salutem
1065 462 1181 508 suam
1221 463 1443 508 interdum

165 533 260 578 alto
282 533 394 578 tueri
415 533 589 579 silentio
615 534 783 580 solent:
808 546 855 580 ut
876 535 1126 597 exemplum
1149 535 1210 581 est
1235 537 1322 583 hoc
1344 554 1444 597 per-

167 621 299 662 quam
331 619 504 652 notum.
527 608 806 670 *Linquentes
828 609 1059 654 Orientem
1087 608 1256 656 anseres
1285 610 1345 655 ob
1369 626 1443 655 ca-

166 674 308 722 lorem
322 713 334 735 ‚
352 678 609 741 plagamque
627 692 824 740 petentes
843 680 1074 726 occiduam
1090 716 1103 736 ,
1123 697 1222 726 cum
1243 695 1445 728 montem

166 760 399 808 penetrare
436 751 659 810 coeperint
695 752 892 797 Taurum
928 751 1086 812 aquilis
1118 753 1445 809 abundantem,

168 817 376 866 timentes
403 821 656 868 fortiffimas
683 823 918 878 volucres,
937 823 1076 869 rostra
1099 824 1260 886 lapillis
1288 826 1445 871 occlu-

169 890 305 949 dunt,
327 909 381 938 ne
413 893 476 940 eis
506 893 653 939 eliciat
676 894 750 939 vel
782 893 1007 940 neceffitas
1031 906 1226 941 extrema
1257 896 1447 958 clango-

169 978 291 1009 rem:
312 963 553 1024 iisdemque
579 965 770 1012 collibus
799 964 982 1027 agiliore
1015 965 1173 1011 volatu
1192 965 1448 1013 transcursis

166 1034 420 1096 projiciunt
442 1037 638 1084 calculos
655 1073 668 1093 ‚
692 1050 824 1099 atque
853 1036 913 1081 ita
943 1036 1135 1082 securius
1160 1050 1360 1100 pergunt.

235 1109 312 1153 lv.
340 1109 464 1155 Dum
492 1111 608 1171 apud
627 1109 834 1155 Sirmium
868 1109 962 1154 haec
991 1109 1217 1172 diligentia
1238 1128 1448 1172 quaerun-

171 1189 244 1226 tur
261 1181 453 1243 impensa
467 1218 480 1238 ,
495 1182 695 1229 Orientis
715 1182 894 1228 fortuna
914 1182 1214 1244 periculorum
1234 1184 1450 1231 terribiles

170 1253 296 1300 tubas
317 1255 513 1302 inflabat.
543 1258 640 1301 Rex
659 1257 776 1302 enim
799 1256 980 1301 Persidis
1009 1255 1200 1302 ferarum
1223 1257 1418 1319 gentium
1434 1291 1449 1314 ,

171 1344 281 1389 quas
299 1329 516 1390 placarat,
538 1328 802 1388 adjumentis
823 1328 1063 1385 accindus,
1084 1329 1362 1391 augendique
1383 1345 1450 1374 re-

171 1399 249 1461 gni
270 1400 512 1462 cupiditate
533 1401 658 1463 supra
688 1400 894 1446 homines
925 1400 1139 1462 flagrans,
1160 1418 1279 1447 arma
1311 1401 1450 1447 vires-

172 1488 262 1533 que
291 1474 472 1535 parabat
503 1475 551 1520 &
582 1484 883 1527 commeatus,
913 1470 1095 1518 consilia
1122 1471 1319 1518 tartareis
1355 1490 1451 1519 ma-

171 1544 303 1591 nibus
334 1547 520 1593 miscens
540 1582 553 1603 ‚
584 1547 633 1593 &
661 1543 999 1607 praestigiatores
1027 1561 1183 1590 omnes
1214 1544 1452 1592 consulens

171 1616 227 1662 de
247 1617 408 1666 futuris
430 1639 438 1665 :
461 1619 615 1682 hisque
640 1618 739 1664 satis
770 1617 967 1664 colleffis
983 1653 996 1672 ‚
1018 1618 1262 1678 pervadere
1293 1619 1450 1665 cun&a

171 1691 315 1753 prima
335 1693 462 1739 verni
484 1691 695 1754 temperie
725 1691 960 1754 cogitabat.
994 1692 1046 1736 Et
1067 1708 1166 1737 cum
1185 1691 1278 1738 haec
1301 1691 1451 1754 primo

172 1779 410 1822 rumores,
443 1765 547 1810 dein
587 1763 730 1811 nuntii
763 1763 872 1810 certi
903 1762 1176 1826 perferrent,
1207 1763 1450 1826 omnesque

171 1835 400 1896 suspensos
440 1837 775 1882 adventantium
816 1835 1113 1882 calamitatum
1153 1835 1448 1898 complicaret

171 1925 329 1969 magna
355 1908 578 1966 formido,
601 1908 901 1955 comitatensis
928 1907 1091 1955 fabrica
1116 1909 1298 1954 eandem
1318 1910 1448 1954 incu-

172 1980 272 2025 dem
287 2015 300 2037 ‚
324 1993 373 2026 ut
393 1980 554 2026 dicitur
569 2017 583 2037 ,
613 1981 688 2027 diu
714 1982 940 2043 no&uque
964 1980 1193 2026 tundendo
1215 1981 1267 2026 ad
1289 1981 1449 2042 spado-

170 2068 278 2098 num
304 2052 562 2109 arbitrium,
582 2054 842 2115 Imperatori
874 2053 1077 2116 suspicaci
1106 2070 1153 2100 ac
1184 2053 1343 2099 timido
1374 2054 1447 2098 in-

171 2124 381 2171 tendebat
405 2125 682 2181 Urficinum‚
708 2126 833 2173 velut
858 2126 1009 2172 vultus
1034 2125 1270 2187 Gorgonei
1297 2125 1450 2172 torvi·

172 2208 306 2244 tatem
329 2215 338 2243 :
364 2198 458 2246 haec
480 2198 590 2261 saepe
610 2199 801 2262 taliaque
824 2199 1064 2262 replicans,
1083 2200 1207 2261 quod
1233 2200 1449 2244 interem-

172 2279 223 2313 to
267 2268 482 2327 Silvano,
520 2271 639 2334 quasi
682 2272 866 2333 penuria
899 2271 1134 2317 meliorum
1177 2271 1229 2316 ad
1262 2271 1448 2318 tuendas

173 2352 318 2403 partes
339 2343 452 2389 ans
472 2343 619 2389 denuo
644 2344 789 2390 miffus
806 2380 820 2402 ,
840 2342 968 2390 altius
988 2343 1232 2388 anhelabat.
1252 2343 1346 2388 Hac
1367 2359 1448 2388 au-

172 2425 263 2459 tem
298 2413 535 2461 assentandi
562 2415 696 2462 nimia
731 2416 934 2463 foeditate
970 2415 1158 2463 mercari
1195 2416 1447 2478 complures

170 2485 429 2534 nitebantur
456 2487 630 2536 Eusebii
656 2487 862 2538 favorem
877 2523 892 2550 ‚
914 2487 1112 2538 cubiculi
1139 2501 1245 2536 tunc
1264 2504 1446 2553 praepoff
