1626 2917
1329 212 1415 255 2⁷55

228 363 675 436 AMMIANI
735 364 1341 437 MARCELLJNI

142 563 628 654 RERUM
689 562 1420 655 GESTARUM

483 777 832 833 LIBER
900 779 1051 838 XX.

142 1086 350 1136 Lupicinus
374 1084 549 1136 magister
578 1097 771 1124 armorum
796 1084 974 1125 adversus
1002 1086 1205 1125 Scotorum
1236 1088 1270 1126 ἃ
1299 1086 1420 1125 Piero-

191 1161 278 1186 rum
298 1147 531 1186 incurfiones
547 1147 586 1185 in
604 1147 818 1187 Britannias
843 1159 931 1186 cum
955 1147 1125 1187 exercitu
1141 1148 1316 1187 mittitur.
1331 1151 1366 1188 C.
1387 1151 1416 1187 l.

192 1211 380 1251 Ursicinus
403 1210 578 1261 magister
603 1211 780 1260 peditum
802 1209 1056 1258 Prcesentalis,
1081 1210 1279 1250 calumniis
1298 1224 1422 1261 appe-

191 1275 286 1313 titus
309 1273 544 1324 discingitur.
561 1273 608 1312 ΙΙ.
626 1273 807 1313 Defectus
834 1271 944 1312 solis:
967 1274 1001 1311 ἃ
1022 1273 1070 1311 de
1084 1271 1235 1311 duobus
1253 1272 1418 1320 solibus;

191 1348 237 1377 ac
255 1336 303 1375 de
325 1336 442 1375 caulis
469 1336 691 1376 defectuum
716 1335 806 1375 solis
825 1336 865 1374 &
887 1334 1006 1383 lunae3
1035 1336 1157 1385 deque
1183 1335 1294 1374 variis
1319 1335 1418 1374 lunae

191 1398 473 1438 mutationibus
494 1411 539 1437 ac
560 1398 704 1449 figuris.
730 1398 800 1436 III.
828 1395 1001 1445 Julianus
1020 1397 1061 1436 C.
1085 1410 1104 1436 a
1133 1396 1315 1436 militibus
1331 1396 1419 1437 Gal-

193 1460 350 1507 licanis,
375 1472 469 1509 quos
489 1458 730 1498 Constantius
752 1457 819 1507 ipsi
840 1456 985 1496 detrahi
999 1487 1010 1503 ,
1030 1459 1064 1496 ἃ
1090 1458 1129 1495 in
1145 1459 1330 1496 orientem
1350 1459 1420 1497 ad·

193 1522 318 1562 versus
346 1521 473 1562 Persas
501 1522 694 1565 transferri
717 1521 891 1571 jufferat,
910 1521 1069 1561 Lutetiae
1091 1520 1334 1569 Pariliorum,
1351 1521 1416 1560 ubi

193 1584 414 1632 hiemabat,
437 1596 505 1634 per
527 1585 604 1623 vim
633 1585 817 1635 Augustus
836 1585 1061 1636 appellatur.
1089 1586 1154 1626 IV.
1177 1584 1350 1634 Julianus
1375 1587 1417 1625 A,

195 1647 426 1687 concionem
450 1645 567 1685 habet
590 1647 639 1685 ad
665 1646 816 1686 milites.
851 1649 895 1688 V.
919 1649 1076 1698 Singara
1092 1661 1114 1686 a
1134 1648 1273 1697 Sapore
1294 1661 1418 1698 oppu-

194 1719 309 1761 gnata
334 1712 368 1750 ἃ
399 1717 538 1761 capta:
567 1710 749 1760 oppidani
775 1724 864 1750 cum
888 1710 1076 1759 equitibus
1105 1709 1354 1749 auxiliaribus
1381 1712 1415 1749 Sc

193 1772 343 1820 duabus
366 1771 580 1823 legionibus
604 1774 837 1823 praesidiariis
858 1773 896 1811 in
924 1773 1108 1813 Persidem
1136 1772 1289 1812 abducti
1310 1786 1318 1812 :
1346 1786 1416 1823 op-

193 1835 330 1887 pidum
349 1835 534 1877 excisum.
562 1836 622 1875 Vl.
653 1836 855 1875 Bezabden
872 1835 1083 1886 oppidum,
1106 1848 1126 1874 a
1154 1834 1274 1874 tribus
1292 1834 1417 1886 legio-

193 1897 306 1936 nibus
331 1897 548 1944 deFensum,
573 1898 692 1947 Sapor
716 1906 934 1947 expugnat,
952 1910 995 1936 ac
1014 1905 1229 1948 reparatum
1246 1897 1415 1947 praefidio

194 1966 494 2008 commeatuque
511 1957 658 1997 instruit
675 1971 684 1997 z
702 1958 804 1997 idem
827 1957 971 1996 Virtam
987 1959 1269 1996 munimentum
1287 1957 1418 1998 frustra

195 2020 375 2062 adoritur.
394 2021 482 2060 VII.
512 2019 687 2069 Julianus
709 2021 748 2060 A.
774 2032 839 2069 per
861 2018 986 2059 literas
1013 2020 1274 2060 Constantium
1299 2023 1340 2061 A.
1370 2022 1419 2060 de

193 2095 234 2121 re
256 2082 413 2122 Lutetiae
429 2081 527 2132 gesta
544 2082 747 2121 certiorem
764 2081 869 2121 facit.
891 2083 997 2122 VIII.
1034 2082 1273 2122 Constantius
1296 2084 1339 2123 A.
1355 2084 1420 2132 Ju-

194 2143 340 2184 lianum
361 2143 514 2184 Caesaris
530 2146 692 2184 nomine
713 2151 938 2183 contentum
958 2143 1030 2183 efl'e
1044 2144 1177 2194 jubet,
1202 2145 1418 2196 legionibus

198 2205 404 2247 Gallicanis
419 2221 496 2249 uno
510 2208 639 2252 animo
657 2208 870 2247 constanter
884 2207 1189 2260 repugnantibus,
1207 2210 1276 2248 IX.
1296 2203 1420 2257 Julia-

195 2281 267 2308 nus
282 2271 324 2309 A.
351 2269 517 2309 Francos
540 2271 774 2321 cognomine
791 2270 980 2309 Attuarios
1004 2277 1105 2309 trans
1120 2271 1301 2311 Rhenum
1328 2273 1419 2310 ino-

196 2331 371 2382 pinantes
394 2331 607 2383 aggoeffim,
628 2333 710 2383 post
738 2331 920 2382 plurimos
941 2333 1078 2383 partim
1103 2342 1257 2385 captos,
1281 2335 1418 2384 partim

197 2393 368 2444 occisos,
391 2396 524 2435 ceteris
555 2409 689 2446 pacem
716 2396 938 2447 petentibus
963 2396 1077 2435 dedit.
1103 2399 1150 2436 X.
1181 2397 1417 2437 Constantius

197 2461 241 2498 A.
263 2458 465 2498 Bezabden
488 2459 668 2498 omnibus
684 2460 804 2510 copiis
828 2468 1108 2512 oppugnat,ac
1129 2472 1168 2499 rc
1184 2460 1323 2501 infecta
1338 2457 1421 2498 dis·-

197 2519 322 2563 cedit:
345 2521 379 2560 ὃ(
409 2521 456 2561 de
482 2534 569 2562 arcu
599 2521 753 2563 coelesti.
779 2524 850 2562 XI,

1039 2587 1138 2646 04
