1626 2917
217 98 278 145 66
364 96 634 144 AMMIANI
673 96 1046 143 MARCELLINI
1080 99 1181 143 ΜΒ.
1216 96 1368 143 XXV.

217 207 407 253 ssionem
445 202 748 265 comperimus
794 203 1015 267 agitatam.
1063 204 1300 252 Incedebat
1348 216 1498 250 autem

215 296 345 328 motu
375 279 581 341 corporis
612 278 772 342 gravi,
804 279 933 325 vultu
961 278 1177 325 laetiffimo
1199 315 1212 337 ‚
1238 279 1382 326 oculis
1412 296 1499 324 cae·

212 354 315 409 slis,
344 351 464 399 vasta
494 351 763 414 proceritate
797 354 843 399 &
876 351 1010 398 ardua
1032 387 1044 408 ,
1067 352 1180 398 adeo
1206 365 1254 399 ut
1290 353 1366 399 diu
1393 352 1498 397 nul·

215 427 306 473 lum
335 425 645 471 indumentum
672 426 843 488 regium
867 426 922 470 ad
954 425 1202 471 mensuram
1225 427 1316 488 ejus
1345 438 1497 489 aptum

213 499 504 546 inveniretur.
529 500 581 544 Et
600 499 795 544 aemulari
815 499 1004 544 malebat
1025 499 1352 559 Constantium,
1368 513 1498 562 agens

213 571 324 618 seria
354 572 556 635 quaedam
588 570 824 633 aliquoties
850 571 949 633 post
979 570 1208 617 meridiem
1230 590 1240 618 z
1265 570 1496 634 iocarique

213 644 360 707 palam
380 661 481 691 cum
503 643 725 706 proximis
748 644 947 690 assuetus.
969 643 1232 690 Christianae
1255 644 1361 708 legis
1380 645 1497 690 idem

214 717 431 763 studiosus
447 753 459 774 ‚
481 719 530 765 ὅ(
561 733 890 779 nonnunquam
918 715 1201 763 honorificus
1219 752 1231 774 ‚
1252 716 1496 764 mediocri-

215 802 281 837 ter
310 791 507 837 eruditus
526 826 538 848 ‚
562 790 787 853 magisque
812 791 1061 838 benevolus
1079 826 1092 847 ,
1123 792 1173 838 &
1204 790 1461 852 perpensius
1482 826 1496 847 ‚

213 882 264 912 ut
293 866 533 927 apparebat
555 881 609 911 ex
635 864 785 927 paucis
802 901 814 921 ,
835 880 950 927 quos
976 875 1302 927 promoverat,
1325 862 1497 925 judices

214 938 434 984 electurus
470 956 481 983 z
521 937 630 983 edax
679 948 827 984 tamen
850 973 865 993 ‚
895 938 943 984 &
981 936 1096 983 vino
1131 936 1389 998 Venerique
1424 936 1498 982 in-

213 1010 398 1074 dulgens
421 1044 434 1066 ‚
465 1026 565 1073 quae
598 1007 708 1055 vitia
744 1007 963 1069 imperiali
1000 1006 1271 1055 verecundia
1308 1006 1496 1054 forfitan

213 1081 487 1130 correxisset.
533 1081 786 1128 Dicebatur
829 1093 975 1127 autem
1022 1080 1330 1127 Varronianus
1372 1093 1498 1143 pater

213 1156 307 1218 ejus
328 1155 505 1203 monitu
519 1154 740 1215 cujusdam
758 1154 902 1201 somni
922 1154 1090 1200 dudum
1113 1153 1347 1216 proesciffe‚
1367 1154 1493 1217 quod

212 1231 397 1286 evenit,
420 1231 554 1293 idque
573 1229 752 1275 duobus
776 1228 928 1275 amicis
957 1227 1223 1274 commififfe
1247 1227 1459 1275 fidiffimis
1480 1263 1495 1287 ‚

215 1304 298 1350 illo
339 1302 542 1364 adjecto,
571 1301 695 1365 quod
724 1300 805 1364 ipfi
836 1318 1020 1365 quoque
1059 1301 1306 1348 deferretur
1342 1304 1494 1350 trabea

215 1375 479 1423 consularis.
512 1374 596 1421 Sed
621 1374 861 1437 impetrato
888 1390 984 1421 uno
1004 1410 1017 1431 ‚
1051 1373 1230 1436 adipisci
1269 1385 1365 1421 non·
1407 1392 1495 1438 po-

215 1449 303 1495 tuit
330 1447 466 1496 aliud.
501 1445 666 1494 Audita
702 1445 821 1492 enim
853 1444 933 1492 filii
963 1445 1147 1492 celsiore
1176 1445 1384 1506 fortuna,
1414 1464 1496 1494 an-

215 1534 397 1584 tequam
434 1536 538 1567 eum
561 1518 736 1565 videret
754 1554 767 1575 ,
795 1516 915 1564 fatali
952 1531 1211 1579 praeventus
1244 1519 1304 1566 est
1332 1534 1494 1569 morte.

216 1594 274 1640 Et
317 1593 423 1656 quia
465 1592 572 1639 huic
614 1590 791 1638 nomini
832 1589 1146 1653 ampliffimum
1190 1592 1493 1655 magistratum

216 1665 462 1729 portendi,
493 1681 573 1727 per
604 1664 802 1727 quietem
834 1663 1093 1725 praediEtum
1129 1663 1190 1710 est
1224 1663 1346 1711 seni:
1377 1669 1493 1712 Var-

214 1738 432 1786 ronianus
473 1752 614 1800 nepos
652 1735 747 1798 ejus
784 1736 930 1782 infans
968 1735 1198 1782 etiamtum
1222 1772 1237 1795 ,
1274 1754 1375 1784 cum
1414 1742 1494 1787 Jo-

217 1812 359 1893 vianq
405 1823 527 1874 patre
565 1809 809 1857 declaratus
851 1808 943 1868 est,
973 1819 1021 1855 ut
1062 1808 1190 1872 supra
1224 1812 1488 1874 retulimus,

218 1883 390 1933 consui·
