1626 2917
276 136 370 187 DE
403 133 944 208 CVONSTANTINO
979 133 1041 181 M.
1077 146 1189 180 ETC.
1291 150 1376 197 301

105 241 182 290 est.
208 241 431 300 Licinius,
453 242 680 305 desperata
700 240 832 288 maris
863 239 963 303 spe,
984 256 1075 302 per«
1093 239 1218 302 quod
1241 238 1283 285 se
1313 241 1389 287 vi·-

105 316 231 361 derat
257 315 572 371 obsidendum,
593 315 928 361 Chalcedonam
952 330 1054 360 cum
1079 311 1293 358 thesauris
1314 329 1388 358 re·-

103 384 235 448 fugit.
263 386 528 449 Byzantium
561 384 879 432 Constantinus
914 381 1079 429 invafit
1104 414 1117 437 ‚
1149 380 1388 428 vi&oriam

104 459 374 506 maritimam
405 459 567 522 Crispo
593 457 896 506 conveniente
927 454 1220 519 cognoscens.
1241 455 1390 501 Dein-

106 531 161 577 de
186 531 302 594 apud
321 531 648 596 Chrysopolim
674 530 872 578 Licinius
904 526 1213 591 [pugnavit,]
1243 526 1391 573 maxi-

105 621 179 650 me
216 605 533 651 auxiliantibus
568 604 736 651 Gothis
759 639 771 660 ‚
801 618 916 666 quos
956 600 1175 664 Aliquaca
1212 599 1391 662 Regalis

105 676 380 725 deduxerat:
410 689 511 724 cum
534 675 820 724 Constantini
845 691 944 738 pars
968 673 1157 722 vincens
1179 687 1292 718 xxv
1323 674 1392 719 M.'

103 762 380 798 armatorum
411 751 524 799 fudit
556 751 692 814 partis
722 749 948 807 adversae,
986 748 1144 796 ceteris
1179 746 1392 810 fugienti-

104 823 202 871 bus.
229 824 383 871 Postea
403 842 506 872 cum
528 825 728 888 legiones
747 822 1029 871 Constantini
1051 839 1128 885 per
1146 822 1392 868 Liburnam

105 897 266 944 venire
293 898 534 955 vidissent,
559 897 767 960 projectis
789 897 921 943 armis
942 896 982 942 se
1010 896 1290 942 dediderunt.
1317 897 1393 941 Se-

106 970 262 1031 quenti
294 983 442 1017 autem
486 972 556 1017 die
595 970 860 1017 Constantia
900 970 1030 1016 soror
1065 970 1392 1027 Constantini,

105 1059 228 1088 uxor
251 1034 446 1101 Licinii,
469 1043 597 1090 venit
622 1044 676 1090 ad
695 1043 832 1090 castra
858 1043 1029 1099 fratris,
1055 1045 1103 1091 &
1132 1043 1294 1089 marito
1320 1042 1395 1090 viss-

106 1125 198 1160 tam
227 1115 438 1177 poposcit
456 1149 471 1173 ,
497 1117 548 1163 &
578 1114 853 1177 impetravit.
881 1116 944 1161 Ita
974 1114 1174 1161 Licinius
1195 1115 1396 1176 privatus

105 1186 248 1236 faetus
276 1188 370 1247 est,
398 1190 447 1236 &
481 1187 710 1235 convivio
747 1187 1038 1248 Constantini
1069 1188 1320 1235 adhibitus:
1345 1190 1397 1235 δε

105 1260 385 1307 Martiniano
427 1260 523 1307 vita
563 1259 768 1306 conceffa
802 1258 877 1305 est.
917 1259 1000 1304 Sed
1049 1260 1252 1307 Herculii
1297 1263 1395 1306 Ma-

105 1332 297 1380 ximiani
323 1331 470 1379 soceri
500 1331 566 1378 sui
595 1344 748 1378 motus
780 1331 989 1393 exemplo
1006 1366 1019 1388 ,
1042 1348 1098 1378 ne
1132 1332 1292 1379 iterum
1316 1334 1397 1379 de-'

105 1407 299 1470 pofitam
328 1424 570 1470 purpuram
602 1407 649 1453 in
679 1406 925 1470 perniciem
957 1407 1218 1470 reipublicae
1249 1409 1397 1455 sume-

107 1492 178 1527 ret
198 1516 213 1538 ,
239 1480 435 1529 tumultu
471 1480 651 1527 militari
675 1480 957 1544 exigentibus
996 1481 1042 1526 in
1076 1481 1398 1529 Thessalonica

107 1550 229 1615 juffit
258 1552 437 1609 occidi3
461 1552 783 1599 Martinianum
812 1552 859 1597 in
879 1552 1170 1614 Cappadocia
1190 1553 1301 1617 :qui
1328 1570 1399 1600 re-

108 1624 267 1688 gnavit
293 1642 397 1673 ann.
426 1639 546 1684 xlx,
568 1624 665 1672 filio
699 1627 749 1673 &
778 1642 920 1671 uxore
953 1625 1209 1689 superstite:
1238 1622 1400 1691 quam-

111 1697 184 1746 vis
221 1699 432 1746 omnibus
474 1697 563 1761 jam
600 1698 812 1751 ministris
855 1698 1035 1746 nefariae
1071 1700 1398 1763 persecutionis

110 1771 337 1818 exstinctis
353 1807 368 1829 ,
386 1773 510 1819 hunc
529 1787 712 1834 quoque
727 1771 802 1829 ,in
824 1786 1040 1832 quantum
1061 1788 1270 1819 exercere
1291 1776 1401 1835 [po-⁵

111 1841 253 1908 tui't,]
273 1844 604 1908 persecutorem
631 1844 766 1907 digna
797 1844 973 1907 punitio
1004 1844 1236 1907 flagitaret.
1268 1846 1401 1893 Con-

111 1916 328 1965 stantinus
373 1929 521 1965 autem
572 1934 629 1964 ex
676 1917 900 1981 Byzantio
952 1917 1400 1979 Constantinopolim

108 1990 399 2054 nuncupavit
426 1991 489 2037 ob
520 1991 687 2053 insigne
725 1990 962 2037 victoriae:
995 2008 1129 2053 quam
1167 1991 1294 2038 velut
1322 2009 1401 2054 pa-

111 2063 244 2110 triam
273 2065 397 2112 cultu
427 2064 659 2111 decoravit
685 2063 887 2126 ingenti,
914 2065 963 2111 &
994 2066 1155 2111 Romae
1182 2065 1400 2112 defidera-

113 2134 184 2182 vit
214 2135 414 2198 aequari:
444 2135 604 2182 deinde
630 2135 824 2197 quaesitis
845 2135 884 2181 ei
905 2136 1106 2199 undique
1129 2135 1305 2184 civibus
1329 2137 1400 2182 di-

113 2205 252 2255 vitias
295 2207 457 2255 multas
489 2206 668 2270 largitus
705 2206 797 2265 est,
823 2219 872 2253 ut
901 2223 1044 2270 prope
1077 2208 1124 2255 in
1159 2226 1210 2255 ea
1240 2226 1399 2256 omnes

115 2277 381 2338 thesauros,
407 2279 549 2343 regias
587 2277 817 2325 facultates
858 2279 1123 2327 exhauriret.
1160 2280 1224 2326 Ibi
1266 2281 1401 2328 etiam

116 2351 325 2398 Senatum
351 2351 580 2398 constituit
606 2350 789 2397 secundi
819 2350 1018 2410 ordinis,
1052 2352 1214 2398 Claros
1253 2369 1401 2399 voca-

116 2423 204 2474 vit.
237 2424 418 2474 Deinde
439 2424 672 2477 adversum
691 2424 875 2473 Gothos
908 2425 1078 2474 bellum
1110 2423 1325 2490 suscepit,
1346 2425 1398 2473 δι
