1626 2917
180 187 361 224 XXVIII
427 177 823 224 AMMJANI
862 178 1371 224 MARCELLINI

183 300 286 331 cum
313 296 419 330 tunc
446 300 570 347 agere
600 285 789 331 videtur.
821 287 869 330 In
897 284 1112 358 ejusmodi
1141 303 1241 332 cum
1267 288 1463 332 Fortuna

182 349 616 409 expostulationibus
636 385 648 403 ,
669 349 754 395 &
746 366 790 394 tn
829 349 908 395 illo
941 352 1059 412 tropi
1093 367 1250 413 genere
1276 349 1463 395 nimium

182 413 263 459 fibi
295 415 438 475 placet
471 417 779 460 Marcellinus:
817 413 860 460 id
892 415 1011 460 enim
1044 415 1264 478 usurpasse
1293 431 1394 460 eum
1416 413 1464 458 in

182 477 268 534 iis,
300 495 415 541 quos
449 480 662 532 terimus,
703 479 856 534 libris,
893 479 1167 536 observavi;
1202 480 1308 526 alibi
1347 490 1465 526 certe

182 543 496 601 tolerabilius,
526 543 605 589 illo
640 543 745 590 loco
783 514 882 589 satis
919 544 1190 607 importune.
1230 546 1331 592 Hoc
1366 558 1465 590 uno

182 620 318 670 atque
349 609 489 655 altero
522 622 784 681 argumento
818 608 1006 655 sufficiat
1032 610 1297 664 ostendisse,
1335 611 1466 657 Grae-

180 690 279 720 cam
314 673 556 720 vanitatem
586 674 714 719 etiam
748 692 793 720 in
824 674 979 720 nostro
1000 677 1242 721 Ammiano
1263 674 1468 747 aliquan·

182 739 246 784 do
274 737 463 784 elucere.
492 739 609 798 Quae
644 739 742 785 loca
781 739 979 785 historiae
1002 739 1268 796 conditori,
1305 740 1376 786 cui
1399 756 1468 784 m·

179 814 252 851 ter
281 815 456 850 ceteros
491 804 659 868 ingenii
688 805 866 851 libertas
898 806 946 852 &
971 804 1055 850 stili
1084 804 1355 867 indulgentia
1388 804 1469 850 de-

182 881 340 930 negata
375 868 465 924 est,
490 869 714 924 notanda,
744 886 837 915 non
868 869 1082 916 imitanda
1104 869 1335 924 existim03
1364 885 1468 916 cum

182 933 424 993 praesertim
457 935 594 981 bonis
620 934 716 980 aliis
750 934 902 981 multis
929 935 1030 983 leve
1054 936 1145 983 hoc
1173 936 1383 982 damnum
1418 934 1466 981 in

184 998 278 1047 hoc
306 998 522 1061 scriptore
556 999 774 1062 pensetur.

248 1064 362 1110 Rara
391 1077 538 1110 autem
570 1064 631 1110 est
661 1065 780 1126 apud
812 1076 983 1110 veteres
1013 1068 1239 1111 Ammiani
1260 1063 1430 1110 mentio
1450 1099 1466 1123 ,

183 1128 290 1192 quia
326 1128 466 1174 statim
496 1130 595 1192 post
627 1129 932 1175 Theodosium
961 1129 1074 1191 lapsa
1101 1129 1182 1175 suit
1215 1131 1351 1176 Rom.
1384 1130 1469 1175 im-

186 1193 300 1257 perii
319 1193 517 1255 majestas
537 1230 551 1252 ,
572 1195 621 1240 &
643 1195 895 1240 maluerunt
917 1195 1080 1256 posteri
1102 1195 1354 1241 redivivam
1375 1193 1470 1254 ejus

184 1259 446 1306 memoriam
470 1259 710 1306 excitantes
725 1295 737 1315 ,
756 1260 1053 1320 epitomarum
1075 1277 1125 1306 ac
1145 1258 1469 1305 defloratorum

184 1323 451 1370 coneilores
469 1323 615 1370 sectari
631 1360 646 1379 ,
667 1341 796 1386 quam
826 1324 950 1369 vivae
971 1324 1166 1370 historiae
1189 1325 1469 1372 conditores.

186 1389 347 1450 quue
380 1389 538 1436 Paulus
574 1389 835 1445 Diaconus,
859 1406 959 1434 cum
989 1389 1343 1450 supplementum
1376 1390 1470 1435 Eu-

184 1453 326 1514 tropii
359 1470 414 1499 ex
442 1453 524 1500 illo
560 1453 828 1527 scriptorum
862 1469 994 1517 grege
1029 1453 1324 1510 confecisset,
1361 1457 1471 1499 Am-

185 1517 383 1565 mianum
408 1535 502 1564 non
533 1519 693 1582 attiglt.
713 1519 876 1581 Repeti
896 1534 1044 1565 tamen
1078 1536 1219 1565 unum
1251 1518 1469 1581 singulare

187 1586 427 1631 Marcellini
467 1583 771 1630 testimonium
810 1600 865 1629 ex
905 1583 1022 1630 libro
1065 1585 1176 1630 XlV
1210 1584 1325 1645 apud
1366 1584 1465 1630 Pri-

186 1647 415 1695 scianum
405 1666 450 1694 in
481 1649 598 1694 libro
621 1649 681 1695 X.
717 1651 776 1695 At
809 1665 920 1694 vero
940 1648 1075 1695 Julius
1105 1648 1287 1695 Solinus
1307 1650 1469 1695 Gram-

186 1713 376 1759 maticus
411 1713 546 1784 (nam
579 1712 638 1760 fic
673 1730 698 1759 a
730 1712 956 1761 Prisciano
994 1714 1038 1759 in
1068 1715 1130 1758 Vl
1164 1713 1281 1760 libro
1315 1713 1472 1775 appel-

190 1776 330 1838 latur)
347 1773 584 1825 miscellam
605 1778 722 1825 suam
737 1778 967 1824 historiam
986 1778 1115 1824 etiam
1134 1794 1189 1823 ex
1210 1778 1299 1825 hoc
1314 1778 1475 1825 nostro

190 1843 372 1890 auctore
392 1842 622 1890 confecit.
646 1860 669 1889 a
685 1859 778 1906 quo
796 1842 969 1898 sumsit,
989 1860 1089 1906 quae
1109 1843 1161 1888 de
1181 1845 1310 1889 rebus
1331 1844 1473 1906 AEgy-

190 1907 323 1969 ptiis,
345 1908 398 1955 de
427 1908 550 1954 ostiis
576 1907 809 1965 Danubii,
845 1909 898 1954 de
919 1907 1165 1970 margaritis
1191 1924 1474 1955 commemo-

190 1986 259 2019 rat
286 1973 422 2019 variis
455 1973 689 2036 capitibus.
725 1973 778 2019 Et
805 1989 1073 2045 quamquam
1105 1972 1233 2019 locos
1270 1973 1473 2037 integros

191 2036 419 2094 invertat,
440 2055 489 2085 ac
519 2039 750 2084 aemuletur
776 2038 956 2110 potius,
979 2054 1109 2099 quam
1133 2037 1372 2092 exscribat,
1395 2037 1474 2083 sae-

193 2118 249 2163 pe
287 2118 434 2149 tamen
468 2103 645 2150 elucent
681 2103 863 2165 propria
903 2104 1130 2149 Animi-mi
1168 2103 1318 2148 verba.
1352 2105 1471 2148 Nam

194 2167 401 2213 Solinum
433 2170 678 2214 Marcellino
709 2167 971 2240 luniorem,
990 2168 1093 2213 licet
1127 2166 1475 2213 reclamantibus

193 2231 292 2278 aliis
307 2267 320 2289 ‚
339 2231 415 2295 qui
445 2232 629 2280 meliora
648 2244 851 2292 tempora
879 2233 919 2278 ei
939 2233 1180 2294 assignant,
1203 2230 1376 2277 firmare
1395 2248 1474 2277 au-

194 2296 304 2353 fim,
324 2313 426 2343 cum
448 2297 510 2343 ob
531 2313 625 2344 eam
649 2297 849 2353 causam,
867 2310 959 2343 tum
979 2296 1104 2360 quod
1130 2296 1475 2344 ColleRaneum

195 2360 342 2418 illud,
369 2361 461 2408 sive
492 2378 592 2419 res,
620 2361 710 2407 five
743 2362 947 2407 ordinem
982 2361 1220 2423 respicias,
1255 2360 1362 2405 nihil
1403 2361 1473 2406 di-

196 2441 332 2487 gnum
368 2426 643 2498 temporibus
672 2426 787 2478 illis,
808 2427 973 2487 quibus
998 2428 1176 2473 Solinus
1206 2425 1361 2470 vixisse
1392 2442 1476 2485 pu-

198 2502 352 2550 tatur,
382 2492 644 2548 contineat,
678 2509 701 2539 a
729 2508 823 2556 quo
863 2508 966 2539 mco
997 2490 1167 2554 judicio
1204 2492 1473 2538 Marcellinus

1605 935 1611 940 ¹
1600 232 1626 892 omem·
1602 285 1606 297 ·
1601 0 1626 230 ‚mx

1595 1245 1615 1422 ·x·⁴2.....-
1610 1222 1613 1228 .
