1626 2917
288 223 509 271 RERUM
544 223 884 269 GESTARUM
919 223 1023 269 LIB.
1055 219 1141 268 XV
1150 223 1180 268 Ι.
1286 240 1369 270 111

99 331 220 378 tabat
241 330 462 392 gravioris
483 330 672 377 invidiae
696 329 874 392 pondus
892 366 904 385 ‚
927 328 1233 378 nevideretur
1252 329 1295 375 id
1314 329 1384 376 af·-

100 392 273 452 feEiass'e
293 441 305 462 ‚
335 404 460 467 quod
502 403 581 449 fibi
612 402 695 449 soli
727 401 876 449 deberi
906 400 1128 465 Augustus
1156 402 1386 449 existima-

100 475 215 540 bat)
249 476 425 523 cautior
454 475 549 531 sui,
579 475 770 522 hostium
801 475 888 522 tela
921 475 1276 538 praetervolans,
1316 477 1385 525 his

101 552 151 597 ὅ(
179 549 395 596 fimilibus
424 564 560 596 notos
587 548 750 610 pariter
770 547 1021 611 &ignotos
1049 548 1102 594 ad
1132 547 1387 597 faciendum

99 621 279 669 fortiter
297 622 566 670 accendebat
583 640 592 667 :
618 624 831 678 Advenit,
851 641 874 667 o
881 623 1010 682 socii,
1024 622 1176 687 justum
1188 642 1385 685 pugnan-

101 698 148 742 di
163 695 262 752 jam
290 713 448 756 tempus
464 730 477 752 ‚
497 699 598 741 olim
618 710 858 755 exoptatum
882 696 985 739 milzi
1012 695 1223 756 vobiscum
1241 715 1257 742 .·
1277 700 1389 758 quod

102 769 276 816 antehac
304 765 538 830 arcffntes
559 802 574 823 ,
590 786 707 812 arma
728 768 923 827 inquietis
946 770 1124 814 motibus
1136 770 1387 831 poscebatis.

103 843 213 888 Item
237 859 338 888 cum
372 841 427 888 ad
452 841 563 888 alios
591 840 900 904 postfignanos
922 840 969 885 in
989 841 1083 888 acie
1113 841 1290 889 locatos
1311 861 1390 889 ex-

104 925 244 961 trema
267 913 454 962 venisset
474 931 485 960 2
516 915 590 959 En
612 948 625 970 ,
657 911 834 975 inquit,
854 916 1154 960 commilitones
1172 951 1184 971 ‚
1207 919 1390 978 diztsjwe-

105 1004 223 1034 ratus
243 989 386 1055 praesto
412 989 463 1053 est
481 990 568 1033 dies
586 1022 600 1046 ‚
630 989 874 1048 compellens
901 1005 978 1032 nos
999 1006 1138 1034 omnes
1167 992 1288 1035 elutis
1301 995 1390 1051 pri-

92 1062 226 1128 stinis
251 1063 427 1106 maculis
452 1061 652 1105 ‘Romarm
682 1060 888 1126 majestati
907 1063 1063 1106 reddere
1080 1067 1297 1123 proprium
1323 1069 1390 1111 de-

105 1151 192 1178 cus.
217 1134 285 1177 Hi
301 1132 410 1193 sunt
432 1133 625 1189 barbari,
646 1149 748 1193 quos
781 1134 913 1177 rabies
934 1130 976 1178 ἃ
1003 1136 1250 1180 immodicus
1267 1135 1391 1194 furor

105 1206 166 1249 ad
184 1205 406 1264 perniciem
430 1222 558 1249 rerum
569 1204 749 1264 suarum
765 1208 896 1266 coegit
916 1222 1113 1252 occurrere
1134 1240 1147 1263 ,
1164 1209 1309 1272 nostris
1327 1213 1393 1256 vi-

104 1279 218 1323 ribus
243 1279 548 1338 opprimendos.
578 1277 709 1324 Alios
745 1277 899 1324 itidem
935 1278 1131 1325 bellandi
1152 1279 1229 1327 usu
1257 1281 1391 1330 diuti-

108 1366 172 1396 no
205 1352 414 1398 callentes
442 1351 586 1414 aptius
616 1351 832 1398 ordinans
856 1388 870 1408 ,
899 1352 968 1398 his
997 1353 1392 1407 exhortationibus

107 1423 351 1485 adjuvabat
375 1443 386 1472 ε
403 1427 724 1487 Exsurgamus,
747 1426 991 1484 virifortes;
1005 1431 1290 1487 propellamus
1297 1430 1394 1489 for-

109 1500 286 1543 titudine
317 1516 498 1560 congrua
532 1499 649 1558 illisa
682 1499 825 1564 nostris
855 1499 1050 1558 partibus
1070 1502 1226 1559 probra
1255 1518 1272 1546 .·
1308 1521 1395 1563 quae

109 1575 392 1631 contemplans
407 1606 421 1628 ,
456 1572 626 1632 Caesaris
644 1591 790 1617 nomen
811 1571 1219 1635 czthandosufiepi.
1240 1575 1394 1636 Quos-

106 1660 289 1707 cunque
309 1656 455 1690 autem
477 1661 636 1707 pugnae
656 1644 826 1708 signum
856 1644 1109 1693 inconsulte
1135 1648 1393 1710 poscentes,

111 1715 414 1780 rupturosque
441 1715 680 1779 imperium
712 1717 963 1781 irrequietis
994 1720 1192 1769 motibus
1226 1726 1394 1785 praevi-

113 1790 268 1837 deret:
296 1789 477 1851 Quaeso,
504 1789 681 1851 inquit,
711 1810 759 1837 ne
788 1793 910 1857 hcfies
939 1797 1151 1840 vertendos
1172 1797 1218 1842 in
1235 1798 1391 1860 fugam

100 1863 313 1924 sequentes
328 1863 499 1908 avidius
516 1897 530 1919 .,
542 1862 699 1921 futurae
716 1863 891 1910 vic‘t'oriae
905 1869 1083 1927 gloriam
1100 1870 1264 1915 violetis
1279 1906 1291 1926 ,
1313 1890 1391 1918 neu

113 1937 206 1997 quis
238 1951 333 1981 ante
363 1935 626 1998 necfftatem
661 1938 848 1982 ultimam
876 1941 1003 1985 cedat.
1034 1942 1150 1986 Nam
1175 1941 1392 2004 fugituros

105 2015 256 2071 procul
276 2012 402 2057 dubio
427 2012 603 2071 deseram
624 2029 641 2057 .·
661 2012 830 2076 hostium
858 2030 967 2076 terga
993 2016 1155 2076 caesuris
1184 2019 1308 2063 adero
1328 2021 1394 2063 in-

115 2083 340 2143 difiretus,
357 2084 410 2149 st
441 2087 518 2131 lzoc
542 2087 785 2147 pensatione
824 2091 1036 2133 moderata
1057 2091 1140 2149 fiat
1176 2088 1219 2136 6·
1259 2109 1394 2139 cauta.

115 2155 226 2202 Haec
255 2155 428 2220 aliaque
460 2156 508 2203 in
538 2158 727 2204 eundem
763 2159 948 2205 modum
980 2159 1136 2223 saepius
1173 2161 1393 2225 replican-

117 2226 209 2282 do,
237 2226 454 2286 majorem
484 2229 708 2277 exercitus
735 2242 905 2292 partem
924 2230 1079 2293 primae
1102 2232 1392 2281 barbarorum

116 2298 331 2360 opposuit
354 2300 495 2349 fronti
521 2320 532 2349 z
567 2305 616 2350 &
635 2302 781 2349 subito
808 2303 1162 2353 Alamannorum
1193 2308 1393 2370 peditum

116 2369 317 2418 fremitus
349 2373 647 2438 indignationi
681 2375 846 2423 mixtus
876 2376 1051 2424 auditus
1070 2378 1128 2425 est
1150 2415 1163 2435 ‚
1189 2381 1393 2426 unanimi

117 2444 453 2507 conspiratione
483 2448 832 2496 vociferantium
853 2485 866 2507 ,
901 2449 1061 2497 reliffls
1090 2453 1215 2515 equis
1244 2452 1394 2499 secum

119 2531 333 2581 oportere
353 2521 513 2571 versari
537 2523 705 2588 regales
726 2542 736 2571 z
757 2540 838 2584 ne,
862 2525 894 2571 fi
911 2525 1019 2589 quid
1042 2526 1292 2592 contigisset
1313 2526 1393 2574 ad-
