1626 2917
202 122 264 170 30
396 105 749 152 AMM1AN1
804 105 1299 181 MARCELngJJI

198 213 403 261 absumto
433 215 483 262 &
506 212 708 276 frugibus
725 249 740 271 ‚
769 199 1073 279 vicorumque
1097 214 1295 278 reliquiis
1313 214 1493 264 exusto·

197 310 297 340 rum
331 291 484 354 inopia
515 291 818 354 squalentibus
848 288 1038 339 ultini'a‘}
1067 293 1284 357 quodque
1315 293 1491 357 liquen-

196 373 316 419 tibus
332 370 421 434 jam
445 371 613 418 brumae
644 371 816 434 pruinis
846 387 984 418 omne
1009 371 1301 420 immaduerat
1318 373 1490 433 solum,

195 455 246 500 &
264 451 405 514 ruptis
434 451 630 514 riparum
657 451 860 498 terminis
882 450 996 498 auffi
1023 450 1287 501 inhorruere
1306 466 1490 501 torren-

195 545 276 580 tes.
309 534 379 579 Eo
407 532 539 578 etiarn
571 531 625 577 ad
658 531 965 578 difficultatem
1004 525 1455 596 accedente'‘negotii
1475 568 1491 594 ‚

197 611 327 675 quod
355 627 433 672 per
455 625 526 656 eas
552 620 687 654 terras
706 625 880 671 vapore
896 608 1048 656 sideris
1072 609 1336 659 calescentes
1351 647 1365 671 ,
1388 617 1494 659 mu-'

196 691 372 737 scarum
397 689 447 735 &
469 687 663 734 culicum
686 687 974 734 multitudine
999 686 1163 735 referta
1184 687 1286 736 sunt
1307 691 1490 751 omnia,

195 783 441 830 earumque
462 766 621 812 volatu
638 765 729 812 dies
750 768 800 814 &
817 765 1036 814 astrorum
1058 768 1197 815 nofiu
1224 763 1491 816 micantium

197 848 334 896 facies
370 845 680 891 obumbratur.
710 845 766 890 Et
802 861 902 893 cum
939 845 1053 891 nihil
1081 845 1264 892 humani
1295 843 1490 908 profice-

197 938 301 973 rent
347 923 492 970 sensus
518 959 532 980 ‚
571 922 646 968 diu
672 921 937 970 ssueiuantes
975 926 1025 971 δε
1056 923 1219 982 dubii,
1261 924 1490 971 exstrueris

197 1003 285 1050 aris
303 1001 509 1064 caesisque
533 1000 687 1046 hostiis
707 1000 908 1047 consulta
931 1002 1167 1049 numinum
1190 1000 1489 1049 scitabamurz

198 1094 349 1131 utrum
370 1096 454 1127 nos
481 1095 559 1142 per
578 1078 800 1142 Assyriam
819 1080 988 1126 reverti
1015 1080 1272 1136 censerent,
1295 1096 1350 1125 an
1372 1095 1488 1141 prae-

197 1173 266 1207 ter
297 1160 464 1205 radices
496 1158 722 1204 montium
757 1158 900 1205 lenius
931 1159 1182 1223 gradientes
1207 1196 1219 1215 ,
1239 1157 1487 1205 Chilioco-

197 1255 322 1286 mum
351 1252 493 1299 prope
514 1235 806 1281 Corduenam
832 1235 954 1282 fitam
979 1253 1036 1282 ex
1067 1236 1323 1299 improviso
1343 1236 1488 1283 vasta-

197 1334 277 1364 re:
305 1332 501 1379 quorum
530 1325 741 1360 neutrum
771 1314 885 1360 extis
910 1314 1113 1378 inspeffis
1143 1314 1334 1362 confore
1370 1314 1489 1362 dice·

198 1399 344 1445 batur.
379 1396 499 1443 Sedit
523 1408 671 1442 tamen
698 1394 913 1442 sententia
933 1433 948 1454 ,
971 1409 1019 1442 ut
1040 1433 1052 1452 ‚
1073 1395 1201 1442 omni
1234 1395 1307 1459 spe
1326 1396 1490 1442 melio-

184 1466 297 1523 'rum
317 1474 480 1522 succisa
496 1510 509 1531 ‚
532 1474 819 1520 Corduenam
842 1475 1138 1537 arriperemus
1160 1491 1171 1520 ε
1192 1476 1243 1523 &
1274 1489 1369 1522 XVI
1390 1477 1489 1522 Ka-

199 1554 320 1600 lend.
352 1552 484 1600 Julias
515 1551 736 1614 promotis
772 1550 860 1614 jam
891 1552 1056 1616 signis,
1084 1551 1316 1616 progreffo
1348 1551 1488 1615 impe·

199 1646 352 1682 ratore
383 1650 483 1680 cum
514 1631 625 1679 lucis
656 1631 878 1690 exordio,
903 1631 1053 1679 fumus
1083 1632 1156 1679 vel
1181 1631 1251 1678 vis
1279 1632 1488 1696 quaedam

198 1712 425 1759 turbinata
465 1710 666 1774 pulveris
692 1711 960 1773 apparebat:
981 1721 1039 1757 ut·
1064 1709 1242 1773 opinari
1281 1700 1488 1769 daretur,

201 1789 428 1837 asinorum
459 1788 544 1834 effe
569 1805 721 1852 greges
745 1787 977 1852 agrestium
995 1824 1008 1845 ,
1029 1804 1224 1851 quorum
1243 1787 1486 1835 multitudo

202 1870 248 1916 in
268 1869 475 1916 traffibus
495 1867 555 1914 est
575 1868 662 1915 illis
680 1868 916 1914 innumera
937 1903 950 1926 ‚
972 1867 1075 1915 ideo
1094 1867 1220 1914 simul
1246 1864 1457 1914 incedens
1472 1901 1487 1925 ,

200 1963 250 1996 ut
282 1948 611 2011 constipatione
644 1947 776 1995 densa
814 1948 989 1995 feroces
1013 1947 1198 1995 ieonum
1222 1945 1488 1994 frustrentur

202 2027 394 2074 assuitus.
411 2025 606 2088 Quidam
621 2025 966 2082 arbitrabantur,
981 2026 1159 2073 Sacenae
1179 2026 1311 2072 duces
1331 2026 1489 2073 adven-

202 2119 294 2153 tare
324 2106 411 2168 jam
448 2107 627 2155 nostros
650 2144 662 2166 ,
693 2106 951 2154 rumoribus
984 2106 1180 2170 percitos
1200 2142 1211 2164 ‚
1239 2107 1365 2170 quod
1395 2108 1486 2153 Im-

204 2198 381 2248 perator
417 2176 725 2248 Ctesiphonta
751 2185 922 2249 magnis
960 2184 1132 2232 viribus
1168 2192 1485 2250 oppugnaret:

204 2263 415 2310 nonnulli
441 2263 589 2311 Persas
618 2263 750 2310 nobis
783 2262 1014 2310 viantibus
1050 2262 1296 2309 incubuisse
1331 2261 1485 2308 firma-

205 2341 324 2388 bant.
346 2341 450 2388 Ideo
472 2341 589 2388 inter
613 2342 711 2388 haec
730 2341 788 2388 ita
808 2340 1011 2404 ambigua
1033 2356 1089 2387 ne
1117 2340 1224 2404 quid
1248 2339 1485 2389 adversum

201 2421 449 2482 accideret,
470 2420 792 2474 revocantibus
830 2419 1006 2485 agmina
1037 2418 1221 2470 clafficis
1240 2456 1253 2478 ,
1282 2422 1330 2467 in
1366 2419 1485 2467 valle
