1626 2917
207 157 298 198 '122
405 149 1292 197 AMMIANIMARCELLINI

201 253 405 317 magister
441 255 731 301 rhetoricus:
767 257 1006 316 deploratis
1046 260 1281 305 noviffime
1316 260 1478 315 rebus,

201 327 405 390 luxuque
450 326 710 388 adjumento
755 329 933 374 militari
980 344 1200 377 marcente
1218 367 1231 387 ,
1267 331 1478 377 adhibitis

199 399 501 445 semiermibus
547 403 731 461 paucis,
771 418 888 464 quos
929 403 1182 464 Diogmitas
1222 403 1481 464 appellant,

197 489 338 518 unum
380 471 669 534 grassatorum
707 490 925 531 cuneum,
961 475 989 519 fi
1033 474 1234 536 patuisset
1272 476 1483 523 facultas,

194 544 363 590 adoriri
403 557 617 599 conatus,
640 561 717 606 per
748 545 980 607 angustum
1019 547 1237 608 quendam
1268 546 1480 592 transiens

196 618 468 664 devexitatis
502 617 745 664 anfraCtum
774 656 787 674 ,
820 620 872 665 ad
908 619 1190 665 inevitabiles
1220 621 1344 665 venit
1373 619 1478 664 insi-

194 690 317 736 dias:
351 693 400 738 &
437 691 619 737 ibicum
641 691 706 737 his
746 692 974 738 confossus
1005 691 1065 737 est
1086 727 1100 749 ,
1130 709 1244 753 quos
1276 692 1478 737 ducebat.

196 762 297 808 Tali
323 762 517 809 successu
541 762 734 808 latrones
756 764 1048 825 praetumidos
1066 799 1079 817 ‚
1107 764 1384 825 palantesque
1403 778 1481 822 per

196 835 321 880 varia
359 834 687 888 confidentius,
725 836 965 882 interfeffis
999 836 1243 897 aliquibus,
1282 836 1334 881 ad
1369 835 1480 880 late-

194 907 326 953 brosa
365 908 588 953 montium
627 907 725 954 saxa
750 944 762 964 ‚
801 925 901 971 quae
926 907 1162 963 incolunt,
1187 907 1344 954 excitae
1379 921 1479 953 tan-

195 980 296 1025 dem
334 980 479 1042 copiae
514 981 832 1027 contruserunt
861 999 871 1026 :
900 979 976 1025 ubi
1011 997 1113 1026 cum
1147 980 1208 1025 eis
1245 997 1325 1026 nec
1351 980 1479 1042 quie-

195 1052 373 1108 scendi,
396 1070 477 1099 nec
498 1052 757 1099 inveniendi
783 1053 836 1098 ad
852 1053 1018 1099 viilum
1046 1052 1182 1108 utilia,
1206 1052 1338 1114 copia
1356 1053 1480 1098 laxa-

193 1139 342 1181 retur,
372 1142 450 1187 per
471 1124 663 1171 indutias
693 1142 844 1187 pacem
875 1125 953 1170 fibi
984 1125 1119 1170 tribui
1149 1124 1480 1186 poposcerunt,

194 1198 684 1260 Germanicopolitanis
711 1199 964 1245 aufiloribus
980 1234 993 1256 ,
1021 1214 1213 1260 quorum
1235 1199 1350 1259 apud
1371 1214 1479 1255 eos,

193 1283 243 1317 ut
263 1269 478 1333 signiferae
494 1286 665 1326 manus,
690 1269 858 1330 semper
880 1271 1058 1316 valuere
1077 1269 1331 1315 sententiae:
1353 1270 1476 1316 obfi-

194 1342 412 1405 dibusque
441 1341 552 1386 datis
573 1376 587 1398 ,
622 1354 670 1387 ut
699 1341 963 1403 imperatum
986 1341 1045 1386 est
1065 1376 1077 1397 ,
1112 1341 1365 1387 immobiles
1403 1342 1479 1388 diu

194 1416 418 1474 mansere,
441 1415 551 1460 nihil
577 1417 787 1461 audentes
816 1415 990 1460 hostile.
1018 1416 1127 1460 Haec
1154 1415 1269 1460 inter
1291 1416 1479 1461 Praetex-

194 1503 312 1535 tatus
342 1488 647 1551 praefefihlram
676 1488 797 1533 urbis
823 1487 1051 1534 sublimius
1078 1505 1265 1544 curans,
1295 1505 1374 1549 per
1409 1489 1480 1533 in-

194 1562 412 1626 tegritatis
436 1562 705 1624 multiplices
725 1562 846 1608 astus
867 1564 915 1609 &
945 1562 1206 1624 probitatis,
1235 1563 1397 1623 quibus
1423 1563 1481 1607 ab

197 1635 507 1683 adolescentiae
536 1635 799 1681 rudimentis
834 1634 1070 1691 inclaruit,
1092 1634 1276 1696 adeptus
1311 1635 1371 1680 est
1407 1634 1480 1691 id,

196 1711 323 1773 quod
343 1726 443 1756 raro
468 1709 717 1772 contingit,
746 1721 794 1754 ut
815 1744 828 1766 ,
863 1725 966 1754 cum
995 1708 1250 1765 timeretur,
1279 1725 1479 1754 amorem

197 1800 290 1830 non
324 1782 526 1844 perderet
559 1781 752 1836 civium,
786 1780 934 1826 minus
970 1779 1136 1825 firmari
1171 1780 1347 1825 solitum
1379 1795 1481 1841 erga

196 1857 364 1920 judices
392 1857 671 1903 formidatos.
703 1855 846 1915 Cujus
872 1855 1134 1901 auftoritate
1165 1853 1369 1916 justisque
1401 1869 1480 1898 ve-

199 1932 340 1979 ritatis
372 1931 586 1995 suffragiis
616 1931 812 1977 tumultu
842 1930 983 1976 lenito
1002 1965 1015 1987 ,
1037 1945 1167 1989 quem
1198 1927 1479 1974 Christiano-

200 2025 298 2054 rum
322 2006 463 2071 jurgia
482 2007 792 2062 concitarunt,
815 2004 1032 2066 pulsoque
1053 2003 1232 2055 UrlinO,
1250 2001 1332 2047 alta
1353 2000 1480 2062 quies

200 2093 323 2143 parta
344 2116 356 2135 ,
379 2079 614 2141 proposito
642 2078 808 2124 civium
836 2078 1146 2122 Romanorum
1166 2073 1382 2135 aptissima
1401 2089 1408 2116 :
1429 2073 1479 2119 &

200 2151 474 2197 adolescebat
505 2150 648 2213 gloria
679 2147 876 2211 praeclari
908 2147 1091 2191 resloris
1124 2145 1247 2206 plura
1276 2146 1323 2190 &
1354 2143 1480 2189 utilia

200 2223 492 2285 disponentis.
525 2223 729 2284 Namque
765 2223 813 2267 δέ
842 2219 1058 2265 maeniana
1093 2216 1260 2261 sustulit
1294 2214 1477 2271 omnia,

201 2295 405 2342 fabricari
436 2296 595 2340 Romae
627 2293 775 2356 priscis
809 2308 989 2354 quoque
1024 2291 1160 2336 vetita
1197 2290 1396 2352 legibus:
1429 2290 1478 2335 &

202 2368 412 2415 discrevit
439 2368 493 2412 ab
521 2366 685 2412 aedibus
711 2364 839 2411 sacris
872 2363 1152 2425 privatorum
1174 2362 1357 2423 parietes
1374 2395 1387 2416 ,
1407 2359 1476 2404 iis-

204 2443 304 2489 dem
339 2440 643 2489 inverecunde
672 2454 906 2487 connexos
934 2455 945 2483 τ
971 2438 1261 2499 ponderaque
1296 2451 1374 2498 per
1406 2449 1476 2479 re·
