1626 2917
213 189 298 251 136
399 184 747 233 AMMtANt
781 183 1285 232 MARCELLINI

209 290 460 338 sumendos.
486 293 605 335 Inter
623 305 738 352 quos
761 288 1047 339 Aristaenetus
1065 291 1307 340 affefi'catam
1325 307 1484 341 recens

208 363 438 409 dioecesim
467 378 626 409 curans
653 361 821 410 vicaria
843 363 1061 425 potestate
1076 400 1088 422 ,
1107 381 1239 428 quam
1261 366 1483 413 Constan-

209 434 298 481 tius
326 434 378 480 ad
407 434 628 480 honorem
655 434 810 481 uxoris
829 432 1025 480 Eusebiae
1045 435 1224 484 Pietatis
1243 436 1484 500 cognomi-

208 518 420 562 naverat‚
443 503 636 551 animam
660 504 750 552 hoc
775 505 874 552 casu
901 506 1138 554 cruciatam
1166 508 1333 555 diutius
1351 510 1486 556 exha‘

210 577 337 624 lavit.
366 578 483 633 Alii,
515 577 653 624 subita
672 577 813 624 ruinae
845 579 1149 641 magnitudine
1170 582 1361 642 oppreffi
1376 618 1389 638 ‚
1412 581 1488 629 iis-

210 651 309 695 dem
342 650 488 696 adhuc
520 649 715 696 molibus
746 662 1063 714 conteguntur.
1099 654 1277 701 Collisis
1304 653 1487 716 quidam

210 722 429 784 capitibus
449 758 462 779 ,
498 723 573 770 vel
605 723 800 771 humeris
820 723 1037 787 praeseffis
1064 736 1140 771 aut
1170 726 1393 785 cruribus,
1412 728 1487 773 in·-

210 806 279 838 ter
294 793 400 838 vitae
420 792 665 856 mortisque
686 793 903 853 confinia,
925 794 1114 841 aliorum
1136 795 1390 856 adjumenta
1412 816 1488 861 pa-

211 865 278 912 ria
298 865 616 927 perferentium
631 865 939 928 implorantes,
959 883 1058 913 cum
1079 867 1375 914 obtestatione
1395 886 1491 916 ma-

212 954 300 1000 gna
331 937 655 985 deserebantur.
671 940 726 985 Et
751 937 963 1001 superesse
981 940 1134 1002 potuit
1161 940 1322 987 aedium
1347 940 1491 989 sacra-

214 1026 312 1055 rum
342 1010 392 1056 &
420 1009 723 1072 privatarum,
743 1011 1072 1075 hominumque
1101 1029 1200 1075 pars
1226 1014 1372 1075 major
1391 1051 1405 1074 ‚
1441 1014 1493 1064 ni

215 1083 414 1145 palantes
444 1084 631 1146 abrupte
650 1083 926 1131 flammarum
955 1086 1137 1132 ardores
1166 1102 1243 1148 per
1270 1086 1494 1151 quinqua-
1533 1116 1536 1117 ν

216 1155 337 1218 ginta
368 1156 459 1203 dies
487 1159 536 1204 &
563 1158 716 1205 nofles
736 1193 750 1216 ‚
782 1157 999 1221 quidquid
1039 1156 1243 1204 consumi
1280 1169 1457 1220 poterat
1476 1193 1495 1217 ‚

218 1228 479 1274 exufflffent.
514 1229 667 1275 Adesse
698 1240 871 1292 tempus
900 1228 1110 1275 existimo
1140 1246 1279 1290 pauca
1312 1229 1458 1276 dicere
1477 1243 1498 1290 ,'

217 1317 318 1364 quae
343 1302 395 1346 de
417 1314 544 1347 terrae
573 1302 766 1363 pulsibus
799 1301 1052 1362 conjeRura
1088 1314 1262 1349 veteres
1296 1302 1497 1366 college-

217 1385 336 1420 runt.
354 1374 424 1420 Ad
439 1374 572 1435 ipsius
592 1374 711 1421 enim
730 1375 934 1423 veritatis
951 1392 1112 1422 arcana
1128 1392 1223 1422 non
1239 1375 1378 1422 modo
1399 1376 1499 1424 haeo

218 1447 371 1492 nostra
391 1446 587 1509 vulgaris
600 1446 787 1506 inscitia,
802 1447 874 1494 sed
884 1464 940 1494 ne
960 1446 1225 1509 sempiterna
1237 1447 1416 1510 quidem
1429 1448 1499 1494 lu-

220 1519 559 1566 cubrationibus
588 1520 736 1584 longis
754 1521 955 1569 nondum
973 1520 1179 1568 exhausta
1205 1521 1499 1584 phyficorum

221 1590 362 1655 jurgia
387 1606 688 1654 penetrarunt.
715 1595 847 1642 Unde
870 1595 919 1641 &
949 1593 995 1639 in
1018 1592 1247 1640 ritualibus
1271 1595 1321 1643 δε
1341 1593 1500 1656 ponti-

222 1665 334 1713 ficiis
354 1665 619 1713 observatur
640 1665 1051 1730 obtemperantibus
1070 1665 1327 1713 sacerdotiis
1353 1677 1500 1723 caute,

223 1755 281 1784 ne
298 1773 309 1794 ‚
329 1739 418 1786 alio
437 1741 544 1787 Deo
569 1756 654 1802 pro
669 1740 759 1787 alio
789 1739 1025 1786 nominato
1039 1775 1053 1797 ,
1075 1756 1199 1798 cum,
1217 1738 1315 1802 quis
1337 1755 1500 1787 eorum

223 1824 384 1859 terram
419 1814 672 1871 concutiat,
695 1814 746 1861 fit
771 1813 817 1862 in
843 1812 1065 1871 abstruso,
1092 1812 1266 1875 piacula
1287 1810 1504 1859 commit-.

227 1896 391 1932 tantur.
412 1886 636 1933 Accidunt
666 1900 814 1934 autem
833 1921 847 1944 ‚
869 1897 919 1932 ut
948 1884 1189 1947 opiniones
1216 1882 1466 1931 existimant
1485 1917 1505 1942 Ἀ

228 1956 344 2003 inter
363 1974 470 2020 quas
494 1958 752 2005 Aristoteles
773 1958 922 2004 aestuat
942 1958 991 2004 &
1011 1956 1184 2003 laborat
1199 1991 1213 2014 ,
1235 1967 1309 2003 aut
1343 1954 1391 2001 in
1425 1971 1502 2002 ca-

228 2030 383 2076 vernis
412 2031 597 2079 minutis
623 2043 835 2080 terrarum
856 2062 870 2086 ‚
890 2046 996 2094 quas
1017 2031 1175 2076 Graece
1204 2027 1403 2095 syringas
1425 2044 1504 2090 ap—

229 2100 471 2165 pellamus,
495 2102 683 2166 impulsu
706 2102 931 2150 crebriore
952 2102 1077 2166 aquis
1094 2100 1375 2148 undabundis
1395 2117 1406 2145 :
1428 2110 1505 2150 aut

231 2185 376 2229 certe,
391 2188 440 2220 ut
456 2176 740 2239 Anaxagoras
761 2175 970 2233 affirmat,
990 2186 1229 2221 ventorum
1248 2171 1296 2218 vi
1317 2172 1505 2218 subeun-

229 2245 343 2293 tium
369 2247 454 2294 ima
479 2261 692 2297 terrarum
720 2267 734 2296 ;Δ
761 2249 838 2313 qui
871 2265 972 2295 cum
990 2246 1284 2294 soliditatibus
1306 2262 1506 2297 concru-

233 2319 350 2368 statis
377 2321 649 2380 inciderint,
667 2321 926 2385 eruptiones
948 2321 1088 2369 nullas
1117 2319 1413 2383 reperientes,
1436 2333 1509 2367 eas,

154 2431 166 2436 «-
231 2407 377 2458 partes
401 2395 484 2442 soli
514 2398 785 2444 convibrant
813 2431 827 2453 ,
859 2411 967 2459 quas
1003 2392 1297 2456 subrepserint
1320 2391 1507 2441 humidi*

233 2467 365 2519 Unde
386 2468 647 2532 plerumque
675 2468 937 2520 observatur
955 2503 970 2528 ‚
989 2479 1106 2514 terra
1126 2479 1371 2524 tremente,
1390 2480 1505 2515 ven-2
