1626 2917
190 117 283 165 270
401 102 734 149 AMMlANl
785 102 1261 150 MARCELLINI

185 226 346 258 corum
369 209 609 265 comitem,
631 225 869 271 regemque
891 211 1164 256 Francorum
1181 246 1194 269 ‚
1213 210 1360 257 virum
1380 209 1476 257 bel-⁴

185 282 379 330 licosum
415 282 465 328 &
495 279 675 326 fortem.
711 281 954 327 Nannieno
978 281 1117 344 igitur
1147 283 1357 344 pensante
1378 282 1476 330 for-

185 367 400 402 tunarum
428 354 665 400 versabiles
686 354 807 400 casus
825 390 837 410 ,
859 354 1053 416 ideoque
1071 357 1368 402 cunctandum
1389 356 1476 403 esse

185 427 393 476 censente
418 462 432 485 ‚
475 426 783 472 Mallobaudes
825 427 912 472 alta
958 428 1184 490 pugnandi
1232 429 1476 487 cupiditate

185 515 385 564 raptatus
404 537 418 560 ,
439 514 489 548 ut
508 501 808 548 consueverat
828 536 841 557 ‚
870 501 932 546 ire
957 502 1003 547 in
1035 502 1207 547 hostem
1240 500 1476 549 differendi

185 574 425 637 impatiens
459 574 712 637 angebatur.
751 573 945 620 Proinde
989 574 1207 620 horrifico
1244 574 1477 621 adversum

185 646 366 711 fragore
400 660 622 706 terrente,
646 647 840 709 primum
871 647 989 709 apud
1023 648 1331 709 Argentariam
1354 647 1480 710 signo

184 737 267 783 per
288 721 545 769 cornicines
568 722 699 779 dato,
722 723 932 768 concurri
954 723 1013 769 est
1042 737 1247 784 coeptum
1269 741 1278 769 :
1300 721 1478 787 sagitta-

186 810 285 840 rum
327 806 692 856 verutorumque
727 794 953 840 miffilium
999 795 1193 857 pulsibus
1225 796 1477 842 crebriores

183 868 294 915 hinc
317 867 422 914 inde
450 867 768 915 sternebantur.
802 868 886 914 Sed
914 868 960 914 in
990 868 1087 930 ipso
1114 870 1385 930 proeliorum
1409 885 1478 913 ar·

184 941 298 987 dore
325 939 499 987 infinita
528 941 720 987 hostium
748 941 1033 988 multitudine
1062 942 1226 988 milites
1257 942 1378 1000 visa,
1406 941 1480 988 vi-

186 1014 415 1077 tantesque
444 1027 596 1077 aperta
627 1014 879 1061 discrimina
898 1050 909 1069 ‚
938 1032 1016 1075 per
1038 1015 1170 1061 calles
1195 1014 1386 1061 consitas
1406 1030 1479 1060 ar·

187 1087 377 1134 boribus
411 1088 461 1134 &
491 1085 695 1149 angustas
716 1123 729 1144 ,
762 1099 810 1132 ut
837 1086 1024 1150 quisque
1056 1088 1231 1149 potuit,
1262 1087 1438 1150 dispersi
1462 1121 1478 1146 ,

187 1160 325 1223 paulo
359 1159 514 1223 postea
549 1160 702 1206 stetere
729 1158 939 1206 fidentius
973 1179 983 1207 :
1019 1161 1329 1224 &splendore
1361 1178 1478 1209 con-

186 1234 348 1291 simili,
377 1232 630 1296 proculque
660 1233 810 1278 nitore
844 1231 1063 1296 fulgentes
1096 1235 1326 1280 armorum
1347 1271 1361 1293 ‚
1391 1234 1478 1281 im-

187 1307 406 1373 peratorii
439 1306 662 1353 adventus
696 1304 892 1367 injecere
930 1306 1127 1353 barbaris
1164 1321 1346 1354 metum.
1383 1307 1480 1368 Qui

188 1394 374 1444 repente
404 1379 522 1427 verfi
543 1379 589 1426 in
619 1391 770 1443 terga,
800 1378 1129 1441 resistentesque
1157 1378 1404 1436 interdum,
1424 1395 1480 1425 ne

187 1455 298 1519 quid
326 1453 494 1506 ultimae
520 1453 708 1500 rationis
740 1452 1033 1509 omitterent,
1055 1452 1115 1497 ita
1148 1451 1247 1499 sunt
1280 1452 1375 1499 caesi
1396 1488 1409 1508 ‚
1429 1463 1480 1499 ut

187 1545 248 1575 ex
273 1526 486 1592 praediElo
519 1543 708 1573 numero
740 1542 833 1572 non
855 1525 953 1587 plus
969 1561 984 1583 ‚
1005 1542 1136 1588 quam
1159 1525 1357 1588 quinque
1377 1524 1481 1571 mil-

189 1599 249 1646 lia
266 1635 279 1656 ‚
310 1611 359 1644 ut
393 1596 718 1655 aestimabatur,
743 1597 987 1644 evaderent
1006 1597 1216 1642 densitate
1243 1613 1481 1643 nemorum

190 1672 331 1728 teila,
354 1669 469 1717 inter
502 1671 759 1733 complures
780 1670 892 1716 alios
919 1671 1106 1717 audaces
1136 1671 1186 1717 &
1217 1668 1354 1716 fortes
1375 1685 1479 1732 rege

189 1758 378 1807 quoque
418 1741 591 1790 Priario
634 1741 870 1789 interfecto
892 1778 906 1799 ‚
948 1742 1199 1788 exitialium
1241 1742 1479 1789 concitore

189 1832 453 1880 pugnarum.
471 1815 566 1861 Hac
587 1815 676 1861 laeti
704 1813 918 1861 successus
941 1813 1103 1862 fiducia
1123 1815 1363 1862 Gratianus
1386 1831 1482 1860 ere-

191 1892 286 1936 &tus
310 1925 324 1947 ‚
356 1888 534 1951 jamque
569 1889 624 1934 ad
667 1902 812 1952 partes
849 1889 1032 1936 tendens
1073 1892 1190 1936 ans
1212 1926 1224 1945 ‚
1260 1889 1480 1935 laevorsus

189 1963 317 2010 flexo
347 1962 506 2009 itinere
527 1964 715 2010 latenter
733 1964 897 2009 Rheno
918 1964 1104 2010 transito
1122 2001 1134 2021 ‚
1155 1965 1226 2027 spe
1247 1963 1480 2009 incitatior

190 2037 343 2093 bona,
369 2036 622 2083 universam
641 2073 652 2091 ,
684 2036 714 2083 fi
739 2036 782 2082 id
811 2037 1000 2084 tentanti
1032 2037 1125 2083 fors
1157 2037 1366 2094 affuisset,
1396 2037 1477 2082 de·-

191 2111 286 2157 lere
307 2110 454 2156 statuit
475 2109 723 2156 malefidam
748 2112 796 2157 ὃ(
817 2110 1045 2156 turbarum
1073 2110 1251 2157 avidam
1287 2123 1480 2173 gentem.

193 2186 390 2246 Hocque
424 2184 684 2248 urgentibus
716 2185 812 2231 aliis
837 2184 966 2247 super
984 2185 1095 2232 alios
1124 2185 1289 2231 nuntiis
1317 2183 1479 2248 cogni·

197 2270 248 2305 to
268 2294 282 2316 ,
308 2257 589 2315 Lentienses,
611 2258 819 2305 aerumnis
841 2259 998 2321 populi
1031 2259 1092 2304 sui
1123 2259 1178 2304 ad
1199 2258 1478 2306 internecio-

196 2345 299 2375 nem
328 2345 454 2392 paene
486 2329 652 2387 deleti,
678 2332 727 2376 &
762 2330 1001 2393 repentino
1031 2328 1250 2392 Principis
1278 2329 1480 2377 adventu

196 2401 365 2465 defixi,
400 2403 510 2468 quid
552 2403 824 2469 capesserent
859 2404 1170 2469 ambigentes,
1196 2421 1298 2453 cum
1334 2420 1479 2468 neque
