1626 2917
181 174 239 216 62
389 167 720 214 2i›.t?·.‹liat=ti
773 167 1249 238 MARCELMNI

178 277 429 342 gladiorum
449 277 603 324 iffibus
622 275 916 322 trucidarunt.
949 277 1011 321 lta
1032 276 1121 322 dux
1142 276 1259 322 haud
1278 275 1463 323 exilium

181 352 447 397 meritorum
470 351 557 396 hoc
587 365 746 412 genere
775 349 954 411 oppetit
980 349 1168 406 mortis,
1194 363 1316 396 metu
1340 349 1464 396 calu·

179 426 433 481 mutarum,
456 424 618 486 quibus
654 422 848 469 fafiione
883 423 1144 486 iniquorum
1180 422 1377 470 irretitus
1407 421 1468 468 est

180 497 357 553 absens,
380 508 429 541 ut
450 494 564 540 tueri
585 494 715 557 possit
736 494 944 554 salutem,
963 496 1018 541 ad
1040 495 1239 557 praefidia
1261 494 1467 560 progres-

182 572 251 617 sus
276 583 483 617 extrema.
508 568 633 616 Licet
652 568 773 615 enim
799 569 861 615 ob
887 569 1197 632 tempestivam
1217 570 1338 617 illam
1366 585 1469 616 cum

179 644 415 692 armaturis
452 643 765 706 proditionem
805 654 908 690 ante
953 645 1179 691 Mursense
1220 644 1432 707 proelium
1455 679 1469 700 ,

180 717 427 778 obligatum
451 715 590 779 gratia
610 715 824 761 retineret
849 714 1164 762 Constantium
1179 752 1193 774 ‚
1215 729 1263 763 ut
1286 716 1472 762 dubium

179 802 329 835 tamen
357 789 404 836 δέ
426 788 686 834 mutabilem
706 787 975 834 verebatur:
998 787 1102 835 licet
1129 788 1262 851 patris
1285 803 1472 852 quoque

182 862 334 909 Boniti
354 862 651 924 praetenderet
676 861 814 907 fortia
835 860 945 908 fa&a
960 897 974 918 ‚
996 862 1154 908 Franci
1173 861 1380 924 quidem,
1399 861 1472 907 sed

180 953 268 1000 pro
284 935 575 982 Constantini
597 935 798 998 partibus
819 935 864 981 in
883 935 1004 981 bello
1027 935 1154 982 civili
1175 934 1336 982 acriter
1355 951 1472 981 con·

181 1024 248 1057 tra
278 1009 537 1056 Licinianos
558 1008 668 1071 saepe
688 1009 864 1055 versati.
895 1011 1121 1056 Evenerat
1151 1022 1321 1065 autem,
1344 1020 1474 1055 ante-

181 1102 315 1148 quam
356 1083 616 1143 huiusmodi
649 1083 820 1148 aliquid
849 1083 1092 1146 agitaretur
1126 1085 1172 1130 in
1204 1083 1392 1138 Galliis,
1422 1096 1473 1130 ut

182 1159 347 1204 Romae
364 1157 409 1203 in
431 1157 572 1203 Circo
593 1155 794 1201 maximo
815 1156 1010 1218 populus
1026 1191 1039 1212 ,
1060 1154 1280 1202 incertum
1300 1156 1473 1202 ratione

183 1230 376 1294 quadam
392 1229 590 1292 percitus
605 1264 618 1287 ‚
640 1245 694 1274 an
719 1226 954 1290 praesagio,
976 1230 1180 1274 Silvanus
1200 1231 1377 1274 devift'us
1393 1230 1467 1294 est,

184 1304 356 1367 magnis
383 1302 578 1349 vocibus
610 1302 893 1348 exclamaret.
926 1301 1064 1363 Igitur
1090 1302 1279 1348 Silvano
1310 1304 1474 1366 Agrip-

184 1376 331 1440 pinae,
355 1387 404 1421 ut
432 1373 618 1420 relatum
642 1373 728 1430 est,
757 1371 1023 1429 interfeffm,
1044 1371 1339 1420 inaestimabili
1366 1390 1476 1436 gau-

186 1449 263 1494 dio
285 1464 334 1493 re
363 1445 568 1509 cognita,
598 1445 808 1508 princeps
838 1444 1077 1491 insolentia
1106 1445 1296 1492 coalitus
1323 1445 1372 1492 &
1400 1457 1476 1491 tu-

186 1537 338 1577 more,
361 1520 453 1566 hoc
474 1535 658 1583 quoque
678 1517 903 1565 felicitatis
923 1516 1008 1564 suae
1030 1517 1253 1580 prosperis
1277 1518 1476 1565 cursibus

186 1593 454 1657 assignabat:
486 1608 542 1638 eo
574 1608 728 1647 more,
764 1607 860 1653 quo
897 1589 1067 1653 semper
1104 1591 1261 1637 oderat
1297 1590 1476 1638 sortiter

185 1666 424 1723 facientes,
442 1677 491 1711 ut
510 1665 739 1728 quondam
758 1662 1080 1721 Domitianus,
1107 1662 1308 1725 superare
1327 1675 1474 1710 tamen

186 1757 459 1803 quacunque
479 1751 573 1786 arte
593 1737 820 1800 contraria
846 1730 1068 1799 cupiebat.
1094 1738 1377 1798 Tantumque
1396 1736 1478 1782 ab·

188 1811 273 1859 fuit
302 1813 478 1859 laudare
503 1810 718 1858 industrie
743 1810 887 1873 gesta,
917 1821 965 1855 ut
988 1809 1119 1856 etiam
1140 1809 1343 1872 quaedam
1368 1809 1476 1856 scri-

192 1885 314 1931 beret
339 1886 391 1931 de
407 1884 654 1932 Gallicanis
675 1884 922 1946 intercepta
944 1881 1184 1938 thesauris,
1202 1898 1319 1944 quos
1341 1899 1478 1929 nemo

191 1958 410 2021 attigerat.
431 1958 567 2021 idque
590 1956 771 2004 scrutari
790 1955 966 2018 jusserat
987 1954 1173 2012 arffius,
1193 1954 1476 2019 interrogato
1510 1956 1514 1964 '

189 2031 382 2094 Remigo
403 2032 534 2078 etiam
555 2043 651 2078 tum
670 2030 920 2077 rationario
938 2028 1231 2092 apparitionis
1248 2045 1476 2075 armorum

170 2105 174 2110 ’
192 2104 385 2167 magistri
406 2122 416 2150 :
437 2104 508 2150 cui
532 2104 679 2151 multo
699 2104 852 2166 postea
874 2101 1180 2152 Valentiniani
1198 2102 1478 2165 temporibus

193 2177 375 2239 laqueus
404 2178 544 2225 vitam
569 2179 615 2224 in
640 2177 768 2226 causa
795 2177 1093 2240 Tripolitanae
1123 2175 1361 2239 legationis
1390 2175 1476 2221 eri·

194 2250 304 2311 puit.
341 2250 440 2296 Post
472 2269 570 2314 quae
604 2250 663 2297 ita
691 2252 944 2313 completa,
969 2247 1282 2307 Constantius,
1309 2263 1359 2295 ut
1389 2247 1479 2311 jam

195 2322 320 2369 coelo
351 2323 592 2386 contiguus
609 2359 622 2381 ,
647 2323 900 2387 casibusque
927 2322 1221 2386 imperaturus
1241 2322 1447 2370 humanis
1462 2358 1478 2380 ‚

195 2394 580 2459 magniloquentia
605 2396 857 2442 sufflabatur
876 2396 1160 2442 adulatorum
1179 2412 1190 2441 :
1211 2411 1324 2458 quos
1343 2412 1478 2458 auge-

195 2468 270 2514 bat
287 2467 375 2532 ipse
390 2503 403 2528 ‚
427 2468 678 2533 spernendo
698 2468 1076 2533 projiciendoque
1096 2467 1142 2515 id
1161 2484 1301 2532 genus
1319 2484 1476 2533 parum
