1626 2917
225 152 314 202 DE
346 149 655 201 ODOACRE
679 148 1096 200 THEODERICO
1126 163 1237 200 ETC.
1292 164 1391 218 303·-

99 264 410 327 {inopolitano
441 264 550 312 villa
572 263 750 327 publica
782 263 908 326 juxta
940 264 1250 312 Nicomediam
1267 301 1280 323 ,
1302 264 1386 312 dis-

96 338 287 400 politam
318 337 432 385 bene
472 338 794 401 rempublicam
836 336 938 384 filiis
982 337 1158 385 tradens
1195 335 1391 402 [obiit]

95 411 318 476 Regnavit
337 428 440 459 ann.
461 425 613 458 XXXI.
632 411 840 474 Sepultus
859 411 919 458 est
933 411 1354 476 Constantinopoli.

247 521 352 565 Item
380 538 434 565 ex
463 521 584 565 libris
614 519 908 564 Chronicorum
944 521 1051 564 inter
1081 534 1224 567 cetera.

114 657 116 659 »
161 625 300 689 Igitur
328 625 574 688 imperante
607 625 795 672 Zenone
815 623 1020 687 Augusto
1050 623 1389 673 Constantino*

94 698 217 761 poli,
232 696 552 760 superveniens
573 699 731 761 Nepos
753 697 969 745 Patricius
987 697 1042 743 ad
1058 700 1242 744 Portum
1264 699 1386 746 urbis

93 772 256 819 Romae
273 807 286 828 ‚
307 771 515 835 deposuit
545 772 599 818 de
627 772 820 835 imperio
841 771 1112 835 Glycerium
1131 808 1147 829 ,
1169 774 1218 820 &
1243 772 1387 821 factus

92 845 157 893 est
187 846 434 910 Episcopus
453 882 463 900 ‚
483 848 532 894 ὃ(
564 848 721 909 Nepos
756 845 894 893 fa&us
930 847 1180 909 Imperator
1210 849 1388 897 Roma-0

93 918 211 965 Mox
241 918 427 965 veniens
456 919 752 965 Ravennam:
785 935 921 982 quem
957 917 1224 982 persequens
1260 921 1386 968 Ore-

91 991 175 1038 stes
208 991 423 1039 Patricius
460 1007 563 1038 cum
599 991 804 1038 exercitu
826 1026 840 1049 ‚
873 1004 1078 1039 metuens
1110 993 1267 1057 Nepos
1301 995 1386 1041 ad-

92 1075 281 1110 ventum
315 1064 484 1111 Orestis
503 1099 518 1121 ‚
548 1063 790 1117 ascendens
815 1063 970 1110 navim
999 1063 1148 1129 fugam
1189 1067 1300 1129 petit
1328 1068 1385 1115 ad

91 1134 300 1181 Salonam
318 1170 332 1192 ,
358 1135 408 1181 &
434 1133 496 1180 ibi
525 1133 684 1180 manfit
704 1150 781 1195 per
803 1150 947 1181 annos
966 1135 1166 1200 quinque
1188 1154 1199 1183 τ
1229 1138 1384 1200 postea

90 1222 208 1255 vero
241 1225 266 1255 a
295 1207 385 1255 suis
414 1207 651 1256 occiditur.
680 1210 796 1256 Mox
822 1226 878 1256 eo
906 1209 1104 1274 egreffo,
1127 1210 1265 1260 facins
1291 1214 1383 1262 Im·-

89 1292 272 1345 perator
307 1281 594 1345 Augustulus.

153 1354 427 1418 Augustulus
443 1389 456 1412 ,
478 1353 556 1418 qui
576 1366 678 1401 ante
698 1370 885 1416 regnum
920 1355 1146 1403 Romulus
1165 1374 1189 1404 a
1218 1372 1385 1421 paren-⁴

90 1426 208 1474 tibus
239 1428 491 1474 vocabatur
509 1463 523 1485 ‚
547 1445 572 1474 a
601 1441 725 1489 patre
745 1427 905 1474 Oreste
935 1429 1128 1477 Patricio
1161 1431 1298 1481 factus
1319 1433 1382 1482 est

88 1500 356 1562 Imperator.
388 1501 742 1562 Superveniente
765 1501 978 1548 Odoacre
997 1518 1102 1549 cum
1118 1517 1250 1566 gente
1267 1507 1383 1571 Scy-¹

87 1588 276 1630 rorum,
311 1574 482 1621 occidit
512 1573 717 1620 Orestem
756 1574 1000 1621 Patricium
1037 1575 1083 1621 in
1120 1577 1381 1640 Placentia,

87 1646 140 1694 &
164 1643 346 1693 fratrem
369 1645 460 1708 ejus
480 1646 664 1692 Paulum
691 1647 745 1693 ad
773 1647 927 1692 Pineta
948 1647 1058 1694 foris
1080 1649 1267 1697 Classem
1289 1653 1382 1704 Ra-,

87 1734 267 1766 vennae.
297 1718 551 1783 Ingrediens
576 1733 721 1765 autem
742 1721 1004 1766 Ravennam
1019 1755 1033 1779 ‚
1052 1723 1257 1785 deposuit
1279 1727 1378 1772 Au·-

86 1788 310 1853 gustulum
338 1791 392 1837 de
422 1807 562 1854 regno
580 1826 594 1849 ‚
621 1789 748 1853 cujus
781 1790 981 1838 infantiae
1011 1793 1244 1852 misertus,
1264 1810 1382 1846 con-T

87 1852 210 1908 ceffit
239 1861 281 1907 ei
314 1861 568 1926 sanguinem
590 1880 602 1910 :
628 1864 678 1910 &
709 1862 816 1926 quia
845 1863 1031 1925 pulcher
1069 1879 1161 1913 erat
1181 1903 1194 1925 ‚
1225 1879 1378 1917 tamen

87 1932 281 1981 donavit
311 1934 354 1980 ei
380 1935 570 1982 reditum
590 1936 659 1982 sex
689 1935 827 1982 millia
847 1935 1041 1994 solidos,
1062 1939 1112 1986 &
1131 1939 1247 1987 misit
1269 1958 1376 1991 eum

85 2004 204 2053 intra
224 2007 516 2070 Campaniam
545 2025 646 2055 cum
667 2010 924 2070 parentibus
950 2010 1036 2057 suis
1069 2011 1205 2061 libere
1239 2015 1375 2063 vive-

87 2094 150 2125 re.
180 2080 356 2127 Etenim
387 2096 511 2143 pater
549 2081 644 2141 ejus
676 2083 856 2130 Orestes
898 2085 1130 2133 Pannotos
1153 2122 1165 2144 ‚
1201 2089 1280 2151 qui
1315 2106 1375 2136 eo

86 2165 321 2214 tempore,
356 2155 539 2218 quando
570 2156 706 2202 Attila
743 2157 798 2202 ad
832 2157 1001 2204 Italiam
1036 2160 1163 2207 venit
1184 2196 1199 2220 ‚
1229 2162 1272 2208 se
1305 2162 1376 2211 illi

86 2221 259 2285 junxit,
289 2226 338 2272 &
361 2225 455 2287 ejus
484 2227 686 2274 notarius
712 2227 852 2277 factus
880 2229 1039 2278 fuerat.
1062 2234 1195 2279 Unde
1224 2233 1376 2296 profe·

89 2295 184 2353 cit,
213 2298 261 2343 &
297 2297 436 2361 usque
473 2300 526 2346 ad
561 2299 822 2348 Patriciatus
852 2303 1111 2366 dignitatem
1149 2306 1378 2368 pervenit.

88 2371 212 2432 Ergo
248 2371 479 2436 postquam
521 2373 656 2420 sacius
689 2373 751 2420 est
782 2377 1030 2438 Imperator
1063 2378 1188 2425 Zeno
1218 2397 1242 2426 a
1276 2378 1376 2427 filio

86 2440 174 2519 guo
203 2444 384 2508 Leone,
410 2446 489 2512 qui
518 2459 647 2496 natus
666 2446 810 2499 fuerat
832 2449 886 2500 de
905 2449 997 2500 filia
1019 2452 1186 2501 Leonis
1213 2452 1379 2520 Ariad2
