1626 2917
251 192 338 252 196
453 186 790 261 AMMIAlJU
839 187 1315 235 MARCELLINI

244 297 372 357 cujus
416 295 567 355 itidem
612 295 829 359 originem
869 295 916 341 in
953 295 1114 342 Africae
1151 295 1232 342 situ
1270 295 1519 359 digessimus

243 373 402 435 plene:
422 388 604 433 eamque
625 371 863 434 ingressus,
884 387 984 418 cum
1006 388 1185 418 omnem
1215 388 1341 434 paene
1365 371 1520 418 incen-

206 437 211 440 ’
242 445 326 490 diis
355 445 440 489 late
469 444 665 507 dispersis
690 445 865 491 vidisset
890 444 1115 502 exustam,
1137 445 1424 502 horridasque
1448 461 1520 492 ca-

240 517 351 563 nitie
378 516 541 571 silice5‚
564 517 746 578 primam
771 518 819 564 &
843 516 1073 563 secundam
1094 517 1315 579 legionem
1336 517 1390 564 ad
1406 529 1519 563 tem-

240 607 324 653 pus
359 589 419 635 ibi
463 590 604 636 locari
648 589 885 652 disposuit,
920 601 968 635 ut
1004 589 1257 636 favillarum
1290 603 1519 654 egerentes

238 679 431 709 acervos
444 663 693 726 ‚⁴agitarent
723 663 1096 725 ibipraesidium,
1118 680 1173 709 ne
1198 664 1392 726 repetito
1416 664 1539 710 bar-⁴

240 737 452 784 barorum
475 738 643 798 impetu
667 737 920 784 vastaretur.
945 738 1061 796 Quae
1082 754 1185 784 cum
1207 734 1410 785 rumores
1438 754 1521 784 ve-

241 811 278 857 ri
301 810 562 856 distulissent
578 845 590 865 ‚
613 810 865 871 provinciae
886 810 1079 856 re&ores
1101 810 1389 874 tribunusque
1409 810 1520 857 Vin·

239 883 413 930 centius
434 900 457 929 e
476 884 670 933 latibulis
684 921 698 940 ‚
712 883 877 947 quibus
897 883 982 930 sese
997 883 1538 948 commiserant,egressi,v

239 957 417 1003 tandem
439 956 647 1019 intrepidi
670 958 723 1003 ad
745 956 900 1003 ducem
923 956 1051 1003 ocius
1073 970 1388 1018 pervenerunt.
1408 956 1521 1016 Qui·

239 1030 322 1076 bus
354 1029 427 1074 ille
451 1040 672 1091 gratanter
699 1028 802 1075 vifis
831 1041 961 1091 atque
982 1028 1214 1092 susceptis,
1235 1036 1368 1092 agens
1387 1029 1520 1075 etiam

239 1102 359 1163 apud
375 1100 621 1147 Caesaream
637 1136 650 1159 ‚
678 1099 764 1146 side
792 1117 941 1146 rerum
959 1101 1221 1164 diligentius
1251 1101 1483 1162 explorata
1502 1133 1518 1157 ‚

241 1175 466 1237 comperit
489 1174 685 1221 Firmum
713 1191 792 1236 per
815 1173 1001 1235 speciem
1026 1174 1220 1221 faventis
1239 1177 1288 1223 δι
1309 1174 1518 1238 supplicis

241 1250 425 1296 recliore
446 1248 637 1295 consilio
658 1248 703 1293 id
727 1247 878 1294 moli-ri
895 1283 907 1305 ‚
931 1260 981 1294 ut
1003 1248 1115 1294 nihil
1135 1248 1292 1295 hostile
1313 1261 1518 1296 metuen-

241 1335 330 1368 tem
358 1322 605 1368 exercitum
627 1321 891 1367 in‘modurn
915 1322 1181 1383 tempestatis
1215 1321 1370 1369 subit'ae
1400 1340 1518 1370 con-

240 1395 451 1441 turbaret.
471 1394 783 1451 ‘Quamobrem
808 1392 1052 1439 conversus
1075 1393 1180 1440 hinc
1203 1393 1328 1439 venit
1344 1394 1399 1440 ad
1416 1413 1518 1442 mu-

241 1466 457 1529 nicipium
491 1466 880 1529 Sugabarritanum
915 1465 1235 1512 Transcellensi
1259 1466 1410 1512 monti
1442 1484 1518 1515 ac-

241 1541 360 1588 cline
389 1557 398 1585 :
435 1538 511 1584 ubi
538 1537 752 1584 inventos
788 1536 958 1601 equites
991 1550 1159 1600 quartae
1191 1536 1528 1601 sagittariorum·

240 1613 442 1661 cohortis
456 1649 468 1669 .,
485 1628 593 1675 quae
615 1611 668 1657 ad
686 1610 894 1656 rebellem
924 1610 1165 1669 defecerat,
1184 1623 1235 1657 ut
1254 1608 1517 1658 contentum

241 1687 285 1734 se
313 1685 535 1749 supplicio
558 1684 721 1730 leniori
743 1683 1030 1743 monstraret,
1054 1700 1209 1731 omnes
1230 1684 1445 1731 contrusit
1464 1685 1518 1731 ad

240 1757 445 1806 infimum
479 1756 647 1803 militiae
679 1757 861 1820 gradum
886 1774 895 1802 :
917 1756 1079 1818 eosque
1100 1757 1148 1802 &
1166 1753 1517 1803 Constantiano-

240 1849 339 1878 rum
373 1830 571 1894 peditum
597 1844 765 1892 partem
795 1828 1008 1891 Tigavias
1041 1829 1195 1875 venire
1216 1827 1390 1888 jusserat
1413 1846 1515 1876 cum

239 1904 431 1952 tribunis
458 1919 475 1947 τ
498 1919 527 1949 e
564 1902 723 1964 quibus
756 1918 871 1947 unus
907 1914 1114 1964 torquem
1149 1917 1233 1962 pro
1271 1901 1518 1948 diademate

238 1977 375 2040 capiti
409 1975 619 2038 imposuit
654 1975 801 2021 Firmi.
829 1976 1043 2038 Dumque
1074 1975 1168 2021 haec
1188 1986 1411 2037 aguntur,
1438 1993 1517 2022 -re-

238 2059 471 2096 verterunt
491 2048 630 2093 Gildo
653 2051 699 2095 ὃ(
734 2048 983 2106 Maximus,
1002 2048 1207 2094 Bellenen
1235 2063 1262 2092 ve
1297 2047 1516 2111 principi-

238 2122 321 2168 bus
344 2119 560 2166 Mazicum
592 2120 640 2166 &
668 2119 883 2165 Fericium
910 2121 1051 2182 gentis
1070 2119 1325 2181 praefectum
1349 2122 1516 2168 ducen-

238 2188 337 2248 tes‚‘
361 2192 437 2255 qui
468 2191 716 2237 faffionem'
733 2190 943 2251 juverant
969 2191 1128 2254 quietis
1152 2193 1515 2253 publicoeturba-

238 2266 351 2313 toris
418 2269 441 2290 ⁴
510 2269 533 2290 ⁴*
600 2269 622 2289 ⁴
692 2264 994 2326 producerent
1013 2264 1205 2310 vinstos.
1226 2265 1337 2324 Quo
1358 2264 1440 2321 ita,
1465 2278 1515 2312 ut

238 2338 444 2385 statutum
459 2337 545 2394 est,
566 2336 705 2394 faCtQ
726 2337 836 2384 lucis
859 2338 1004 2399 primo
1023 2351 1185 2383 exortu
1203 2339 1290 2400 ipse
1309 2339 1511 2401 egressus,

238 2429 340 2458 cum
370 2410 605 2456 invenisset
625 2427 703 2456 eos
729 2411 774 2455 in
794 2410 990 2455 exercitu
1017 2409 1365 2472 circumseptos:
1396 2412 1515 2471 Quid

240 2489 288 2531 de
317 2484 404 2549 istis
423 2481 592 2541 nefariis
606 2517 619 2541 ,
640 2481 812 2546 inquit,
825 2485 1105 2543 proditoribus
1114 2483 1209 2542 fieri
1228 2497 1400 2544 oportere
1417 2502 1511 2529 corz-
