1626 2917
268 214 485 269 RERUM
520 211 861 259 GESTARUM
897 211 1000 257 ΠΒ.
1036 208 1167 256 XXI.
1266 207 1358 253 232

87 336 328 386 pomorum
349 318 612 383 quidquam,
631 317 781 381 quoad
801 311 1265 378 vixerat2gustaverit
1278 348 1295 369 ,
1313 323 1366 358 ut

87 396 201 442 dicta
227 393 384 456 saepius
408 391 712 454 praetermitto.
744 387 1049 437 Dinumeratis
1072 386 1259 450 carptim
1280 385 1367 432 bo·

85 469 154 515 nis
168 503 183 527 ,
201 485 302 532 quae
325 466 434 514 scire
463 466 691 530 potuimus
709 501 723 522 ,
752 481 873 511 nunc
902 464 954 510 ad
975 461 1251 526 explananda
1271 458 1367 520 ejus

85 540 197 590 vitia
224 540 470 587 veniamus.
501 541 617 586 Cum
647 538 751 585 effet
773 538 819 583 in
849 537 1043 600 negotiis
1067 535 1162 583 aliis
1193 532 1366 596 princi-

86 614 219 678 pibus
247 613 404 660 mediis
424 613 777 676 comparandus,
797 610 829 657 si
850 610 1061 657 affectata:
1087 606 1367 654 dominatio-

86 688 156 735 nis
193 688 341 736 ansam
369 688 590 751 quandam
625 686 776 733 falsam
814 684 1039 747 reperisset
1073 694 1148 729 aut
1180 681 1328 729 levem
1350 715 1366 738 ‚

84 762 203 809 hanc
219 762 310 808 fine
332 759 421 807 fine
441 760 710 817 scrutando,
727 758 875 822 fasque
895 757 1056 804 eodem
1072 755 1180 802 loco
1201 754 1370 801 ducens

88 834 140 880 &
161 832 310 890 nefas,
330 833 567 897 Caligulae,
586 835 634 881 &
657 829 933 888 Domitiani,
953 831 1003 876 ὃς
1019 826 1269 875 Commodi
1288 826 1370 872 im-

87 906 348 952 manitatem
377 905 504 952 facile
533 905 792 967 superabat:
813 919 1005 965 quorum
1034 900 1264 947 aemulatus
1291 899 1373 945 sae-

51 978 56 983 ”
89 978 250 1025 vitiam
283 980 399 1025 inter
423 977 671 1041 imperandi
699 975 911 1033 exordia,
946 975 1132 1021 cunctos
1159 972 1372 1036 sanguine

89 1051 139 1098 &
159 1067 318 1114 genere
345 1051 387 1097 se
405 1051 717 1112 contingentes
745 1048 934 1110 turpiter
952 1046 1191 1093 interemit.
1218 1045 1372 1093 Adde-

88 1123 218 1169 batur
241 1122 505 1169 miserorum
525 1120 762 1178 aerumnis,
780 1119 860 1184 qui
880 1119 943 1165 rei
967 1117 1201 1179 majestatis
1222 1116 1372 1163 immi-

87 1208 207 1242 nutae
232 1196 308 1243 vel
331 1195 444 1242 laesae
474 1195 812 1249 deferebantur,
841 1193 1053 1240 acerbitas
1085 1190 1178 1253 ejus
1207 1192 1257 1239 &
1284 1191 1374 1237 ira-

85 1268 245 1315 cundae
277 1267 578 1331 suspiciones,
608 1268 655 1314 in
684 1265 940 1328 hujusmodi
973 1265 1130 1312 cuncta
1157 1263 1374 1312 distentae.

85 1343 142 1388 Et
161 1340 189 1386 fi
209 1341 316 1404 quid
336 1342 422 1389 tale
440 1339 751 1402 increpuisset,
771 1340 817 1385 in
840 1337 1109 1402 quaestiones
1129 1336 1274 1384 acrius
1294 1353 1374 1382 ex-

87 1412 288 1476 surgens,
310 1431 443 1478 quam
468 1414 663 1461 civiliter
678 1448 692 1469 ‚
730 1412 996 1475 spectatores
1017 1411 1275 1474 apponebat
1304 1410 1376 1457 his

89 1486 241 1532 litibus
273 1499 419 1533 truces
448 1505 459 1534 :
499 1497 787 1549 mortemque
821 1484 1002 1547 longius
1041 1484 1088 1530 in
1134 1482 1376 1547 puniendis

89 1558 389 1622 quibusdam,
421 1559 453 1605 fi
482 1574 638 1604 natura
672 1556 978 1621 permitteret,
1011 1556 1263 1605 conabatur
1296 1573 1376 1603 ex-

89 1631 240 1691 tendi,
257 1632 303 1679 in
322 1630 575 1694 hujusmodi
592 1629 1003 1677 controversiarum
1023 1628 1222 1692 partibus
1238 1629 1376 1676 etiam

90 1705 304 1752 Gallieno
333 1704 548 1752 ferocior.
578 1704 655 1749 Ille
674 1703 793 1749 enim
822 1702 1184 1765 perduellionum
1207 1702 1375 1750 crebris

89 1777 298 1842 verisque
341 1777 561 1841 appetitus
593 1776 790 1835 insidiis,
824 1777 1038 1836 Aureoli,
1070 1779 1119 1826 &
1152 1777 1376 1836 Postumi,

89 1853 139 1901 &
160 1851 375 1916 Ingenui,
405 1853 455 1899 δέ
480 1849 684 1898 Valentis
705 1863 1018 1914 cognomento
1038 1850 1343 1899 Theffalonici
1360 1887 1376 1911 ,

89 1924 374 1988 aliorumque
399 1923 625 1987 plurium,
657 1937 850 1969 mortem
881 1923 1045 1971 fac‘iura
1075 1924 1263 1972 crimina
1290 1924 1378 1970 ali-

88 1997 268 2060 quoties
295 1995 438 2044 lenius
458 1994 719 2043 vindicabat
738 2011 748 2041 :
767 1994 840 2041 hic
858 1995 989 2041 etiam
1015 1995 1128 2044 faeta
1145 1996 1223 2043 vel
1243 1996 1378 2044 dubia

91 2068 296 2130 adigebat
319 2066 463 2116 videri
495 2064 728 2114 certiffima
744 2099 757 2121 ‚
779 2065 829 2113 vi
857 2065 995 2114 nimia
1024 2079 1380 2114 tormentorum.

93 2139 346 2204 lustumque
383 2140 430 2186 in
461 2137 682 2201 ejusmodi
723 2137 864 2186 titulis
903 2139 1152 2202 capitaliter
1183 2140 1374 2197 oderat,

93 2228 196 2259 cum
211 2212 400 2259 maxime
416 2212 460 2259 id
475 2222 642 2276 ageret,
661 2222 710 2256 ut
729 2209 867 2271 justus
887 2211 1208 2259 existimaretur
1225 2214 1275 2261 δε
1291 2213 1379 2260 cle-

95 2300 234 2332 mens.
252 2286 306 2333 Et
323 2297 536 2348 tanquam
563 2300 620 2329 ex
648 2283 769 2329 arida
789 2282 899 2331 filva
922 2284 1131 2333 volantes
1151 2284 1378 2344 scintillae,

93 2355 201 2402 flatu
236 2356 324 2408 leni
359 2370 601 2404 ventorum
640 2356 832 2419 adusque
873 2355 1130 2405 discrimina
1165 2358 1378 2405 vicorum

96 2428 328 2492 agrestium
347 2429 584 2477 incohibili
605 2427 733 2474 cursu
762 2429 1063 2491 perveniunt,
1083 2431 1144 2478 ita
1162 2431 1237 2478 ille
1267 2446 1381 2494 quo-

97 2518 183 2568 que
216 2519 273 2550 ex
297 2503 490 2554 minimis
517 2505 654 2555 causis
678 2503 902 2553 malorum
936 2506 1169 2572 congeries
1200 2504 1374 2555 excita·
