1626 2917
284 150 505 196 RERUM
538 151 875 214 GESTARUM
907 150 1012 196 LIB.
1044 150 1198 196 XXX.
1286 169 1373 213 225

90 258 254 304 editam
296 258 534 305 causentur
578 258 814 305 instrufitos
841 277 851 305 :
881 259 1111 321 spatioque
1145 260 1378 322 prorogati

89 331 306 394 temporis
337 332 607 395 impetrato,
628 333 747 395 quasi
773 350 877 379 cum
908 335 1070 378 Antaeo
1104 347 1254 378 vetere
1283 333 1378 380 col-

88 405 270 462 ludtati,
305 406 645 468 perseveranter
680 407 880 468 flagitant
913 404 1117 468 pulver-is
1143 405 1380 467 periculosi

88 478 331 525 mercedes.
360 481 681 525 Verumtamen
703 479 797 525 haec
828 496 929 525 cum
961 479 1019 525 ita
1050 479 1132 524 sint
1149 514 1162 536 ‚
1183 496 1277 524 non
1303 480 1379 524 de-

88 553 191 599 sunt
217 553 452 600 advocatis
482 554 776 600 incommoda
812 553 1028 615 plurima,
1062 570 1217 614 patum
1256 552 1379 599 susti-

88 625 235 672 nenda
268 628 383 673 refte
422 627 613 673 victuro.
644 627 850 687 Namque
883 625 1111 671 sellulariis
1142 625 1378 687 quaestibus

88 698 299 754 inescati,
329 699 445 746 inter
471 699 512 746 se
542 699 763 746 hostiliter
792 698 1018 755 diffident,
1049 700 1098 745 &
1124 712 1254 759 rupta
1284 716 1379 745 ma-

88 771 312 836 ledicendi
336 772 505 818 ferocia
522 808 535 830 ‚
558 786 606 818 ut
625 773 787 818 difflurn
816 772 877 817 est
894 807 905 828 ,
930 772 1094 818 multos
1115 770 1378 818 offendunt:

90 847 222 909 q'uam
243 861 350 893 tunc
371 845 605 904 effutiunt,
632 863 732 892 cum
758 845 1086 893 commissarum
1117 845 1196 892 fibi
1226 846 1377 893 causa-

88 927 187 966 rum
210 921 511 968 infirmitatem
539 921 786 968 rationibus
815 920 971 967 validis
1000 920 1260 968 convallare
1281 938 1375 967 non

89 995 284 1056 possunt.
318 994 574 1055 Etjudices
609 996 838 1057 patiuntur
873 996 1094 1041 interdum
1131 996 1290 1042 doffios
1322 1012 1379 1041 ex

90 1068 374 1114 Philistionis·
404 1082 479 1115 aut
513 1067 665 1130 AEsopi
707 1067 1096 1124 cavillationibus,
1141 1085 1276 1130 quam
1318 1085 1376 1114 ex

91 1140 293 1186 Aristidis
315 1140 433 1187 illius
458 1140 588 1201 justi,
612 1141 685 1187 vel
716 1141 906 1188 Catonis
944 1140 1175 1203 disciplina
1206 1142 1379 1203 produ·

89 1213 216 1260 &ost
254 1213 333 1276 qui
362 1231 447 1260 aere
480 1214 606 1277 gravi
642 1216 826 1262 mercati
866 1214 1067 1276 publicas
1107 1214 1375 1276 potestates,

88 1298 138 1331 ut
169 1286 624 1349 creditores'rnolesti
656 1305 765 1349 opes
802 1287 1148 1350 cujusquemodi
1180 1287 1376 1336 fortunae

88 1361 299 1406 rimantes
315 1396 328 1416 ‚
348 1359 504 1407 alienis
525 1361 700 1423 gremiis
721 1361 956 1407 excutiunt
976 1361 1158 1421 praedas.
1184 1361 1254 1407 Ad
1273 1361 1380 1408 ulti-

90 1450 213 1479 mum
240 1432 284 1478 id
314 1432 448 1479 habet
476 1433 740 1479 causidicina
775 1451 874 1479 cum
902 1432 1058 1478 ceteris
1076 1434 1376 1480 metuendum

89 1508 140 1554 &
170 1523 330 1568 grave,
363 1507 487 1568 quod
518 1506 608 1551 hoc
638 1506 885 1569 ingenitum
918 1496 1130 1567 est'paene
1159 1506 1376 1568 litiganti-

88 1577 405 1636 bus‘cunflis,
438 1582 618 1625 ut‘cum
656 1578 798 1641 jurgia
834 1579 955 1625 mille
990 1578 1159 1626 cafibus
1191 1580 1377 1636 cadant,

89 1650 341 1698 accidentia
369 1650 491 1696 secus
513 1650 559 1696 in
591 1651 807 1713 potestate
836 1651 919 1697 effe
940 1651 1192 1698 existiment
1222 1664 1379 1714 patro-

90 1723 257 1770 norum
281 1742 292 1770 ε
314 1725 567 1770 &omnem
601 1724 894 1771 certaminum
922 1725 1091 1770 exitum
1120 1724 1273 1770 iisdem
1302 1724 1379 1771 so-

89 1797 211 1858 leant
237 1797 550 1861 affignare‚'&
580 1813 674 1844 non
699 1797 821 1845 vitiis
855 1814 1001 1844 rerum
1018 1834 1031 1857 ,
1051 1810 1126 1844 aut
1152 1798 1378 1862 iniquitati

90 1870 330 1933 aliquoties
374 1871 712 1933 disceptantium
734 1907 747 1927 ‚
783 1870 855 1917 secl
898 1870 1003 1917 solis
1040 1871 1377 1921 defensantibus

89 1942 349 1990 irascantur.
375 1945 571 2000 Verum,
593 1945 711 1991 unde
732 1945 822 1991 huc
850 1944 1202 2004 declinavimus,
1225 1963 1379 1996 rever-

88 2019 251 2064 tamur.

107 2101 129 2115 ’·
157 2091 224 2138 V:
244 2089 522 2154 Pubescente
541 2090 626 2152 jam
658 2108 766 2137 vere
788 2091 1130 2141 Valentinianus
1152 2110 1177 2140 a
1196 2095 1378 2142 Treve-

91 2163 152 2210 ris
183 2175 356 2221 motus,
378 2180 457 2225 per
486 2176 595 2209 nota
627 2163 781 2209 itinera
808 2164 944 2227 gradu
966 2164 1097 2211 celeri
1124 2169 1376 2215 contende-

42 2266 47 2271 »
90 2236 195 2282 bat:
216 2235 346 2297 eique
366 2236 571 2298 regiones
587 2235 879 2293 adventanti,
899 2253 1008 2299 quas
1028 2239 1232 2300 petebat,
1254 2240 1376 2304 lega-

92 2308 162 2352 {ssi‘o
182 2308 476 2354 Sarmatarum
497 2307 710 2354 offertur:
729 2307 1000 2372 pedibusque
1023 2308 1117 2370 ejus
1136 2312 1376 2373 prostrata,

92 2379 252 2425 orabat
270 2378 455 2442 pacifica
480 2395 637 2443 prece,
657 2380 947 2444 uspropitius
976 2383 1152 2430 veniret
1172 2386 1222 2431 ὃς
1240 2385 1376 2446 lenis,

92 2452 258 2498 nullius
287 2452 371 2499 diri
397 2452 609 2500 facinoris
634 2454 874 2516 participes
897 2456 1139 2519 populares
1171 2458 1273 2507 suos
1302 2458 1378 2518 in:

157 2527 380 2573 Ammian.
412 2529 650 2574 Marcellin.
682 2530 772 2572 Vol.
798 2531 856 2574 II.
1180 2530 1214 2573 P
