1626 2917
294 201 515 248 RERUM
549 199 888 246 GESTARUM
926 197 1028 244 LIB.
1065 196 1214 243 XXH.
1314 212 1405 261 3¹3

129 309 206 358 ille
223 344 238 367 ‚
264 309 390 374 quod
415 326 534 356 aram
557 309 602 355 in
624 320 806 355 moneta
822 344 835 364 ‚
855 324 994 372 quam⁴
1019 305 1199 370 regebat
1219 341 1232 363 ,
1252 320 1409 352 recens

128 374 321 429 locatam
354 382 543 429 evertit:
575 381 712 439 alter,
731 381 858 443 quod
881 382 985 426 dum
1006 377 1280 426 aedificandae
1298 393 1413 440 prae-

128 454 234 500 effet
263 454 459 502 ecclefiae
478 491 492 514 ,
526 454 671 502 cirros
694 470 938 516 puerorum
961 453 1170 500 licentius
1190 451 1414 498 detonde-

128 527 233 585 bat,
259 526 304 573 id
327 543 512 591 quoque
531 528 585 574 ad
606 528 814 574 Deorum
841 526 1010 574 cultum
1032 525 1287 571 existimans
1309 541 1415 586 per-

128 601 288 648 tinere.
306 602 420 662 Quo
439 618 534 648 non
555 614 769 650 contenta
790 600 1036 647 multitudo
1057 599 1282 657 immanis,
1302 598 1415 645 dila-

129 674 250 722 niata
273 676 491 723 cadavera
519 687 823 738 peremtorum
853 675 1032 722 camelis
1056 673 1262 737 imposita
1288 673 1415 721 vexit

129 747 187 794 ad
215 747 319 795 litus
341 766 352 795 ε
391 747 636 811 iisdemque
658 747 834 794 subdito
856 748 958 810 igne
981 745 1186 793 crematis
1203 782 1217 803 ,
1243 745 1419 792 cineres

129 819 327 883 projecit
346 820 392 866 in
410 837 530 867 mare
544 856 557 878 ,
577 821 622 867 id
642 833 843 867 metuens
857 857 869 877 ,
890 834 941 866 ut
966 820 1209 878 clamabat,
1237 836 1293 866 ne
1314 818 1418 866 col-

131 894 256 941 leffis
274 894 488 957 supremis
505 931 517 952 ,
534 895 648 942 aedes
670 895 755 942 illis
779 895 1125 951 exstruerentur,
1143 906 1193 941 ut
1213 893 1419 956 reliquis,

132 966 213 1028 qui
236 966 414 1014 deviare
440 985 465 1014 a
484 967 702 1029 religione
723 965 940 1028 compulsi
961 1003 973 1024 ‚
1000 965 1226 1029 pertulere
1247 963 1420 1011 crucia·

133 1039 246 1086 biles
271 1057 456 1101 poenas,
476 1032 669 1101 adusque
685 1038 924 1101 gloriosam
944 1050 1136 1084 mortem
1158 1036 1420 1084 intemerata

135 1111 221 1160 fide
243 1112 455 1176 progreffi
478 1149 493 1169 ,
519 1113 569 1158 δε
596 1128 715 1158 nunc
741 1123 962 1175 martyres
991 1110 1285 1173 appellantur.
1306 1111 1421 1156 Pot-

133 1199 348 1250 erantque
381 1185 616 1232 miserandi
647 1185 855 1231 homines
875 1185 929 1230 ad
947 1182 1128 1231 crudele
1149 1182 1421 1245 supplicium

133 1257 252 1304 ducti
272 1294 285 1315 ‚
308 1257 665 1305 Christianorum
686 1256 946 1318 adjumento
969 1255 1147 1301 defendi
1168 1290 1181 1310 ‚
1208 1256 1255 1300 ni
1274 1255 1425 1302 Geor‘

134 1331 193 1395 gii
209 1332 320 1377 odio
338 1349 496 1380 omnes
514 1331 746 1378 indiscrete
762 1330 1022 1393 flagrabant.
1039 1330 1143 1375 Hoc
1164 1340 1423 1391 comperto,

135 1409 384 1470 Imperator
409 1407 461 1453 ad
491 1406 815 1453 vindicandum
850 1405 1021 1452 facinus
1052 1404 1291 1451 nefandum
1322 1421 1425 1451 ere-

135 1481 227 1525 &us
251 1515 264 1536 ‚
294 1478 472 1542 jamque
503 1479 780 1542 expetiturus
801 1494 996 1540 poenasa
1023 1478 1172 1525 noxiis
1208 1477 1390 1524 ultimas
1408 1511 1425 1536 ,

134 1550 360 1613 mitigatus
377 1550 722 1607 estlenientibus
747 1549 990 1611 proximis:
1012 1549 1230 1612 missoque
1249 1549 1426 1607 edicto,

134 1622 224 1668 acri
243 1622 450 1667 oratione
471 1620 609 1668 scelus
630 1620 922 1667 detestabatur
942 1620 1172 1667 admissum
1190 1657 1203 1678 ‚
1224 1621 1424 1667 minatus

136 1707 367 1753 extrema,
403 1694 435 1741 fi
465 1695 624 1742 deinde
655 1706 874 1742 tentatum
896 1693 1030 1740 fuerit
1064 1694 1267 1759 aliquid,
1290 1693 1420 1758 quod

135 1764 298 1828 justitia
326 1779 448 1815 vetet
478 1769 528 1816 &
555 1768 687 1831 leges.

179 1840 304 1886 ·X11.
338 1841 457 1886 Inter
488 1840 584 1887 haec
613 1839 950 1902 expeditionem
980 1856 1140 1903 parans
1171 1838 1220 1886 in
1248 1839 1426 1898 Persas,·

135 1930 269 1977 quam
303 1914 472 1961 dudum
507 1914 644 1961 animi
677 1915 847 1961 robore
884 1927 1156 1978 conceperat
1186 1915 1333 1971 celso,
1368 1915 1425 1962 ad

136 1988 356 2034 ultionem
373 1988 703 2050 praeteritorum
720 1988 1010 2035 vehementer
1025 1989 1164 2035 elatus
1183 1989 1265 2047 est,
1282 1988 1426 2036 sciens

136 2060 189 2106 δε
209 2059 417 2117 audiens,
441 2074 616 2122 gentem
636 2060 919 2122 asperrimam
942 2077 1020 2122 per
1038 2060 1263 2125 sexaginta
1283 2061 1424 2108 ferme

138 2148 284 2179 annos
312 2132 501 2180 inufliffe
523 2133 702 2180 Orienti
723 2133 892 2180 caedum
921 2134 970 2180 δε
992 2134 1296 2196 direptionum
1318 2149 1427 2180 mo·-

138 2218 354 2252 numenta
381 2204 641 2261 saeviffima,
671 2205 725 2252 ad
758 2204 1117 2252 internecionem
1150 2206 1426 2253 exercitibus

140 2277 301 2324 nostris
340 2276 453 2340 saepe
483 2278 651 2325 deletis.
682 2277 906 2325 Urebatur
941 2291 1088 2325 autem
1116 2279 1310 2326 bellandi
1346 2295 1426 2341 ge—

140 2350 268 2396 mino
291 2350 508 2398 desiderio
526 2368 538 2398 ε
559 2351 734 2413 primo,
767 2350 894 2413 quod
919 2351 1154 2414 impatiens
1175 2353 1259 2398 otii
1284 2352 1423 2399 lituos

142 2420 391 2470 somniabat
422 2425 471 2471 ὅ(
505 2425 703 2485 proelia:
730 2425 857 2482 dein,
886 2425 1012 2487 quod
1047 2425 1093 2471 in
1134 2425 1278 2472 aetatis
1312 2425 1427 2470 flore

139 2495 368 2560 primaevo
396 2496 596 2561 objectus
622 2498 858 2546 efferarum
884 2497 1086 2563 gentium
1115 2501 1282 2557 armis,
1303 2513 1431 2555 reca-
