1626 2917
281 98 501 144 RERUM
536 98 876 144 GESTARUM
915 98 1020 144 ΠΒ.
1055 97 1227 143 XXIV.
1348 113 1405 158 25

122 205 318 254 clamans
339 241 352 263 ,
389 205 563 251 classem
593 220 774 251 omnem
808 221 1050 269 properare
1083 204 1181 252 citis
1213 202 1411 267 remigiis

122 277 343 340 adegisset.
369 279 480 337 Quo
519 279 634 324 fafflo
672 281 719 325 &
752 296 891 325 naves
919 278 1172 325 incolumes
1209 277 1307 324 sunt
1336 294 1414 323 re-

121 363 265 412 ceptae
284 369 296 397 :
315 353 364 398 &
384 351 577 397 residuus
598 350 723 397 miles
737 387 751 408 ‚
773 367 1042 414 quamquam
1063 350 1179 401 saxis<
1194 351 1243 397 ὅ(
1267 348 1416 396 varie-

120 436 212 471 tate
239 424 436 470 telorum
464 442 518 470 ex
552 424 676 470 edito
701 437 965 480 vexaretur,
989 424 1087 484 post
1108 421 1418 470 concertatio-¹.

122 513 227 542 nem
257 495 521 542 acerrimam
544 496 743 556 praealtas
768 497 885 558 ripas
911 498 961 542 &
980 498 1140 543 arduas
1165 494 1419 558 supergres-

125 567 225 624 sus,
246 566 384 613 stabat
411 567 674 616 immobilis.
712 569 766 614 Et
786 569 970 615 miratur
1001 568 1209 625 historia,
1230 567 1419 615 Rhoda-

124 657 256 696 num,
274 656 396 685 arma
414 640 664 686 &loricam
691 641 914 687 retinente
933 641 1153 699 Sertorio,
1172 639 1420 687 transnata-

125 724 220 758 tum
241 730 253 758 :
281 728 384 758 cum
406 728 462 757 eo
479 725 716 759 momento
737 714 902 759 turbati
924 713 1104 776 quidam
1133 713 1318 770 milites,
1340 723 1423 759 ved

126 784 316 847 titique,
339 801 396 830 ne
415 797 697 830 remanerent
717 786 816 846 post
836 786 1005 848 lignum
1027 786 1221 832 erectum
1235 821 1247 842 ‚
1267 784 1423 842 scutis,

126 874 228 920 quae
261 856 412 918 patula
441 856 541 903 sunt
567 859 614 903 &
644 857 836 904 incurva
856 895 869 913 ,
899 859 1033 921 proni
1066 858 1238 905 firmius
1271 859 1423 904 adhae-

127 942 456 991 rentes,eaque
486 930 591 976 licet
619 930 826 993 imperite
856 933 1056 994 regendo
1077 967 1089 987 ‚
1123 948 1202 993 per
1235 930 1424 994 voragi-

128 1003 287 1049 nosum
332 1018 508 1048 amnem
540 1001 830 1049 velocitatem
856 1003 1060 1050 comitati
1094 1004 1177 1050 fint
1219 1003 1424 1051 navium.

127 1076 304 1123 Contra
334 1074 435 1120 *haec
466 1073 605 1120 Persae
637 1074 905 1135 objecerunt
930 1075 1161 1123 instruetas
1189 1076 1425 1138 cataphra-

130 1149 307 1194 &orum
339 1146 539 1209 equitum
569 1159 736 1193 turmas
766 1148 822 1194 fic
863 1148 1092 1195 confertas
1115 1184 1128 1206 ,
1163 1161 1213 1195 ut
1245 1148 1425 1196 laminis

129 1218 329 1281 coaptati
360 1235 608 1282 corporum
631 1219 773 1266 flexus
800 1219 1037 1282 splendore
1063 1221 1425 1284 praestringerent

130 1293 417 1340 occursantes
439 1293 629 1339 obtutus
643 1328 656 1348 ‚
676 1293 970 1355 operimentis
995 1293 1181 1341 scorteis
1202 1310 1426 1355 equorum

130 1365 418 1413 multitudine
437 1367 563 1411 omni
592 1365 767 1412 defensa
787 1384 797 1412 :
817 1383 1015 1428 quorum
1045 1367 1089 1412 in
1111 1367 1308 1413 subfidiis
1329 1383 1426 1412 ma-

131 1440 274 1502 nipuli
293 1438 431 1486 locati
456 1439 555 1485 sunt
579 1440 804 1502 peditum,
831 1440 1025 1486 conteffi
1053 1440 1185 1486 scutis
1210 1439 1426 1504 oblongis

135 1515 185 1558 &
219 1511 405 1568 curvis,
434 1528 534 1573 quae
565 1524 686 1557 texta
719 1511 892 1558 vimine
924 1514 971 1559 &
997 1512 1134 1558 coriis
1164 1512 1311 1558 crudis
1345 1528 1427 1575 ge-

132 1583 295 1631 stantes
310 1619 323 1641 ,
346 1584 521 1630 densius
540 1584 581 1630 se
602 1584 972 1630 commovebant.
993 1585 1094 1631 Post
1114 1586 1197 1631 hos
1215 1585 1427 1647 elephan-

132 1658 166 1705 ti
189 1657 486 1721 gradientium
516 1657 703 1704 collium
727 1656 870 1719 specie
888 1694 900 1714 ,
921 1670 1140 1721 motuque
1159 1658 1441 1706 immanium.

134 1747 382 1793 corporum
422 1730 837 1793 propinquantibus
881 1729 1067 1776 exitium
1109 1730 1390 1777 intentabant
1408 1768 1425 1790 ,

135 1799 421 1855 documentis
461 1804 697 1867 praeteritis
731 1802 973 1851 formidati.
1013 1804 1131 1851 Hinc
1174 1807 1426 1866 Imperator

135 1879 330 1926 catervis
358 1878 560 1941 peditum
590 1877 776 1924 infirmis
807 1878 1002 1924 medium
1028 1877 1144 1923 inter
1171 1878 1288 1925 acies
1326 1877 1428 1941 spa-

136 1954 271 2011 tium,
294 1951 534 1999 secundum
559 1952 851 1999 Homericam
874 1951 1233 2013 dispositionem,
1254 1951 1430 2014 praesti-

136 2026 238 2084 tuit,
260 2042 315 2072 ne
330 2026 467 2072 locati
483 2026 682 2088 priores,
698 2024 991 2086 cedentesque
1012 2023 1290 2081 deformiter,
1313 2042 1425 2071 cun-

137 2099 234 2144 &os
258 2110 513 2144 averterent
531 2099 678 2145 secum
694 2134 706 2153 ‚
732 2108 808 2143 aut
827 2096 1098 2158 postsignani
1122 2112 1243 2158 pone
1265 2112 1427 2142 omnes

136 2171 286 2232 rejeffl
312 2172 553 2228 centurias,
583 2172 709 2217 nullo
729 2170 948 2216 retinente
966 2169 1171 2217 licentius
1194 2181 1427 2217 verterent

136 2255 259 2306 terga
284 2261 296 2289 :
322 2243 412 2306 ipse
438 2260 539 2290 cum
559 2243 675 2290 levis
701 2255 934 2290 armaturae
966 2242 1146 2288 auxiliis
1180 2259 1258 2304 per
1280 2241 1425 2304 prima

137 2316 450 2380 postremaque
485 2316 752 2363 discurrens.
787 2318 908 2378 Ergo
934 2315 1013 2361 ubi
1042 2314 1230 2361 viciffim
1270 2312 1425 2361 conti-

137 2406 233 2453 guae
254 2387 295 2436 se
316 2401 549 2437 cernerent
568 2401 716 2453 partes
730 2424 746 2448 ,
766 2386 953 2436 cristatis
974 2386 1109 2452 galeis
1136 2385 1311 2435 corusci
1328 2386 1427 2439 Ro-,
