1626 2917
194 211 284 276 198
386 207 1274 259 AMM1AN1MARCELL1N1

190 331 242 365 ut
279 318 369 365 viri
409 317 547 365 fortes
589 315 913 379 susciperentur
952 315 1141 363 innoxii.
1168 318 1351 378 Hacque
1378 325 1469 361 arte

191 391 312 437 Galli
347 402 523 453 portam
543 406 687 453 prope
707 387 905 436 confinia
923 387 1035 434 lucis
1056 388 1271 434 introiere
1291 387 1468 433 minuto

189 479 384 509 numero
399 498 413 520 ‚
435 462 617 525 quidam
638 460 913 524 perniciose,
932 477 1031 523 pars
1050 460 1208 507 leviter
1226 458 1475 516 vulnerati,

189 533 529 598 quadringentis
559 550 610 580 ea
643 533 772 579 noste
794 531 1044 578 desideratis
1063 549 1081 578 :-
1099 532 1178 594 qui
1208 547 1301 577 non
1324 531 1471 577 Rhoe-

192 608 285 654 sum
306 643 319 665 ,
346 624 428 655 nec
448 607 697 654 cubitantes
718 621 802 668 pro
824 604 960 651 muris
982 605 1122 652 Iliacis
1145 606 1341 652 Thracas
1357 640 1372 662 ,
1398 603 1472 650 sed

192 680 421 726 Persarum
452 696 600 743 regem
632 689 907 725 armatorum
943 690 1123 724 centum
1156 678 1350 724 millibus
1383 677 1473 723 cir-

190 751 497 813 cumseptum,
519 750 566 797 ni
586 750 819 797 obstitisset
846 749 1098 796 violentior
1121 750 1266 807 casus,
1295 750 1342 795 in
1371 749 1474 812 ipsis

191 824 399 872 tentoriis
416 825 752 871 obtruncarant.
772 825 953 870 Horum
975 823 1383 885 campiductoribus
1395 858 1408 881 ‚
1424 832 1475 868 ut

191 897 384 944 fortium
414 897 634 944 factorum
653 895 946 960 antesignanis
964 934 980 953 ,
1009 896 1109 959 post
1136 896 1332 943 civitatis
1351 896 1475 943 exci-

192 970 318 1015 dium
340 1004 354 1027 ,
383 982 568 1016 armatas
594 968 754 1014 statuas
777 968 896 1030 apud
915 966 1111 1015 Edessam
1136 967 1182 1013 in
1201 968 1386 1031 regione
1404 983 1478 1014 ce-

193 1043 309 1089 lebri
329 1042 472 1089 locari
492 1041 670 1102 jusserat
688 1043 961 1104 Imperator,
989 1057 1089 1104 quae
1107 1040 1161 1086 ad
1181 1038 1369 1103 praesens
1387 1038 1475 1085 ser-

194 1127 365 1162 vantur
398 1114 588 1161 intaEtae.
619 1113 811 1160 Reteffis
844 1113 1047 1177 sequenti
1077 1114 1178 1161 luce
1208 1113 1441 1160 funeribus
1460 1148 1479 1170 ‚

195 1206 298 1237 cum
318 1188 435 1235 inter
454 1188 668 1235 caesorum
696 1187 913 1234 cadavera
942 1185 1181 1247 optimates
1208 1185 1476 1231 inveniren-

194 1274 269 1308 tur
290 1264 339 1309 &
353 1260 559 1322 satrapae,
581 1257 886 1320 clamoresque
907 1256 1069 1303 dissoni
1097 1256 1325 1303 fortunam
1347 1255 1477 1302 aliam

194 1335 302 1381 alibi
335 1352 437 1382 cum
475 1333 669 1380 lacrimis
706 1332 1000 1389 indicabant,
1036 1331 1179 1377 ludius
1219 1330 1384 1393 ubique
1427 1330 1479 1377 δε

193 1409 448 1473 indignatio
468 1424 619 1471 regum
639 1406 897 1452 audiebatur
915 1437 930 1459 ‚
952 1404 1258 1452 arbitrantium
1271 1440 1284 1461 ,
1304 1421 1381 1466 per
1398 1403 1478 1450 sta-

187 1480 342 1527 ·tiones
363 1480 503 1528 muris
531 1479 726 1540 obje<stas
750 1479 954 1542 irrupisse
976 1479 1240 1525 Romanos:
1264 1475 1480 1523 induciis-

194 1571 285 1616 que
303 1555 364 1600 ob
384 1555 477 1600 hoc
495 1553 633 1600 tridui
651 1552 762 1600 datis
781 1553 945 1600 assensu
967 1551 1201 1599 communi
1219 1587 1233 1609 ,
1261 1565 1346 1597 nos
1365 1565 1480 1614 quo-

195 1644 285 1692 que
312 1627 501 1689 spatium
540 1629 594 1673 ad
615 1626 920 1689 respirandum
941 1626 1211 1687 accepimus.

264 1702 363 1747 VII.
415 1700 630 1748 Perculsae
666 1699 825 1746 deinde
862 1698 1068 1746 novitate
1098 1698 1164 1744 rei
1196 1696 1481 1759 efferataeque

197 1784 377 1837 gentes,
397 1772 550 1818 omissa
582 1771 710 1818 omni
735 1770 1022 1818 cunetatione
1043 1806 1057 1826 ,
1092 1769 1305 1832 operibus
1321 1804 1334 1827 ‚
1363 1784 1480 1831 quo-

194 1845 318 1890 niam
346 1843 415 1892 vis
444 1843 631 1890 minime
664 1843 970 1906 procedebat,
1003 1842 1238 1888 decernere
1259 1839 1345 1902 jam
1377 1855 1481 1887 cen·

197 1920 382 1966 sebant:
412 1919 461 1966 &
488 1917 676 1964 concito
708 1929 911 1964 extremo
951 1915 1056 1963 belli
1085 1915 1244 1960 ardore
1268 1949 1283 1971 ,
1321 1927 1482 1959 omnes

198 2003 415 2055 oppetere
448 1991 642 2055 gloriose
669 1990 757 2052 jam
789 1990 1089 2054 properabant
1109 2023 1124 2046 ,
1154 1998 1227 2033 aut
1254 1986 1382 2032 ruina
1404 2002 1482 2031 ur-

196 2066 267 2114 bis
292 2066 449 2113 animis
490 2066 628 2113 litasse
663 2065 894 2113 caesorum.
921 2065 1104 2125 Jamque
1133 2071 1345 2123 apparatu
1372 2075 1482 2106 cun-

195 2141 372 2187 &orum
392 2140 617 2187 alacritate
642 2138 864 2204 perfeeto,
883 2136 1109 2184 exsiliente
1138 2133 1326 2180 lucifero
1340 2167 1353 2188 ,
1372 2147 1482 2194 ope-

199 2231 301 2261 rum
336 2212 472 2260 variae
500 2212 666 2275 species
696 2228 799 2258 cum
831 2209 1027 2256 turribus
1058 2205 1231 2253 ferratis
1264 2205 1483 2252 admove-

199 2289 397 2336 bantur:
426 2303 620 2350 quorum
653 2286 701 2332 in
734 2283 979 2330 verticibus
1011 2281 1133 2329 celfis
1163 2291 1323 2341 aptatae
1355 2276 1483 2324 balli-

198 2360 276 2407 stae
307 2370 666 2422 propugnatores
694 2356 907 2420 agitantes
930 2352 1142 2400 humilius
1177 2349 1483 2411 disjeEtabant.

199 2436 258 2480 Et
281 2431 527 2479 albescente
547 2431 633 2493 jam
660 2430 731 2477 die
747 2466 759 2487 ‚
784 2428 925 2475 ferrea
950 2425 1226 2473 munimenta
1253 2422 1481 2470 membro-

201 2523 300 2553 rum
329 2504 500 2553 coelum
533 2520 669 2552 omne
695 2503 938 2551 subtexunt
966 2518 977 2547 :
1011 2498 1325 2561 densitataeque
1362 2493 1478 2542 acies
