1626 2917
220 213 310 262 140
404 195 747 247 AMM1AN1
797 191 1291 242 MARCELmNi

213 305 401 352 cessebat
438 307 487 352 &
522 304 726 367 probris,
752 304 961 352 Asianum
1002 305 1258 368 appellans,
1290 304 1484 351 GraecttS

213 377 338 435 lum,
372 381 420 426 &
456 377 655 425 fallacem
677 413 690 434 ‚
725 380 774 425 &
813 378 955 442 specie
991 379 1215 442 sapientiae
1258 377 1485 424 stolidum0'

214 453 366 513 thue
395 450 591 497 inveniri
619 450 761 499 solent
788 452 967 516 quidam
1000 451 1115 499 inter
1151 464 1343 499 armatos
1373 466 1482 497 ver-

214 523 376 569 borum
400 522 687 571 volubilitate
708 523 969 586 conspicui,
983 524 1079 572 haec
1100 527 1149 573 &
1168 524 1322 571 fimilia
1342 523 1482 570 multa

215 592 459 653 strepebant
481 611 491 640 :
516 595 611 654 Quo
629 597 833 640 trahimur
846 629 858 651 ‚
871 595 948 656 spe
965 598 1163 642 meliorum
1180 599 1335 642 abolita
1351 631 1364 651 ,
1382 598 1485 640 olim

215 668 374 725 quidem
409 668 513 712 dura
542 664 583 712 G*
600 665 782 728 perpeffic
806 668 1033 727 asperrima
1055 687 1130 728 per
1155 672 1271 714 nives
1300 672 1483 713 toleran-

215 754 272 783 tes
296 735 558 785 &acumina
587 742 805 785 crudelium
827 742 1107 801 pruinarum?
1123 741 1204 801 fid
1221 759 1356 796 nunc,
1375 741 1485 799 proh

214 810 332 868 nefizs
352 811 372 856 !
402 831 491 857 cum
524 814 684 858 ultimis
721 813 892 878 hostium
923 813 1036 872 fatis
1075 815 1271 879 instamus
1292 848 1306 870 ‚
1333 812 1487 871 fame,

215 884 478 946 ignaviffi'mo
506 888 648 930 mortis
675 903 812 947 genere
842 887 1094 945 tabescentes.
1120 888 1184 931 Et
1213 905 1262 931 ne
1295 887 1387 946 quis
1408 900 1488 929 nos

215 958 422 1001 turbarum
455 958 651 1022 existimet
680 961 898 1004 concitores
917 993 930 1013 ‚
951 977 1031 1019 pro
1056 961 1143 1005 vita
1171 960 1283 1018 loqui
1301 958 1402 1017 sbla
1424 972 1487 1002 te-

203 1029 366 1094 stamur
385 1048 404 1084 ;
437 1049 521 1076 tzorz
553 1049 700 1075 aurum
723 1065 736 1087 ‚
765 1050 886 1091 neque
919 1047 1130 1093 argentum
1161 1046 1332 1090 petentes
1351 1065 1366 1085 ,
1400 1046 1489 1089 quae

216 1104 317 1146 olim
346 1121 417 1148 ncc
451 1104 687 1149 contrec‘lare
709 1108 923 1164 potuimus
943 1139 958 1160 ,
985 1123 1056 1150 nec
1084 1108 1243 1160 videre,
1277 1105 1338 1149 ita
1369 1104 1488 1147 nobis

217 1191 365 1235 negata
391 1180 499 1221 velut
529 1193 670 1221 contra
701 1179 987 1237 rempublicam
1018 1192 1078 1222 tot
1092 1174 1306 1239 sicscepiffe
1331 1178 1491 1221 labores

218 1246 262 1294 ὁ*
275 1252 457 1309 pericula
475 1250 716 1308 confutatis.
745 1251 799 1295 Et
819 1260 911 1296 erat
932 1248 1046 1295 ratio
1064 1247 1172 1310 justa
1195 1247 1490 1312 querelarum.

218 1320 337 1365 Inter
367 1333 440 1367 tot
468 1322 587 1367 enim
623 1337 771 1367 rerum
807 1320 1106 1383 probabilium
1134 1319 1287 1367 cursus
1323 1319 1488 1366 articu-

217 1389 373 1454 losque
398 1392 696 1440 neceflitatum
723 1392 937 1455 ancipites
955 1427 970 1451 ‚
991 1391 1225 1438 sudoribus
1244 1390 1495 1438 Gallicanis

217 1463 344 1510 miles
378 1464 645 1524 exhaustus,
674 1482 756 1512 nec
785 1464 1055 1511 donativum
1084 1462 1270 1521 meruit,
1296 1479 1379 1509 nec
1413 1461 1490 1508 sti-

218 1539 458 1604 pendium,
485 1538 572 1599 jam
602 1540 706 1586 inde
735 1551 783 1585 ut
812 1539 1007 1585 Julianus
1027 1538 1108 1584 illo
1136 1537 1198 1584 est
1229 1537 1409 1584 miffus:
1439 1552 1495 1583 ea

221 1629 267 1658 re
283 1647 296 1669 ,
319 1612 442 1675 quod
465 1629 548 1658 nec
567 1612 644 1675 ipsi
673 1612 798 1676 quod
826 1612 948 1659 daret
968 1611 1197 1675 suppetere
1217 1623 1393 1673 poterat
1420 1609 1493 1656 us-

218 1701 352 1748 quam
373 1722 386 1744 ,
422 1702 505 1733 nec
535 1686 826 1734 Constantius
858 1685 1034 1750 erogari
1069 1701 1196 1732 more
1226 1683 1361 1731 solito
1387 1700 1491 1746 pet-

219 1758 434 1804 mittebat.
453 1759 641 1821 Hocque
654 1759 815 1805 exinde
835 1758 992 1806 claruit
1010 1756 1160 1804 fraude
1176 1757 1343 1820 potiu5‚
1356 1772 1493 1820 quamv

221 1831 453 1877 tenacitate
485 1831 739 1888 committi,
770 1831 894 1894 quod
924 1847 1028 1877 cum
1054 1830 1169 1875 idem
1197 1828 1372 1881 Caesar,
1410 1844 1494 1889 pe-

221 1903 332 1949 tenti
353 1920 408 1949 ex
433 1902 512 1949 usu
534 1905 737 1967 gregario
757 1904 951 1963 cuidam,
969 1917 1018 1950 ut
1038 1903 1192 1949 barbas
1212 1901 1492 1959 detonderet‚

222 1975 404 2021 dedisset
433 1975 604 2039 aliquid
639 1977 758 2034 vile,
789 1974 1126 2024 contumeliosis
1157 1973 1389 2021 calumniis
1417 1991 1496 2037 ap·

221 2048 387 2111 petitus
417 2049 477 2094 est
496 2066 518 2096 a
546 2050 805 2097 Gaudentio
837 2062 946 2096 tunc
975 2047 1158 2103 notario
1188 2082 1203 2104 ‚
1239 2047 1293 2093 ad
1333 2047 1496 2110 explo-

222 2121 387 2166 randos
425 2118 520 2181 ejus
551 2123 668 2168 actus
704 2122 781 2169 diu
816 2132 994 2168 morato
1020 2135 1100 2183 per
1123 2118 1320 2174 Gallias,
1357 2135 1492 2181 quem

223 2190 375 2254 postea
408 2191 497 2254 ipse
537 2192 730 2240 interfici
755 2191 871 2254 juffit
900 2227 914 2250 ,
945 2204 994 2238 ut
1029 2190 1137 2239 loco
1173 2189 1494 2238 monstrabitur

222 2264 514 2327 competenti.

288 2336 349 2382 X.
380 2334 542 2383 Lenito
574 2333 752 2381 tandem
781 2333 977 2381 tumultu
1009 2349 1102 2381 non
1138 2333 1227 2381 fine
1254 2330 1496 2380 blanditia-

226 2403 324 2455 rum
346 2423 506 2470 genere
531 2406 687 2464 vario,
709 2419 1015 2470 contextoque
1045 2405 1192 2454 navali
1210 2417 1350 2468 ponte
1372 2404 1495 2450 Rhe-

229 2495 290 2527 no
313 2478 498 2527 tranfito
512 2514 526 2539 ,
548 2479 672 2528 terris
700 2480 1052 2528 Alamannorum
1071 2479 1251 2528 calcatis
1268 2514 1282 2539 ‚
1303 2479 1501 2526 Severus,
