1626 2917
199 180 477 237 AMMlANI
503 178 880 227 macetum
913 177 1015 228 ΜΒ.
1047 179 1226 228 xxxi.
1302 197 1390 244 243

125 282 129 287 ”
162 288 384 337 interfect03
414 290 450 328 ὃς
478 287 560 338 post
587 286 830 327 deditionem
855 287 952 326 datis
978 286 1162 327 Gratiano
1187 287 1401 338 tironibus,

166 351 330 395 domum
365 350 488 389 redire
517 348 697 401 permisti.
725 354 779 389 X.
814 340 1056 390 Sebastianus
1091 349 1238 389 Gothos
1270 349 1402 401 spoliis

155 412 321 452 >onustos
337 413 440 464 apud
462 412 638 451 Beroeam
660 411 903 462 inopinantes
928 412 1100 451 concidit
1118 425 1127 451 :
1149 424 1296 462 paucos
1312 413 1406 464 fuga

166 474 340 515 servavit.
367 475 570 515 Gratianus
601 475 643 514 A.
684 474 733 513 ad
767 484 944 524 patruum
972 474 1174 514 Valentem
1200 485 1407 526 properat,

168 538 204 578 ei
242 547 374 577 contra
403 537 551 577 Gothos
583 536 724 577 laturus
755 537 953 577 auxilium.
981 539 1050 577 XI.
1082 538 1219 578 Valens
1248 539 1292 578 A.
1318 548 1408 579 ante

155 602 384 641 ‘adventum
414 601 581 640 Gratiani
606 613 694 639 cuni
721 600 858 641 Gothis
883 614 1051 652 pugnare
1080 601 1286 640 constituit.
1314 603 1410 643 XII.

169 662 289 703 Gothi
324 675 458 701 omnes
491 663 532 700 in
566 675 687 701 unum
723 664 947 711 conjuncti,
981 664 1163 702 nimirum
1197 663 1410 714 Thervingi

167 725 285 764 ductu
318 723 519 773 Fritigerni
555 723 598 763 R.
628 725 663 763 ἂ
700 723 940 774 Greuthungi
976 723 1139 764 ducibus
1170 725 1333 765 Alatheo
1372 728 1410 765 &

169 787 351 832 Safrace,
374 798 461 824 curn
483 785 665 825 Romanis
687 787 770 824 acie
794 786 970 825 instructa
998 788 1236 837 confligunt,
1269 790 1304 826 &-
1325 787 1410 827 fuso

169 849 362 899 equitatu,
389 847 536 898 pedites
560 848 726 886 nudatos
754 857 869 899 atque
897 849 1096 887 confertos
1121 861 1209 887 cum
1242 850 1412 889 maxima

169 912 291 961 strage
314 912 351 949 in
375 911 505 961 fugam
529 911 754 959 conjiciunt.
775 910 914 950 Valens
933 911 1082 951 occisus
1098 912 1283 962 nusquam
1298 926 1414 952 com-

170 973 310 1024 paruit.
341 973 459 1011 XIII.
489 971 659 1011 Valentis
690 973 732 1011 A.
762 972 918 1011 virtutes
951 976 985 1013 Se
1018 974 1122 1013 vitia.
1154 976 1263 1015 XIV.
1293 974 1413 1015 Gothi

170 1036 335 1075 viciores
367 1033 688 1084 Hadrianopolim
724 1045 975 1086 oppugnant,
1001 1036 1068 1075 ubi
1099 1036 1294 1075 thesauros
1326 1037 1414 1077 suos

169 1096 313 1137 ‘Valens
342 1099 375 1136 Sc
402 1097 647 1147 imperatoria
673 1095 831 1146 infignia
855 1109 944 1136 cum
969 1097 1149 1148 praefecto
1176 1100 1210 1137 δὲ
1234 1098 1415 1138 consisto-

173 1159 289 1198 rianis
313 1157 538 1208 reliquerat:
567 1160 603 1196 ἃ
624 1157 754 1196 omnia
771 1158 903 1197 frustra
929 1159 1078 1209 experti
1094 1158 1304 1200 discedunt.
1321 1161 1410 1200 XV,

177 1220 319 1269 Gothi,
342 1220 578 1260 Hunnorum
606 1219 894 1275 Alanorumque
916 1223 1042 1273 copiis
1066 1235 1156 1261 auro
1184 1223 1248 1262 fibi
1272 1224 1417 1271 adjun-

176 1283 272 1331 etis,
298 1281 430 1321 frustra
453 1281 833 1333 Constantinopolim
857 1292 1019 1322 tentant.
1044 1283 1131 1332 Qua
1161 1292 1239 1322 arte
1268 1284 1391 1332 ,Julius
1407 1317 1419 1335 ‚

176 1345 352 1396 magister
386 1345 549 1384 militum
590 1354 693 1384 trans
728 1346 921 1397 Taurum,
950 1347 1164 1387 Orientales
1198 1349 1418 1399 provincias

179 1409 319 1467 Gothis
342 1410 618 1449 exoneraverit.
640 1410 749 1450 XVI.

127 1610 161 1660 Ι.
194 1545 461 1661 INTEREA
499 1611 548 1659 δε
586 1612 798 1660 Fortunae
832 1609 1038 1660 volucris
1075 1606 1203 1671 rota,
1234 1612 1420 1663 adversa

128 1683 355 1748 prosperis
380 1683 549 1746 semper
579 1683 826 1741 alternans,
852 1685 1085 1732 Bellonam
1112 1686 1239 1733 furiis
1266 1686 1312 1733 in
1345 1688 1422 1735 so·-
1452 1706 1454 1708 ·

134 1758 342 1806 cietatem
377 1757 522 1805 ascitis
554 1758 777 1816 armabat,
806 1758 1081 1823 moestosque
1110 1761 1331 1808 transtulit
1367 1761 1423 1809 ad

134 1831 374 1878 Orientem
411 1823 630 1889 eventus,
667 1847 783 1894 quos
822 1831 1066 1878 adventare
1107 1831 1424 1897 praesagiorum

133 1903 243 1952 fides
281 1904 399 1952 clara
434 1905 650 1951 monebat
686 1906 736 1952 δε
770 1916 1107 1967 portentorum.
1146 1907 1247 1954 Post
1286 1905 1426 1955 multa

135 1979 285 2037 enim,
311 1996 413 2042 quae
451 1990 576 2024 vates
614 1977 890 2042 auguresque
922 1979 1167 2041 praedixere
1203 1980 1427 2040 veridice,

136 2051 409 2099 resultabant
445 2065 576 2098 canes
615 2051 892 2097 ululantibus
925 2050 1069 2112 lupis,
1102 2053 1151 2100 &
1186 2055 1427 2117 querulum

136 2123 349 2186 quiddam
383 2124 618 2170 nofhirnae
646 2124 855 2170 volucres
884 2123 1135 2172 tinniebant
1164 2129 1212 2174 ὃ(
1248 2128 1426 2185 flebile,

139 2198 193 2244 &
216 2195 405 2260 squalidi
436 2197 540 2243 solis
564 2208 750 2244 exortus
777 2197 1043 2244 hebetabant
1069 2200 1313 2247 matutinos
1341 2201 1429 2248 diei

138 2269 356 2316 candores
376 2285 386 2316 2
407 2272 453 2317 &
471 2269 732 2316 Antiochiae
758 2287 835 2332 per
855 2270 980 2317 rixas
1004 2270 1305 2336 tumultusque
1328 2272 1429 2319 vul-

141 2357 266 2406 gares
291 2341 335 2387 id
353 2341 399 2387 in
426 2342 797 2389 consuetudinem
828 2355 1039 2401 venerat,
1059 2356 1106 2390 ut
1128 2344 1314 2408 quisque
1334 2344 1430 2391 vim

139 2413 183 2460 se
205 2414 295 2478 pati
321 2414 622 2474 existimaret,
664 2419 802 2463 Vivus
831 2421 975 2463 ardeat
1009 2423 1195 2474 Valens,
1224 2417 1431 2465 licentius

142 2488 421 2538 clamitaret:
448 2489 674 2554 vocesque
707 2507 987 2554 praeconum=
1009 2492 1301 2540 audiebantur
1331 2492 1434 2548 assis

1071 2565 1180 2625 Qz
