1626 2917
216 69 268 135 38
416 68 1277 121 'AMMIANIMARCELLINJ

207 175 468 223 monstrare.
500 176 720 224 Scintillas
749 176 930 240 quidam
953 190 1111 242 putant
1133 181 1186 226 ab
1207 179 1393 226 aetherio
1413 190 1489 228 ca-'

209 252 365 298 dentes
392 249 576 313 vigore,
608 267 853 313 parumque
886 252 1130 312 porreElius
1160 254 1341 300 tendere
1369 252 1490 300 suffi-

211 323 378 369 cientes
408 323 655 386 exstingui:
688 324 763 370 vel
792 321 909 371 certe
931 326 1158 373 radiorum
1186 328 1386 375 flammas
1418 328 1495 373 in-

211 396 344 460 jecias
372 394 564 443 nubibus
594 397 735 445 denfis
767 398 858 445 acri
887 399 1124 446 scintillare
1157 403 1393 449 comaclu:
1419 413 1494 447 aut
1534 444 1536 446 ,

215 487 318 516 cum
359 469 508 515 lumen
552 470 739 533 aliquod
774 472 1006 519 cohaeserit
1043 475 1165 521 nubi.
1209 476 1255 521 Id
1292 477 1411 522 enim
1446 475 1495 521 in

161 545 163 547 ’
214 544 351 590 stellae
373 543 561 607 speciem
579 543 813 607 figuratum
829 581 842 602 ,
862 546 1055 592 decurrit
1072 548 1250 610 quidem
1264 584 1276 606 ‚
1297 549 1400 593 dum
1423 547 1498 594 vi-

216 616 342 664 ribus
370 616 542 680 ignium
564 616 828 669 sustentatur
848 636 858 665 :
879 619 1172 681 amplitudine
1195 637 1307 668 vero
1333 619 1500 682 spatio-

217 705 316 734 rum
361 688 668 746 exinanitum,
697 690 743 736 in
781 691 948 737 aerium
984 692 1174 740 solvitur
1218 709 1410 756 corpus,
1445 691 1502 738 ad

220 763 504 811 substantiam
537 764 757 828 migrans,
778 764 905 825 cujus
940 766 1096 812 attritu
1127 765 1312 813 incaluit
1341 764 1503 813 nimio.

221 836 474 884 Confestim
496 838 645 902 itaque
673 853 774 886 ante
796 840 908 887 lucis
938 839 1152 902 primitias
1180 839 1349 886 Etrusci
1369 840 1504 885 haru-

221 910 362 972 spices
382 912 606 967 accersiti,
629 913 910 976 consultique
926 949 939 970 ‚
957 913 1065 977 quid
1089 913 1188 959 astri
1213 912 1378 975 species
1395 928 1507 975 por-

223 984 427 1030 tenderet
453 1001 599 1042 nova‚
621 986 854 1032 vitandum
880 985 963 1032 effe
997 985 1239 1032 cautiffime
1263 985 1507 1047 responde-

226 1071 359 1113 runt,
384 1074 438 1102 ne
465 1058 573 1120 quid
605 1070 713 1104 tunc
743 1070 987 1104 tentaretur
1006 1077 1017 1114 3
1039 1075 1092 1104 ex
1122 1057 1428 1121 Tarquitianis
1455 1056 1508 1102 li-

226 1130 317 1176 bris
331 1166 342 1186 ,
362 1129 407 1175 in
425 1130 560 1190 titulo
585 1133 656 1176 De
680 1133 794 1177 rebus
815 1135 984 1187 divinis,
1007 1131 1050 1176 id
1066 1130 1251 1177 relatum
1272 1130 1356 1176 effe
1377 1146 1509 1176 mon-

228 1204 413 1250 strantes
433 1204 584 1266 :quod
602 1204 696 1251 face
717 1205 763 1250 in
783 1205 904 1251 coelo
923 1203 1014 1252 visa
1037 1203 1260 1249 committi
1277 1203 1510 1265 proelium,

230 1279 308 1324 vel
338 1279 476 1325 simile
501 1279 744 1342 quidquam
766 1295 862 1324 non
888 1277 1134 1340 oportebit.
1169 1279 1278 1337 Quo
1309 1275 1440 1322 etiam
1465 1276 1512 1322 id

228 1353 348 1399 inter
367 1353 451 1398 alia
481 1353 617 1399 multa
634 1353 866 1416 spernente
880 1390 892 1408 ‚
915 1353 1106 1399 orabant
1127 1352 1376 1414 haruspices
1396 1387 1409 1407 ‚
1426 1351 1512 1398 sal-

232 1437 323 1472 tem
349 1425 524 1488 aliquot
551 1426 677 1474 horis
700 1426 1027 1488 profectionem
1048 1424 1246 1471 differri:
1272 1427 1321 1472 &
1350 1441 1404 1471 ne
1424 1425 1515 1472 hoc

231 1501 416 1556 quidem
448 1499 547 1547 sunt
577 1501 754 1564 adepti,
783 1503 1056 1563 Imperatore
1087 1498 1214 1545 omni
1241 1497 1517 1545 vaticinandi
1582 1554 1585 1555 ⁷

235 1574 428 1621 scientiae
457 1574 729 1623 remeante:
760 1575 832 1621 sed
864 1588 1027 1622 exorto
1061 1572 1148 1634 jam
1178 1571 1273 1629 die,
1303 1582 1518 1634 promota

237 1654 338 1700 sunt
366 1651 518 1700 castra.

302 1730 371 1773 Ill.
405 1726 524 1772 Hinc
560 1741 643 1771 nos
673 1724 888 1788 egressos,
908 1722 1076 1778 Persae,
1098 1737 1199 1768 cum
1230 1718 1342 1780 saepe
1371 1718 1515 1765 affliffi

237 1798 442 1859 pecliium
469 1796 642 1843 stabiles
672 1813 837 1859 pugnas
871 1796 1133 1852 horrerent,
1155 1791 1321 1839 struffis
1353 1790 1519 1838 insidiis

237 1871 421 1918 occulte
448 1871 811 1925 comitabantur,
833 1868 1087 1915 altrinsecus
1114 1866 1287 1913 viantes
1315 1878 1517 1911 catervas

238 1964 261 1992 a
288 1947 409 1992 celsiss
444 1946 637 1992 collibus
668 1944 950 2006 explorando
970 1961 980 1989 :
1002 1955 1051 1988 ut
1071 1942 1116 1987 id
1139 1940 1360 2002 suspicans
1391 1939 1519 1984 miles

243 2019 435 2079 adusque
458 2031 723 2080 perpetuum
744 2017 859 2062 diem
891 2032 972 2063 nec
1003 2014 1175 2060 vallum
1201 2012 1420 2076 erigeret,
1439 2028 1521 2058 nec

243 2092 423 2139 sudibus
450 2091 489 2137 se
521 2091 833 2138 communiret.
862 2090 1075 2150 Dumque
1105 2098 1311 2149 teguntur
1338 2083 1523 2130 firmiter

241 2165 378 2210 latera
395 2199 407 2220 ‚
430 2164 476 2209 &
500 2162 719 2208 exet-”citus
740 2177 824 2223 pro
844 2161 1052 2206 locorum
1074 2157 1155 2203 (itu
1175 2155 1398 2218 quadratis
1425 2154 1522 2216 qui-

243 2240 366 2295 dem,
385 2237 457 2282 sed
479 2237 588 2282 laxis
610 2236 777 2282 incedit
799 2233 1065 2298 agminibus,
1089 2229 1238 2276 invasa
1261 2229 1407 2276 subito
1430 2240 1522 2273 ter·

243 2329 296 2375 ga
325 2327 444 2373 pone
467 2310 618 2356 versus
638 2327 758 2356 arma
779 2307 1033 2371 cogentium
1057 2305 1253 2367 Principi
1273 2303 1492 2349 indicatur
1507 2337 1522 2359 ,

245 2384 378 2441 etiam
402 2395 498 2428 tum
525 2381 683 2427 inermi
703 2381 755 2427 ad
783 2379 1045 2443 speculanda
1074 2377 1295 2425 anteriora
1316 2373 1525 2439 progres-
