1626 2917
282 220 498 268 RERUM
530 219 867 267 GESTARUM
897 219 999 265 LIB.
1033 219 1180 266 XXII.
1279 218 1373 280 287

169 329 220 376 11.
245 331 363 375 Inter
381 345 478 391 quae
496 341 585 374 tam
610 328 810 390 suspensa
825 363 838 386 ‚
863 328 1084 378 advenere
1103 327 1248 373 subito
1263 327 1379 374 miffi

102 401 160 447 ad
178 417 278 447 eum
300 400 456 463 legati,
475 401 783 462 Theolaiphus
797 414 928 463 atque
944 400 1200 463 Aligufflus,
1220 399 1381 447 defun-

102 473 223 520 &um
238 474 553 521 Constantium
582 475 836 521 nuntiantes
860 510 874 530 ‚
903 473 1224 537 addentesque,
1253 471 1381 536 quod

103 561 207 591 eum
234 563 353 593 voce
371 545 571 609 suprema
593 546 886 594 successorem
909 545 993 591 suae
1015 545 1169 593 fecerit
1187 546 1382 608 potesta-

106 619 177 665 tis.
208 620 310 680 Qua
345 637 391 666 re
429 621 612 684 cognita
644 657 658 678 ‚
699 620 798 683 post
834 633 1036 667 exemtos
1076 619 1384 682 periculorum

106 690 264 750 aestuS‚
283 695 332 740 &
372 693 633 740 bellicarum
670 692 1025 739 sollicitudinum
1051 692 1202 739 turbas
1233 690 1385 737 immi-

105 779 263 812 nentes
288 766 453 823 elatus,
470 765 649 829 jamque
668 764 898 812 vaticiniis
921 765 1105 811 credens
1120 800 1134 822 ,
1158 767 1204 812 &
1227 763 1388 811 celeri-

107 849 245 883 tatem
282 839 471 902 negotiis
509 838 594 885 suis
624 838 863 902 aliquoties
900 836 1112 900 profuisse
1140 844 1388 898 expertus,‘

107 912 248 959 edixit
280 912 363 959 iter
392 913 438 958 in
471 913 717 959 Thracias:
746 911 968 974 motisque
1000 927 1191 973 propere
1224 910 1387 973 signis,

108 985 281 1032 emensa
305 986 562 1032 declivitate
581 988 825 1031 Succorum
850 1019 862 1041 ‚
883 981 1236 1045 Philippopolim
1262 980 1389 1043 petiit

107 1059 401 1121 Eumolpiada
421 1072 636 1115 veterem,
656 1057 787 1104 alacri
809 1057 944 1120 gradu
963 1055 1389 1119 sequentibus‚quos

110 1130 513 1188 durieratssunffis.
529 1130 837 1178 Advertebant
854 1128 973 1175 enim
991 1128 1244 1191 imperium,
1265 1125 1391 1190 quod

110 1215 313 1265 ereptum
339 1203 463 1250 ibant
495 1221 595 1251 cum
618 1202 882 1249 ultimorum
904 1214 1026 1248 metu
1059 1200 1356 1248 discriminum
1372 1233 1389 1256 ‚

110 1288 273 1338 praeter
292 1275 411 1338 spem
432 1274 664 1322 ordinario
685 1273 782 1333 jure
806 1274 1078 1321 conceffum.
1102 1275 1255 1335 thue
1275 1270 1388 1318 solet

113 1345 231 1393 fama
245 1346 468 1394 novitates
487 1346 941 1409 augere,pr0perabat
961 1344 1121 1391 exinde
1138 1344 1394 1400 sublimior,

114 1431 166 1466 ut
199 1421 398 1484 quodam
435 1419 708 1482 Triptolemi
739 1435 875 1465 curru
898 1454 911 1475 ‚
947 1433 1079 1480 quem
1113 1418 1175 1464 ob
1211 1417 1395 1479 rapidos

117 1491 454 1555 circumgreffus
478 1491 604 1537 aeriis
634 1491 912 1552 serpentibus
949 1491 998 1536 &
1024 1489 1235 1552 pinigeris
1269 1488 1392 1536 fabu-

116 1561 212 1609 losa
244 1563 434 1610 vetustas
465 1562 660 1624 imponit
681 1581 691 1608 :
716 1578 882 1625 perque
905 1575 1040 1608 terras
1068 1563 1117 1608 &
1138 1563 1275 1608 maria
1295 1561 1396 1608 for-

118 1635 309 1684 midatus
326 1672 337 1691 ,
372 1636 506 1682 nullis
536 1635 814 1682 obstantibus
841 1636 1008 1691 muris,
1031 1636 1292 1682 Heracleam
1326 1636 1398 1681 in-·

119 1707 282 1771 gressus
300 1706 360 1754 est
379 1707 650 1753 Perinthum.
674 1708 784 1768 Quo
806 1707 923 1769 apud
946 1707 1395 1769 Constantinopolim

118 1796 232 1827 mox
256 1795 521 1841 comperto,
546 1779 852 1826 effundebatur
877 1792 978 1825 aetas
999 1780 1148 1826 omnis
1177 1781 1226 1827 δε
1246 1780 1396 1840 sexus,

120 1840 332 1915 tanq‘uam
364 1853 592 1900 demissum
615 1853 806 1916 aliquem
830 1852 977 1899 visura
999 1854 1051 1899 de
1084 1855 1221 1901 coelo.
1250 1857 1397 1901 Exce-

121 1938 226 1988 ptus
249 1925 384 1990 igitur
415 1926 548 1972 tertio
581 1927 735 1973 Iduum
777 1927 1100 1973 Decembrium
1131 1929 1396 1976 verecundis

123 1997 296 2045 senatus
327 1999 512 2057 officiis,
535 2001 584 2047 &
611 2000 897 2062 popularium
918 2000 1131 2046 consonis
1147 2001 1398 2063 plausibus,

125 2069 396 2133 stipatusque
430 2085 706 2119 armatorum
740 2075 786 2119 ὃ(
823 2084 1082 2135 togatorum
1116 2073 1363 2136 agminibus
1383 2109 1400 2132 ‚

127 2143 366 2190 veluracie
387 2145 632 2192 ducebatur
667 2145 902 2191 instructa:
933 2146 1137 2191 omnium
1172 2146 1317 2192 oculis
1353 2146 1404 2192 in

127 2229 228 2261 eum
247 2232 342 2274 non
361 2219 501 2264 modo
523 2218 732 2265 contuitu
749 2218 966 2264 destinato
979 2253 995 2274 ,
1012 2217 1083 2264 sed
1100 2235 1200 2265 cum
1215 2219 1404 2265 admira-

127 2290 253 2337 tione
274 2307 432 2354 magna
462 2290 629 2339 defixis.
655 2291 847 2338 Somnio
868 2290 986 2336 enim
1013 2291 1200 2353 propius
1223 2291 1405 2337 videba-

131 2377 230 2420 tur,
246 2363 440 2410 adultum
459 2365 600 2412 adhuc
615 2364 823 2425 juvenem
835 2401 851 2420 ‚
865 2366 1029 2427 exiguo
1046 2380 1240 2426 corpore
1253 2398 1266 2421 ,
1280 2362 1404 2409 fastis

133 2436 412 2499 praestantem
430 2438 683 2502 ingentibus
698 2473 712 2496 ,
731 2437 830 2500 post
851 2449 1062 2484 cruentos
1087 2437 1232 2483 exitus
1251 2451 1406 2497 regum

137 2509 190 2559 &
215 2509 444 2573 gentium,
469 2512 524 2562 ab
550 2511 657 2568 urbe
688 2511 736 2561 in
762 2511 923 2582 urbem
950 2510 1138 2576 inopina
1165 2509 1407 2576 velocitate
