1626 2917
228 164 444 210 RERUM
473 163 810 211 GESTARUM
843 167 946 212 LlB.
976 166 1184 215 XXVIII.
1257 187 1344 234 147

75 265 232 312 liarum
267 265 521 312 extenditur
555 268 792 331 longitudo
822 264 1178 336 :nonnunquam
1214 275 1348 324 etiam

73 339 190 386 ultra
226 337 391 409 flumen
429 339 625 389 aedificiis
668 341 821 404 positis
860 341 1096 392 subradens
1137 346 1350 398 barbaros

74 411 200 459 fines.
221 413 444 476 Denique
473 413 573 460 cum
596 428 815 477 reputaret
837 417 1162 466 munimentum
1186 421 1350 471 celsum

74 487 125 533 &
154 498 328 542 tutum,
360 487 485 549 quod
513 486 601 548 ipse
631 506 656 534 a
688 488 841 550 primis
870 488 1077 537 fundarat
1111 493 1315 556 auspiciis
1335 533 1350 555 ‚

73 558 412 620 praeterlabente
435 559 575 606 Nicro
606 559 789 606 nomine
821 559 991 619 fluvio,
1010 564 1220 625 paulatim
1252 568 1352 616 sub-

76 629 193 675 verti
214 629 335 691 posse
355 629 570 675 undarum
600 630 726 692 pulsu
749 631 958 690 immani,
984 646 1176 689 meatum
1208 638 1352 700 ipsum

76 703 285 750 aliorsum
313 717 485 749 vertere
519 704 767 766 cogitavit:
798 708 846 753 &
881 707 1074 768 quaefitis
1107 710 1351 763 artificibus

77 776 228 839 peritis
245 776 434 838 aquariae
454 777 542 833 rei,
558 778 832 841 copiosaque
850 779 1000 826 militis
1016 798 1147 828 manu
1167 785 1353 835 arduum

79 848 140 893 est
160 864 274 908 opus
301 848 531 910 aggressus.
563 850 646 895 Per
676 851 841 896 multos
861 853 979 897 enim
1002 854 1092 900 dies
1123 861 1355 922 compagi-

80 934 195 967 natae
215 919 425 967 formae‘e
446 922 708 978 roboribus,
739 922 1042 986 conjeslaeque
1073 926 1119 971 in
1148 929 1325 978 alveum
1341 969 1355 990 ,

80 993 182 1040 fixis
213 993 448 1055 refixisque
477 994 715 1057 aliquoties
753 1011 895 1056 prope
929 996 1181 1059 ingentibus
1217 1001 1322 1051 stilis
1342 1040 1357 1062 ‚

79 1066 284 1112 fluffibus
305 1066 458 1110 ereffis
477 1064 869 1111 confundebantur
883 1101 896 1123 ‚
916 1067 1164 1130 avulsaeque
1188 1072 1234 1116 vi
1255 1090 1359 1135 gur-

81 1138 183 1202 gitis
223 1138 673 1199 interrumpebantur.
717 1137 840 1184 Vicit
881 1150 1029 1184 tamen
1075 1145 1361 1203 Imperatoris

80 1210 397 1258 vehementior
414 1226 541 1267 cura,
561 1211 609 1256 &
628 1209 841 1272 morigeri
862 1209 1012 1257 militis
1032 1210 1182 1270 labor,
1204 1230 1360 1263 mento

84 1297 239 1341 tenus,
262 1283 366 1329 dum
392 1296 676 1345 operaretur,
708 1283 820 1343 saepe
850 1282 1033 1328 demersi
1057 1301 1066 1328 :
1090 1287 1360 1351 tandemque

84 1376 180 1406 non
206 1358 295 1404 sine
332 1357 616 1420 quorundam
648 1354 901 1402 discrimine
929 1356 1062 1403 castra
1094 1359 1362 1419 praesidiaria

84 1429 394 1493 inquietudine
427 1429 624 1491 urgentis
651 1427 791 1473 amnis
823 1440 1029 1485 exemta,
1060 1446 1179 1476 nunc
1214 1433 1362 1482 valida

85 1505 201 1552 sunt.
239 1504 305 1549 Ac
338 1501 500 1547 talibus
536 1501 659 1546 laetus
692 1499 1025 1563 exsultansque,
1058 1518 1142 1563 pro
1172 1507 1277 1551 anni
1313 1510 1364 1556 δε

86 1577 304 1640 temporis
331 1575 437 1623 statu
469 1574 659 1636 dilapsos
689 1574 977 1631 conducens,
999 1574 1255 1637 reipublicae
1287 1597 1364 1626 cu-

88 1667 180 1696 ram
210 1646 391 1703 habuit,
424 1659 473 1692 ut
507 1645 660 1693 officio
696 1644 916 1707 Principis
949 1648 1241 1710 congruebat.
1275 1652 1366 1698 Ra-

88 1719 244 1783 tusque
263 1718 526 1780 aptissimum
547 1719 601 1763 ad
620 1717 664 1763 id
681 1753 695 1775 ,
709 1718 833 1780 quod
853 1717 1151 1778 deliberabat,
1170 1721 1368 1784 implen-

89 1794 196 1839 dum
211 1828 225 1848 ,
246 1804 364 1837 trans
386 1791 592 1836 Rhenum
616 1789 662 1835 in
682 1802 838 1835 monte
868 1790 980 1847 Piri,
996 1792 1090 1855 *qui
1111 1793 1368 1853 barbaricus

89 1864 220 1910 locus
246 1862 328 1920 est,
351 1861 676 1907 munimentum
709 1860 930 1907 exstruere
951 1861 1163 1924 disposuit
1193 1867 1371 1928 raptim.¹

89 1939 245 1999 thue
274 1934 471 1981 celeritas
499 1933 699 1980 effeEtum
722 1933 890 1996 negotii
913 1932 1075 1981 faceret
1095 1949 1241 1983 tutum
1255 1974 1268 1996 ,
1290 1956 1371 2001 per

92 2009 344 2073 Syagrium,
367 2021 475 2054 tunc
495 2004 909 2070 notarium,'postea
930 2008 1183 2072 praefeflum
1201 2013 1249 2059 ὅ(
1268 2029 1369 2058 con-2

94 2083 260 2140 sulem,
284 2085 520 2129 Aratorem
552 2081 731 2128 monuit
754 2082 932 2138 ducem,
960 2094 1008 2127 ut
1036 2082 1143 2145 dum
1169 2085 1371 2148 undique

95 2155 233 2202 altum
252 2155 354 2202 effet
370 2155 589 2200 silentium
605 2155 679 2210 ,id
700 2153 890 2215 arripere
908 2167 1160 2218 conaretur,
1179 2158 1372 2205 Transiit

97 2245 201 2275 cum
223 2228 402 2274 notario
434 2228 548 2282 dux,
571 2241 618 2273 ut
644 2226 802 2289 juffum
826 2227 912 2286 est,
938 2227 1080 2274 statim
1096 2265 1107 2287 ,
1126 2228 1373 2294 fodereque

96 2319 177 2366 per
194 2302 398 2359 militem,
419 2304 549 2366 q'uem
572 2303 714 2359 duxit,
731 2301 1017 2348 fundamenta
1037 2303 1235 2361 exorsus,
1257 2305 1373 2351 Her-

99 2391 335 2438 mogenem
362 2375 607 2437 susceperat
639 2373 928 2421 successorem
949 2392 960 2420 z
984 2375 1232 2438 eodemque
1255 2394 1374 2438 pun-

100 2449 172 2496 ἑὶο
210 2449 389 2513 quidam
428 2449 664 2513 optimates
698 2449 936 2496 Alamanni
969 2465 1132 2497 venere
1168 2450 1375 2499 obsidum

1002 2522 1109 2571 Ka
