1626 2917
242 164 332 209 166
410 161 777 208 4AMM1AN1
827 158 1301 206 MARCELLINI
1356 160 1375 162 ”

237 280 551 316 veneratante
582 266 890 328 praestruftus·‘,
913 279 964 313 ut
994 267 1272 314 securitatem
1299 266 1432 314 *suant
1460 266 1517 313 in·

236 352 337 387 tuto
364 340 564 395 locaret,
592 355 882 385 numerorum
914 338 1145 400 principiis
1181 355 1257 400 per
1295 339 1512 402 quosdam

237 411 526 462 secretorum
548 412 832 458 mandaverat
869 410 1076 458 conscios
1098 446 1112 467 ‚
1142 427 1190 457 ut
1223 411 1263 457 ei
1298 425 1515 473 tanquam¹

236 483 484 545 potenti&
505 482 653 545 palatii
690 482 978 531 summatibus
1006 481 1246 543 proximo,
1275 481 1509 544 stipendii,

237 557 364 618 quod
392 557 656 620 pertulerat,
679 556 1201 619 praellarentmaximam
1234 570 1427 617 partem:
1460 559 1511 603 δε

237 627 301 675 ita
332 629 394 680 est
424 630 602 682 factum.
642 628 980 691 Confestimque
1011 628 1084 673 ille
1122 628 1282 675 ditatus
1317 628 1514 691 perrexit

238 704 294 749 ad
331 704 535 764 Leptim:
562 717 696 765 utque
724 704 776 748 ad
818 701 1015 751 veritatis
1051 700 1304 762 perveniret
1339 701 1512 763 indagi-

240 791 374 831 nem,
402 776 691 822 Erechthium
722 777 770 823 &
805 774 1129 820 Aristomenem
1164 773 1379 825 facundos
1416 790 1514 819 mu·-

239 849 481 910 nicipes&
514 849 702 912 infignes
723 884 736 904 ,
762 848 897 894 libere
926 847 1020 894 suas
1053 847 1310 909 civiumque
1332 848 1380 894 &
1412 844 1518 891 fini-

240 922 464 971 timorum·
488 934 734 968 retexentes
773 936 1012 972 aerumnas,
1035 919 1087 964 ad
1115 920 1216 964 Ioca
1249 917 1413 964 vastata
1447 915 1513 962 se-

239 1012 343 1042 cum
373 996 542 1043 eduxit.
572 995 749 1054 Quibus
776 1006 924 1054 aperte
952 993 1108 1038 cuncta
1135 989 1478 1036 monstrantibus
1496 1024 1514 1048 ‚

237 1067 717 1129 lustuofissprovinciae
741 1067 969 1114 cineribus
985 1067 1085 1111 vifis
1107 1067 1291 1111 revertit
1310 1083 1321 1111 ε
1342 1067 1514 1114 Roma-2

239 1155 447 1200 numque
468 1148 525 1185 ut'
547 1137 736 1188 desidem
767 1138 1001 1199 increpans
1020 1173 1031 1189 ,
1050 1137 1288 1182 relaturum
1327 1135 1368 1181 se
1399 1145 1515 1182 cun-i

239 1210 306 1256 ἃᾶ
326 1210 563 1266 veriffime,
581 1226 679 1271 quae
696 1209 865 1254 viderat
878 1245 890 1261 .‚
909 1208 1158 1254 minabatur
1173 1209 1225 1254 ad
1245 1207 1512 1268 Principem.

237 1284 387 1345 Atque
420 1281 494 1327 ille
517 1282 578 1326 ira
606 1282 795 1342 percitus
827 1283 876 1328 &
898 1272 1059 1326 dolore
1079 1317 1091 1335 ,
1125 1280 1164 1326 se
1191 1298 1370 1343 quoque
1402 1297 1515 1328 mox

237 1352 404 1399 referre
435 1350 654 1408 firmavit,
675 1352 802 1415 quod
832 1350 978 1396 missus
1004 1364 1050 1396 ut
1072 1354 1274 1398 notarius
1305 1353 1515 1398 incorru-

238 1439 342 1490 ptus
363 1462 375 1482 ‚
409 1425 677 1472 donativum
710 1424 862 1470 militis
881 1440 1016 1469 omne
1043 1424 1088 1468 in
1122 1425 1309 1488 quaestus
1338 1437 1514 1470 averte-

237 1500 295 1551 rit
332 1498 557 1559 proprios.
592 1498 696 1556 Qua
732 1495 869 1560 gratia
901 1494 1173 1558 flagitiorum
1212 1497 1373 1542 arbitra
1402 1513 1514 1544 con-

238 1569 418 1617 scientia
439 1606 452 1626 ,
481 1588 580 1616 cum
603 1571 812 1615 Romano
834 1560 1005 1614 deinde
1021 1569 1234 1615 Palladius
1264 1570 1514 1616 concorda-

237 1643 312 1690 bat
342 1660 353 1689 ε
389 1641 676 1706 reversusque
708 1643 761 1688 ad
797 1642 1060 1689 comitatum
1085 1679 1099 1700 ,
1127 1657 1219 1689 arte
1254 1643 1512 1690 mendacio-

238 1733 336 1763 rum
363 1715 499 1777 impia
535 1715 894 1762 Valentinianum
931 1714 1177 1772 fefellerat,
1198 1717 1511 1779 Tripolitanos

233 1788 394 1842 frustra
444 1789 570 1853 queri
613 1805 986 1836 commemorans.
1030 1790 1222 1851 Ideoque
1261 1790 1406 1836 rursus
1453 1790 1507 1836 ad

237 1863 436 1911 Africam
455 1881 555 1911 cum
575 1865 767 1921 Joviuo,
780 1861 1006 1925 postremo
1023 1865 1224 1909 omnium
1246 1863 1508 1925 legatorum,

237 1936 515 1994 remittitur‚‘
536 1935 828 2000 (pancratius
855 1936 972 1981 enim
997 1935 1229 1982 decesserat
1260 1935 1375 1996 apud
1397 1935 1510 1980 Tre-

236 2012 411 2069 veros)
449 2022 495 2055 ut
524 2026 623 2055 cum
649 2007 824 2055 vicario
845 2008 936 2070 ipse
959 2009 1112 2054 merita
1134 2007 1366 2070 legationis
1386 2022 1508 2069 quo-

236 2098 326 2144 que
356 2081 558 2128 secundae
587 2081 830 2143 speflaret:
861 2096 1019 2143 praeter
1064 2082 1154 2127 haec
1193 2081 1361 2142 linguas
1399 2083 1507 2126 Ere-

236 2154 378 2202 chthii
410 2156 460 2202 &
496 2154 790 2202 Aristomenis
819 2154 1001 2217 praecidi
1030 2153 1201 2215 jufferat
1234 2157 1508 2215 Imperator,

233 2244 352 2290 quos
379 2228 599 2274 invidiosa
629 2229 827 2290 quaedam
854 2228 1033 2274 locutos
1062 2228 1173 2273 idern
1200 2227 1414 2274 Palladius
1435 2227 1507 2273 in<-

235 2300 426 2346 timarat.
453 2302 635 2347 Secutus
649 2335 662 2354 ‚
682 2315 728 2346 ut
745 2300 948 2346 statutum
968 2300 1046 2355 est,
1067 2300 1283 2346 v2car'1um
1306 2299 1508 2345 notarius

236 2371 361 2417 venit
376 2371 429 2416 ad
441 2372 682 2432 Tripolim.
697 2375 1162 2436 HocquecompertQ
1178 2373 1405 2418 Romanus
1425 2371 1507 2415 do-

235 2442 464 2491 mesticum
494 2441 616 2489 suum
637 2444 740 2493 illuc
770 2444 1017 2494 volucriter
1038 2443 1179 2502 milit,
1206 2445 1256 2490 &
1275 2440 1507 2489 Caecilium
