1626 2917
329 166 551 216 RERUM
585 167 928 217 GESTARUM
963 171 1064 217 LlB.
1101 170 1210 218 XV.
1363 193 1414 239 53

136 294 384 344 properans
411 279 578 330 flumen
592 316 607 338 ‚
624 281 674 329 &
695 279 934 328 confusum
954 278 1127 327 misceri
1158 295 1254 325 non
1275 278 1421 342 potest

136 370 306 416 corpus
326 371 340 401 z
359 354 483 418 quod
503 354 549 400 ni
570 353 633 401 ita
654 354 722 418 agi
743 354 833 418 ipse
853 355 1034 402 doceret
1054 353 1278 417 aspectus,
1298 353 1421 400 nulla

135 426 184 474 vi
208 427 470 475 credebatur
496 427 621 490 posse
646 427 848 475 discerni.
875 427 948 474 Sic
969 427 1165 489 Alpheus
1191 425 1344 474 oriens
1372 427 1420 472 in

136 499 350 558 Arcadia,
377 499 588 563 cupidine
619 498 761 546 fontis
790 497 989 546 Aretusae
1014 508 1189 560 captus,
1218 495 1422 544 scindens

135 573 318 620 Ionium
353 589 502 630 mare,
536 584 587 619 ut
624 571 788 619 sabulae
825 572 1004 630 ferunt,
1037 570 1233 634 adusque
1263 581 1423 616 amatae

138 644 338 693 confinia
358 645 660 710 progreditur.
680 649 757 672 *⁴⁶*
778 645 968 692 Arbetio
991 643 1072 708 qui
1088 644 1304 690 adventus
1324 642 1421 689 bar-

134 719 346 767 barorum
372 720 659 778 nuntiarent,
681 735 779 765 non
800 718 1053 782 exspeftans
1073 717 1178 764 dum
1201 716 1391 764 adessent
1407 752 1424 774 ‚

136 791 241 839 licet
270 792 400 841 sciret
422 792 571 856 aspera
591 791 692 839 orsa
714 791 966 849 bellorum,
992 790 1040 837 in
1068 789 1271 838 occultas
1298 789 1421 836 dela-

135 877 206 912 tus
235 865 438 925 infidias,
464 865 581 913 stetit
603 863 876 920 immobilis,
896 861 1019 910 malo
1050 862 1289 926 repentino
1317 879 1420 925 per.-

139 939 297 987 culsus.
326 942 500 986 Interea
533 938 614 988 visi
647 955 675 985 e
705 936 887 985 latebris
918 936 1067 983 hostes
1104 936 1339 994 exsiliunt,
1371 940 1422 984 &

136 1012 226 1059 fine
255 1011 521 1075 parsimonia
549 1011 770 1076 quidquid
798 1010 967 1057 offendi
991 1022 1198 1073 poterat,
1226 1011 1421 1056 telorum

135 1101 296 1148 genere
330 1084 572 1147 multiplici
608 1082 894 1147 configebant
921 1101 930 1129 :
963 1100 1046 1130 nec
1076 1082 1195 1129 enim
1231 1083 1422 1129 resistere

136 1155 390 1203 nostrorum
422 1157 655 1221 quisquam
687 1157 857 1220 potuit,
888 1173 970 1203 nec
1000 1157 1123 1204 aliud
1150 1157 1259 1202 vitae
1289 1155 1422 1202 subli-

133 1230 286 1287 dium,
305 1229 386 1276 nisi
405 1228 587 1278 disceffu
605 1230 776 1294 sperare
804 1230 976 1278 veloci.
1005 1229 1238 1290 Quocirca
1260 1229 1421 1276 vulne·

131 1303 254 1351 ribus
274 1302 549 1351 declinandis
571 1303 760 1363 intenti,
779 1304 1090 1366 incomposito
1106 1304 1282 1366 agmine
1302 1303 1421 1349 mili·

133 1389 198 1422 tes
219 1375 308 1423 huc
336 1377 387 1422 &
412 1375 522 1423 illuc
542 1375 807 1438 dispalantes
829 1388 950 1440 terga
968 1375 1168 1423 ferienda
1187 1376 1421 1423 dederunt.

133 1448 341 1511 Plerique
360 1460 510 1494 tamen
536 1465 616 1510 per
634 1448 836 1512 angustas
855 1447 1030 1494 semitas
1056 1447 1184 1510 sparsi
1200 1484 1214 1503 ,
1243 1448 1420 1510 pericu-

135 1523 274 1586 loque
291 1522 499 1586 praefidio
525 1523 772 1570 tenebrosae
790 1522 936 1570 noctis
969 1522 1180 1579 extr—acti,
1209 1522 1420 1569 revoluta

136 1592 222 1655 jam
244 1593 344 1641 luce
370 1593 681 1658 redintegratis
711 1594 882 1642 viribus
911 1594 1078 1658 agmini
1102 1595 1286 1658 quisque
1309 1612 1420 1657 pro·
1455 1628 1459 1629 ν

136 1667 239 1729 prio
266 1665 354 1713 sese
374 1665 672 1715 consociavit.
705 1670 754 1713 in
776 1683 868 1730 quo
894 1667 993 1714 casu
1013 1666 1075 1714 ita
1103 1666 1213 1713 tristi
1242 1669 1290 1715 &
1318 1668 1418 1713 ino-

135 1738 246 1801 pino
265 1738 499 1798 abunda-ns.
514 1756 729 1786 numerus
749 1752 1020 1786 armatorum
1038 1776 1057 1799 ‚
1075 1741 1124 1787 &
1149 1740 1319 1787 txibuni
1340 1741 1419 1786 de-

135 1810 309 1858 fiderati
325 1811 424 1858 sunt
445 1812 615 1860 decem.
634 1813 713 1859 Ob
730 1829 830 1876 quae
844 1813 1109 1872 Alamanni,
1126 1812 1308 1860 sublatis
1323 1814 1417 1860 ani-

133 1883 219 1930 mis
242 1883 443 1932 ferocius
457 1884 717 1933 incedentes
730 1921 741 1939 ‚
759 1887 963 1950 quotidie
980 1903 1122 1950 prope
1141 1878 1419 1933 munimenta

132 1955 364 2013 Romana,
385 1956 608 2005 adimente
630 1959 846 2005 matutina
870 1959 1033 2006 nebula
1057 1960 1202 2006 lucen]
1218 1994 1232 2015 ‚
1261 1958 1418 2005 strictis

133 2028 428 2076 mucronibus
447 2029 773 2089 discurrebant,
789 2031 1040 2079 frendendo
1061 2032 1203 2078 minas
1222 2030 1418 2078 tumidas

133 2100 422 2148 intentantes.
449 2103 703 2167 Egreffique
723 2118 908 2167 repente
931 2104 1139 2162 scutarii,
1156 2122 1255 2151 cum
1287 2103 1417 2164 obje-

136 2173 204 2219 uu
230 2185 471 2222 turmarum
492 2176 721 2223 hostilium
740 2177 975 2239 repercuffi
998 2177 1208 2224 stetissent
1221 2213 1237 2235 ‚
1256 2193 1415 2223 omnes

133 2244 235 2292 suos
259 2245 521 2310 conspiratis
545 2248 770 2296 mentibus
797 2249 973 2296 ciebant
1001 2250 1056 2296 ad
1085 2267 1293 2313 pugnam.
1322 2252 1415 2294 Ve-

135 2334 236 2363 rum
271 2334 372 2366 cum
406 2319 644 2384 plerosque
679 2322 870 2370 recentis
900 2340 1112 2370 aerumnae
1141 2323 1415 2369 documenta

136 2402 379 2452 terrerent,
405 2393 456 2441 &
487 2393 535 2439 in
560 2406 660 2440 tuto
694 2393 792 2441 fore
819 2396 990 2442 residua
1018 2396 1200 2443 credens
1228 2396 1415 2441 haereret

134 2465 357 2515 Arbetio:
392 2481 479 2517 tres
515 2469 643 2516 simul
679 2469 894 2519 exsiluere
923 2470 1118 2528 tribuni,
1142 2469 1412 2526 Arintheus,

1048 2544 1157 2605 D3
