1626 2917
273 157 495 229 RERUM
529 156 869 204 GESTARUM
904 156 1007 203 LIB.
1044 156 1200 203 XXX.
1294 170 1383 217 223

105 259 383 323 pollicentur
397 296 410 319 ,
431 261 462 306 fi
485 274 527 307 te
548 260 758 307 senserint
779 261 863 307 effe
884 272 1177 307 nummatum.
1205 261 1390 307 Tertius

104 349 266 378 eorum
283 332 344 379 est
375 335 516 390 ordo,
543 335 644 396 qui,
671 347 717 378 ut
749 335 793 379 in
829 333 1101 395 profeffi‘one
1133 333 1391 380 turbulenta

105 405 376 462 clarescant,
401 408 454 453 ad
484 407 823 470 expugnandam
853 406 1085 454 veritatem
1107 422 1186 453 ora
1218 423 1393 453 merce-

104 478 228 525 naria
255 481 559 541 procudentes
576 517 587 537 ,
613 497 690 542 per
707 479 965 542 prostitutas
995 478 1166 526 frontes
1191 479 1392 542 vilesque

105 552 307 610 latratus,
326 571 419 617 quo
441 555 608 609 velint,
625 555 766 601 aditus
787 553 865 599 fibi
888 553 1159 616 patefaciunt
1181 554 1361 600 crebros
1378 570 1392 598 ε

105 626 186 688 qui
208 626 325 673 inter
345 627 667 675 sollicitudines
697 627 895 689 judicum
921 644 998 689 per
1019 627 1157 673 multa
1183 626 1393 673 distentas

103 698 374 747 irresolubili
404 719 523 747 nexu
561 701 810 748 vincientes
840 701 1045 764 negotia,
1081 701 1314 757 laborant,
1341 715 1392 747 ut

105 772 255 818 omnis
279 773 402 835 quies
424 773 575 819 litibus
601 773 860 834 implicetur
877 808 889 829 ,
912 775 961 818 &
983 772 1164 819 nodosis
1184 772 1395 836 quaestio-

105 844 237 891 nibus
257 846 310 891 de
328 846 538 892 industria
557 845 723 908 judicia
744 845 1115 893 circumscribunt
1134 864 1144 893 :
1169 863 1269 910 quae
1288 864 1393 893 cum

103 919 221 963 re&e
251 921 530 980 procedunt,
560 921 742 966 delubra
771 919 870 965 sunt
902 918 1153 980 aequitatis3
1184 936 1285 966 cum
1316 920 1394 965 de-

103 991 550 1051 pravantur‚,foveae
579 992 756 1039 fallaces
790 994 840 1039 &
863 1009 1020 1038 caecae:
1054 990 1099 1037 in
1133 1008 1241 1053 quas
1262 991 1293 1037 fi
1321 1008 1394 1038 ca-

103 1075 206 1122 ptus
234 1064 447 1110 ceciderit
465 1064 719 1127 quisquam,
741 1081 835 1110 non
861 1064 940 1109 nifi
965 1081 1044 1125 per
1065 1065 1202 1110 multa
1224 1066 1394 1111 exsiliet

103 1133 262 1193 lustra,
294 1136 486 1199 adusque
524 1136 637 1199 ipsas
668 1136 882 1183 medullas
910 1135 1126 1183 exsuflus.
1165 1138 1393 1196 Quartum

102 1220 238 1271 atque
271 1208 541 1271 postremum
583 1209 643 1256 est
682 1226 818 1272 genus
855 1209 1117 1270 impudens,
1150 1210 1393 1272 pervicax,

102 1282 153 1328 &
169 1281 402 1329 indoftum
419 1319 430 1336 ‚
449 1299 634 1340 eorum,
660 1282 736 1344 qui
758 1299 859 1328 curn
881 1281 1120 1327 immature
1141 1298 1163 1327 e
1184 1282 1392 1329 literariis

102 1355 335 1417 eruperint
361 1354 502 1412 ludis,
526 1371 603 1416 per
630 1354 819 1416 angulos
847 1352 1086 1400 civitatum
1110 1354 1391 1412 discurrunt,

104 1426 409 1485 mimiambos,
434 1444 528 1472 non
551 1426 780 1473 causarum
798 1426 1004 1472 remediis
1024 1443 1240 1489 congrua,
1263 1443 1392 1474 com·-

103 1512 352 1548 mentantes
369 1537 383 1559 ‚
410 1500 528 1548 fores
555 1501 747 1547 divitum
776 1501 1046 1556 deterendo,
1069 1516 1303 1546 coenarum
1330 1500 1392 1547 ci-

103 1573 358 1637 borumque
384 1586 657 1636 ancupantes
680 1572 857 1619 delicias
886 1571 1137 1635 exquisitas.
1169 1572 1262 1631 Qui
1287 1589 1392 1618 cum

102 1644 236 1692 semel
258 1647 511 1693 umbraticis
533 1646 688 1703 lucris,
719 1648 766 1694 &
791 1645 1012 1692 inhiandae
1032 1643 1230 1706 undique
1251 1661 1391 1705 pecu-

104 1720 193 1766 niae
220 1720 307 1767 sese
333 1721 583 1767 dediderint
599 1757 610 1777 ,
633 1720 804 1783 litigare
827 1717 984 1765 frustra
1006 1717 1233 1781 quoslibet
1256 1717 1391 1763 inno-

103 1808 255 1851 centes
285 1796 555 1842 hortantur:
581 1796 630 1841 δι
664 1795 719 1840 ad
753 1792 1077 1839 defendendam
1111 1790 1285 1838 causam
1315 1792 1394 1837 ad«

103 1869 217 1916 miffi
234 1904 248 1925 ,
272 1869 396 1931 quod
414 1884 514 1914 raro
539 1866 792 1929 contingit,
815 1864 1190 1926 susceptinomen
1221 1865 1270 1909 ὃ(
1294 1864 1390 1910 vim

101 1942 276 2005 negotii
298 1942 373 1987 sub
394 1957 474 1987 ore
494 1939 801 2002 disceptatoris
821 1940 936 1983 inter
957 1936 1075 1998 ipsos
1095 1936 1389 1983 conssifiuum

101 2015 316 2061 articulos
337 2014 639 2068 instruuntur,
662 2010 1144 2059 circumlocutionibus
1163 2010 1389 2073 indigestis

103 2086 167 2133 ita
186 2087 421 2142 scatentes,
448 2099 496 2133 ut
518 2085 796 2133 colluvionis
829 2086 1079 2130 taeterrimae
1105 2084 1257 2129 audire
1288 2085 1389 2129 exi-

103 2161 250 2208 stimes
268 2161 471 2207 ululabili
503 2160 698 2207 clamore
726 2159 972 2204 Thersiten.
1009 2159 1125 2204 Cum
1159 2170 1307 2204 autem
1332 2156 1390 2202 ad

103 2234 307 2297 inopiam
343 2234 681 2281 muniendarum
716 2233 925 2278 venerint
959 2231 1304 2293 allegationum,
1335 2230 1390 2276 ad

105 2307 364 2354 effrenatam
396 2307 634 2354 defleflunt
666 2305 957 2352 conviciandi
996 2305 1221 2350 licentiam
1252 2322 1262 2348 ε
1293 2318 1393 2363 quo

105 2381 314 2436 nomine,
332 2381 394 2427 ob
412 2382 575 2428 affidua
594 2381 637 2425 in
658 2379 867 2441 personas
890 2380 1179 2424 honorabiles
1200 2377 1390 2438 probra,

103 2453 262 2501 diebus
292 2454 418 2502 dietis
442 2453 681 2518 aliquoties
708 2451 807 2499 sunt
836 2452 1059 2499 damnati:
1094 2468 1117 2499 e
1149 2451 1310 2514 quibus
1331 2449 1392 2495 ita
