1626 2917
281 130 500 176 RERUM
532 128 869 176 GESTARUM
906 129 1009 197 ΠΒ.
1043 128 1220 174 XXXI.
1308 143 1399 192 247

115 236 234 284 unde
254 236 423 293 oritur,
442 236 587 299 potest
602 272 615 293 ‚
634 235 737 282 alibi
758 249 1005 298 conceptus
1019 270 1032 292 ‚
1055 233 1268 295 natusque
1288 250 1400 295 pro-

113 310 217 368 cul,
245 311 294 357 &
324 310 505 373 longius
535 311 761 357 educatus.
795 311 877 356 Per
909 309 1104 355 indutias
1137 306 1291 363 infidi,
1326 308 1402 355 in.-

110 383 394 441 constantes,
419 385 474 430 ad
498 400 680 430 omnem
711 400 861 430 auram
883 382 1123 430 incidentis
1149 381 1238 443 spei
1262 397 1413 445 novae·

110 471 326 517 perquam
363 456 581 513 mobiles,
615 455 763 502 totum
800 454 945 501 furori
981 454 1285 501 incitatiffimo
1317 451 1402 499 tri-

110 527 312 574 buentes.
333 528 696 576 Inconsultorum
715 528 970 574 animalium
992 528 1101 582 ritu,
1121 526 1230 589 quid
1251 528 1400 572 hone-

109 599 598 648 stum'inhonestumve
626 601 676 647 fit
702 601 880 662 penitus
906 601 1165 662 ignorantes
1185 618 1196 646 :
1216 599 1400 645 flexilo-

105 673 259 734 qui&
280 673 486 731 obscuri,
513 674 680 720 nullius
708 674 941 736 religionis
972 674 1046 720 vel
1073 671 1400 736 superstitionis

107 745 365 791 reverentia
402 746 646 808 aliquando
685 745 904 791 distriffi:
937 745 1031 791 auri
1069 744 1277 806 cupidine
1311 743 1399 789 im-

109 814 258 861 mensa
276 815 512 880 flagrantes
533 834 544 863 :
572 817 686 863 adeo
712 817 1052 878 permutabiles,
1071 817 1118 863 &
1140 815 1268 862 irasci
1290 812 1398 860 faci-

108 885 201 945 les,
223 901 271 933 ut
298 889 457 935 eodem
481 889 719 952 aliquoties
746 890 817 936 die
839 905 864 935 a
894 889 1027 936 sociis
1051 888 1176 934 nullo
1197 885 1398 932 irritante

108 958 224 1021 saepe
245 959 512 1028 desciscant,
533 961 778 1024 itidemque
799 959 1100 1023 propitientur
1127 958 1305 1005 nemine
1335 957 1400 1003 le-

107 1031 275 1080 niente.
313 1035 418 1080 Hoc
457 1033 716 1096 expeditum
754 1033 1120 1095 indomitumque
1157 1031 1397 1078 hominum

106 1120 274 1166 genus,
307 1117 490 1155 externa
516 1104 744 1168 praedandi
772 1104 987 1151 aviditate
1018 1104 1205 1170 flagrans
1234 1104 1397 1150 imma-

106 1175 180 1233 ni,
215 1192 295 1238 per
325 1177 502 1239 rapinas
536 1176 836 1239 finitimorum
873 1178 1108 1241 graffatum
1139 1177 1189 1224 &
1225 1175 1397 1232 caedes,

105 1249 297 1314 adusque
328 1251 496 1299 Alanos
529 1252 766 1313 pervenit,
797 1265 971 1298 veteres
1005 1251 1289 1314 Maffagetas:
1316 1248 1396 1312 qui

104 1323 225 1370 unde
247 1324 359 1383 fint,
387 1325 463 1372 vel
496 1331 608 1387 quas
635 1325 839 1371 incolant
868 1336 1005 1371 terras
1028 1323 1280 1388 (quoniam
1305 1324 1395 1370 huc

105 1412 176 1442 res
204 1397 409 1459 prolapsa
443 1396 540 1462 est)
575 1397 927 1447 consentaneum
959 1397 1022 1444 est
1057 1396 1395 1454 demonstrare,

105 1468 407 1531 geographica
431 1469 727 1532 perplexitate
747 1468 989 1516 monstrata
1002 1504 1015 1527 ‚
1034 1485 1134 1531 quae
1154 1468 1236 1524 diu⁴
1254 1467 1395 1515 multa

103 1540 208 1587 luda
213 1575 392 1589 ........
405 1577 419 1599 ,
448 1544 498 1590 &
518 1542 668 1599 varia,
697 1543 874 1589 tandem
897 1542 1062 1605 reperit
1090 1541 1292 1588 veritatis
1318 1541 1394 1586 in-

104 1616 455 1660 terna..*..*..
481 1613 584 1661 ad..
625 1613 729 1660 lster
768 1615 1044 1661 advenarum
1084 1613 1394 1677 magnitudine

103 1684 265 1733 fluenti
286 1687 567 1734 Sauromatas
591 1699 871 1749 praetermeat
895 1687 1090 1751 adusque
1110 1703 1283 1734 amnem
1305 1687 1392 1733 Ta·

103 1759 225 1806 naim
251 1761 554 1824 pertinentes,
582 1761 662 1825 qui
695 1762 840 1808 Afiam
874 1762 1084 1808 terminat
1114 1761 1169 1807 ab
1195 1763 1393 1822 Europa.

103 1828 209 1881 Ηοέ
228 1833 438 1892 transito,
459 1834 505 1881 in
535 1834 798 1881 immensum
828 1846 1030 1881 extentas
1058 1834 1255 1898 Scythiae
1283 1832 1394 1881 soli-

103 1906 280 1953 tudines
303 1906 435 1953 Alani
459 1906 713 1953 inhabitant
728 1943 742 1964 ,
764 1924 818 1953 ex
843 1907 1068 1954 montium
1089 1906 1392 1970 appellatione

105 1979 447 2042 cognominati,
485 1980 790 2042 paulatimque
838 1980 1044 2027 nationes
1087 1979 1393 2026 conterminas

104 2051 338 2098 crebritate
375 2051 671 2099 viEtoriarum
703 2051 874 2098 attritas
909 2052 963 2098 ad
999 2050 1291 2115 gentilitatem
1326 2049 1392 2095 sui
1457 2113 1459 2115 Ι

104 2123 325 2171 vocabuli
347 2137 607 2183 traxerunt,
629 2137 678 2171 ut
696 2125 849 2172 Persae.
870 2127 990 2172 Inter
1015 2127 1100 2172 hos
1126 2123 1267 2171 Neuri
1293 2139 1393 2174 me-

105 2195 354 2244 diterranea
379 2197 591 2244 incolunt
620 2196 752 2255 loca,
785 2197 926 2245 vicini
956 2197 1202 2245 verticibus
1235 2195 1389 2254 celfis,

105 2285 224 2330 quos
258 2284 508 2333 praeruptos
549 2271 739 2335 geluque
773 2284 1005 2335 torpentes
1044 2271 1280 2335 aquilones
1314 2269 1392 2316 ad-

106 2341 340 2407 stringunt.
357 2344 459 2390 Post
475 2361 588 2407 quos
600 2343 761 2391 Budini
777 2343 875 2391 sunt
889 2380 902 2402 ,
921 2347 970 2392 &
985 2344 1155 2391 Geloni
1175 2358 1391 2406 perquam

109 2413 217 2476 feri,
254 2416 335 2480 qui
378 2416 583 2466 detractis
625 2428 933 2480 peremtorum
971 2417 1169 2465 hostium
1209 2414 1394 2465 cutibus

1021 2493 1134 2553 <24
