1626 2917
219 112 316 162 p4
585 97 1147 155 EXCERPTA

217 221 278 251 ne
311 202 531 259 nomine,
566 217 721 267 regnat
750 222 852 252 cum
885 203 981 252 filio·
1025 207 1104 253 suo
1137 222 1259 253 anno
1287 221 1419 253 uno:
1459 204 1520 256 &-

216 278 382 323 merito
417 275 579 322 Leonis
615 293 802 338 regnum
848 278 1055 325 remansit
1096 279 1213 341 apud
1259 280 1509 327 Zenonem.

216 349 347 397 Zeno
376 364 487 394 vero
521 364 622 395 cum
649 347 747 395 filio
774 349 860 407 jam
895 367 1085 414 regnans
1117 368 1239 396 anno
1269 368 1361 397 uno
1382 386 1395 408 ‚
1423 351 1515 397 im*

216 421 399 486 pei-avit
438 439 583 468 annos
623 435 732 470 Χνῐ,
769 423 942 470 Il'auriae
978 423 1299 478 n0b³liffimus‚
1328 425 1405 485 qui
1441 424 1511 468 di·

217 512 335 559 gnus
363 496 466 541 esset
497 494 632 542 filiam
655 498 942 559 Imperatoris
967 499 1171 560 accipere
1189 535 1199 552 ,
1224 495 1443 544 exercitus
1466 497 1512 544 in

218 585 357 616 arma.
389 568 629 616 Perhibent
664 570 718 616 de
748 587 805 616 eo
826 608 838 625 ‚
871 571 1182 632 qinia‘patellas
1213 571 1257 616 in
1293 568 1512 632 genucula

221 660 321 690 non
347 642 587 700 habuisset,
616 642 689 688 sed
708 643 897 691 mobiles
925 643 1129 701 fuissent,
1160 659 1206 689 ur
1229 643 1358 688 etiam
1380 640 1524 688 cursu·

221 715 509 765 velociffimo
543 717 659 762 ultra
686 717 885 762 modum?
906 717 1142 763 hominum
1177 718 1424 762 haberetur.
1463 716 1515 759 In

220 787 461 850 republica
493 788 687 834 omn-ino
722 789 1131 850 providentissimus
1154 824 1167 844 ‚
1205 786 1362 832 favens
1394 782 1518 848 genti

222 861 328 909 suae.
357 860 475 907 Huic
504 860 792 906 insidiabatur
829 861 1053 907 Basiliscus
1075 896 1087 915 ‚
1127 861 1214 922 ipse
1251 861 1417 920 primu»
1449 857 1517 902 se-

220 948 362 981 nator
386 951 397 980 :
419 950 513 997 quo
535 933 722 996 cognito
738 970 753 990 ‚
776 935 902 980 Zeno
928 935 1166 995 aliquantis
1193 932 1363 978 divitiis
1391 928 1529 990 petii-t,

221 1006 446 1054 Isauriam.
473 1009 532 1052 At
557 1007 633 1052 ubi
662 1006 736 1051 ille
768 1007 956 1068 egress'us
990 1007 1050 1051 est
1074 1042 1085 1058 ,
1119 1022 1224 1050 mox
1259 1003 1524 1058 Bililil‘cucs

223 1079 305 1143 qui
325 1078 392 1133 ei,
415 1090 466 1124 ut
493 1077 658 1122 dicium
684 1076 744 1122 est
763 1111 778 1134 9
809 1076 1123 1129 insidiabatur,
1147 1076 1333 1136 arripuit
1370 1075 1516 1132 impe·-

224 1151 359 1199 rium.
385 1149 612 1196 Basiliscus
647 1149 886 1212 imperavit
916 1166 1058 1196 annos
1092 1151 1141 1196 11.
1169 1149 1296 1197 ano
1329 1145 1518 1192 confor-

225 1238 327 1272 tans
359 1223 533 1270 Isauros
563 1222 679 1268 intra
709 1221 994 1284 provinciam
1016 1257 1030 1277 ‚
1051 1220 1209 1266 deinde
1232 1219 1343 1264 misit
1375 1218 1430 1264 ad
1452 1217 1526 1264 ci·-

224 1299 417 1345 vitatern
460 1297 681 1352 Novam,
714 1295 760 1341 in
806 1312 897 1358 qua
942 1308 1032 1341 erat
1073 1293 1385 1341 Theodericus
1425 1293 1518 1338 dux

229 1372 499 1419 Gothorum
523 1406 537 1427 ,
566 1368 684 1416 filius
715 1369 983 1416 Walameris
1000 1405 1015 1426 ‚
1039 1370 1086 1415 &
1108 1385 1208 1414 eum
1236 1365 1448 1412 invitavit
1472 1365 1523 1411 in

224 1445 440 1495 solatium
477 1443 556 1490 fibi
583 1442 795 1490 adversus
832 1442 1078 1489 Basiliscum
1100 1477 1112 1498 ‚
1145 1440 1370 1503 objeclans
1404 1439 1523 1484 mili-

227 1534 320 1569 tem
340 1556 352 1576 ,
385 1518 484 1581 post
519 1517 752 1565 biennium
787 1519 974 1565 veniens
994 1553 1009 1574 ,
1041 1517 1246 1563 obfidens
1290 1515 1522 1562 civitatem

230 1591 700 1654 Constantinopolim.
745 1592 827 1637 Sed
869 1591 973 1654 quia
1013 1592 1196 1637 Senatus
1238 1591 1285 1636 &
1325 1588 1522 1650 populus

227 1667 464 1714 Zenonem
493 1676 771 1719 metuente83
803 1681 858 1710 ne
886 1663 994 1725 quid
1023 1663 1127 1708 mali
1162 1673 1384 1724 pateretur
1413 1659 1525 1706 civi·
1579 1663 1584 1668 ‘

231 1753 298 1786 tas
318 1773 332 1795 ‚
362 1737 518 1783 reliclo
545 1736 773 1792 Basilisco,
802 1735 841 1782 se
862 1736 926 1782 illi
946 1751 1104 1781 omnes
1127 1736 1343 1780 dederunt
1370 1745 1523 1793 aperta

234 1812 434 1862 civitate.
465 1809 690 1857 Basiliscus
716 1809 891 1873 fugiens
917 1810 972 1856 ad
998 1810 1260 1864 Ecclesiam,
1291 1807 1404 1852 intra
1435 1807 1521 1852 Ba·-

233 1886 481 1951 ptisterium
502 1903 602 1933 cum
619 1901 764 1931 uxore
785 1887 833 1933 δε
854 1884 954 1931 filiis
973 1885 1233 1947 ingreditur.
1255 1882 1338 1928 Cui
1362 1881 1396 1927 Z
1410 1897 1488 1926 :no
1504 1913 1520 1937 ,

233 1964 342 2010 dato
364 1962 660 2018 sacramento,
678 1958 877 2006 securum
901 1959 984 2004 effe
1000 1959 1052 2004 (le
1073 1957 1281 2015 sauguine
1300 1990 1311 2011 ‚
1331 1956 1486 2000 exiens
1503 1984 1520 2008 ‚

233 2033 457 2083 inclausus
493 2050 596 2081 cum
630 2047 771 2077 uxore
799 2032 846 2078 δι
871 2027 973 2076 filiis
1001 2030 1117 2074 intra
1154 2027 1337 2074 cisterna
1374 2025 1484 2071 sicca
1505 2059 1520 2080 ‚

234 2107 405 2155 ibidem
445 2104 617 2168 frigore
660 2102 934 2149 defecerunt.
979 2102 1105 2148 Zeno
1161 2099 1418 2145 recordatus
1461 2095 1523 2142 est

234 2196 393 2228 amore
421 2180 606 2224 Senatus
638 2177 687 2224 &
722 2173 916 2238 populi,
955 2172 1192 2220 munificus
1232 2170 1441 2216 omnibus
1479 2168 1522 2214 se

236 2253 463 2308 ostendit,
494 2251 551 2297 ita
584 2262 632 2297 ut
660 2265 818 2296 omnes
849 2247 890 2294 ei
930 2248 1088 2310 ‹gv-atlas
1125 2258 1320 2307 agerent.
1353 2243 1521 2289 Szuatu

235 2330 451 2374 Romano
483 2327 530 2371 &
560 2323 734 2386 populo
767 2321 904 2368 tuitus
932 2321 1022 2375 est,
1057 2331 1104 2364 ut
1132 2318 1260 2362 etiam
1292 2317 1329 2362 ei
1365 2313 1522 2377 imagi-

235 2415 314 2449 nes
334 2414 413 2464 per
440 2394 612 2447 diversa
627 2396 730 2445 loca
755 2393 802 2443 in
821 2392 930 2442 urbe
947 2393 1099 2440 Roma
1124 2389 1395 2455 levarentur.
1421 2386 1523 2432 Cu·.
