1626 2917
174 206 262 268 356
361 198 708 248 AMMIANI
759 195 1255 243 MARCELLINI

168 308 328 370 juvant
347 309 396 355 &
419 306 561 364 bella,
586 319 638 353 ut
660 305 879 366 judicetur
897 305 1012 354 inter
1030 306 1143 354 alios
1167 322 1324 353 omnes
1346 305 1449 353 bea-

170 394 240 428 tus
259 417 272 439 ,
295 381 371 445 qui
390 381 436 426 in
461 379 628 442 proelio
652 378 904 441 profuderit
934 380 1138 427 animam.
1174 380 1451 428 Excedentes

169 454 289 504 enim
311 470 334 498 e
355 452 450 499 vita
467 462 612 498 morte
634 450 836 510 fortuita,
853 452 1078 500 conviciis
1098 452 1380 508 infestantur,
1403 466 1453 500 ut

172 528 409 591 degeneres
436 526 485 573 &
514 525 719 588 ignavos.
748 526 926 587 Quibus
949 527 1002 574 ab
1022 527 1240 574 Orientali
1270 526 1452 573 Austra-

171 599 295 663 lique
321 599 446 663 plaga
467 599 631 645 Arabes
658 599 774 646 beati
800 600 1156 658 conterminant,
1176 600 1279 646 ideo
1297 600 1355 647 fic
1374 616 1453 662 ap-

174 672 341 736 pellati,
359 672 484 735 quod
502 670 700 734 frugibus
719 670 859 733 juxta,
879 674 926 721 &
948 671 1131 720 foetibus
1145 707 1159 729 ‚
1183 675 1230 720 ὅ(
1246 671 1452 735 palmite,

175 745 463 805 odorumque
501 743 718 790 suavitate
755 744 995 808 multiplici
1037 744 1135 791 sunt
1172 744 1420 807 locupletes
1440 761 1454 791 :

175 834 438 881 magnaeque
457 833 614 863 eorum
637 829 781 880 partes
802 834 921 864 mare
939 817 1121 864 rubrum
1147 833 1170 863 a
1194 816 1330 863 latere
1350 817 1456 863 dex-

177 901 252 936 tro
276 889 568 952 contingunt:
587 889 701 936 laeva
730 890 904 937 Persico
922 889 1033 937 mari
1051 887 1347 947 collimitant,
1369 887 1457 935 ele-

177 963 317 1010 menti
341 962 569 1026 utriusque
593 963 731 1026 potiri
762 964 894 1012 bonis
926 963 1138 1011 omnibus
1173 961 1338 1010 assueti.
1363 960 1459 1010 Ubi

178 1039 228 1083 &
262 1036 497 1092 stationeS,
529 1036 579 1083 &
611 1048 768 1098 portus
802 1034 1033 1098 tranquilli
1069 1035 1171 1082 sunt
1195 1034 1372 1097 plures,
1407 1035 1460 1081 &

178 1108 382 1172 emporia
415 1108 545 1154 densa
563 1143 576 1167 ‚
596 1109 655 1155 ,δέ
682 1107 929 1156 diversoria
956 1123 1108 1170 regum
1129 1105 1361 1154 ambitiosa
1385 1105 1459 1151 ni-

180 1182 318 1229 mium
339 1182 387 1228 &
408 1181 598 1228 decora:
634 1196 935 1244 aquarumque
959 1179 1111 1243 suapte
1133 1195 1288 1227 natura
1311 1178 1459 1228 calen-

181 1256 293 1301 tium
322 1253 594 1299 saluberrimi
613 1252 762 1300 fontes
781 1288 795 1310 ‚
814 1254 865 1301 &
895 1252 1103 1299 rivorum
1133 1251 1459 1314 fluminumque

180 1326 424 1374 multitudo
451 1324 678 1387 perspicua
696 1360 711 1384 ,
733 1324 1032 1388 sospitalisque
1062 1324 1298 1386 temperies
1320 1322 1460 1380 coeli,

182 1410 234 1444 ut
263 1397 377 1443 reite
409 1395 707 1459 spectantibus
735 1395 927 1442 nihileis
948 1395 1156 1443 videatur
1185 1396 1238 1442 ad
1269 1394 1461 1443 felicita-

182 1481 274 1516 tem
293 1468 432 1514 deeffe
451 1467 710 1531 supremam.
737 1470 801 1517 Ac
824 1468 928 1515 licet
947 1468 1142 1515 abundet
1163 1468 1344 1515 urbibus
1365 1483 1463 1513 me-

185 1540 445 1589 diterraneis
465 1553 598 1604 atque
615 1540 847 1588 maritimis
864 1576 878 1600 ‚
911 1541 1161 1605 campisque
1188 1540 1382 1602 copiosis
1411 1540 1464 1588 δε

185 1616 409 1673 vallibus,
430 1615 508 1661 has
541 1627 688 1661 tamen
719 1614 922 1662 civitates
951 1614 1083 1660 habet
1099 1613 1313 1674 eximias,
1342 1615 1465 1661 Gea-

184 1689 327 1754 polim
346 1723 360 1745 ,
383 1689 433 1734 8(
459 1684 660 1745 Nascon,
695 1688 744 1734 &
769 1687 932 1733 Baraba
952 1722 967 1745 ,
997 1686 1239 1749 itidemque
1258 1687 1431 1750 Nagara
1446 1721 1464 1746 ,

187 1765 239 1812 &
269 1762 500 1825 Mephram
522 1793 537 1817 ‚
570 1762 619 1809 &
641 1761 822 1824 Taphra
840 1797 853 1820 ‚
886 1763 938 1808 &
968 1759 1277 1808 Dioscuriada.
1296 1760 1464 1808 Insulas

184 1848 332 1883 autem
370 1834 623 1897 complures
661 1833 792 1880 habet
828 1849 906 1896 per
944 1846 1188 1895 utrumque
1231 1832 1464 1895 proximas

186 1925 331 1967 mare,
354 1925 462 1972 quas
480 1908 762 1954 dinumerare
790 1922 885 1953 non
910 1904 1059 1952 refert.
1078 1904 1298 1968 Insignior
1316 1918 1465 1953 tamen

189 1980 285 2028 aliis
317 1980 527 2045 Turgana
547 1979 606 2027 est
628 2014 643 2038 ,
672 1979 719 2026 in
751 1996 837 2042 qua
862 1978 1081 2043 Serapidis
1102 1977 1348 2024 maximum
1379 1977 1465 2023 effe

188 2053 351 2101 dicitur
369 2054 600 2116 templum.
629 2052 732 2100 Post
758 2053 890 2115 hujus
912 2053 1129 2100 terminos
1150 2052 1291 2116 gentis
1308 2087 1321 2110 ‚
1349 2051 1466 2098 Car·

189 2126 336 2174 mania
360 2126 504 2189 major
527 2126 772 2173 verticibus
793 2125 914 2172 celfis
933 2124 1115 2189 erigitur
1137 2159 1150 2182 ,
1177 2123 1373 2186 adusque
1394 2123 1465 2169 In-

188 2198 337 2244 dicum
358 2199 582 2261 pertinens
603 2215 738 2257 mare,
763 2197 1007 2244 fruffiluariis
1028 2196 1316 2260 arboreisque
1336 2194 1466 2242 foeti-

192 2270 275 2318 bus
306 2271 452 2329 culta,
489 2272 561 2318 sed
596 2272 829 2320 obscurior
853 2270 1048 2318 Arabum
1074 2269 1202 2316 terris
1233 2269 1380 2317 multo
1416 2270 1467 2317 &

191 2343 372 2390 minor:
405 2344 663 2391 fluminibus
691 2357 838 2391 tamen
868 2342 958 2405 ipsa
987 2358 1170 2406 quoque
1190 2359 1285 2388 non
1317 2341 1468 2387 minus

192 2417 420 2464 abundans
435 2455 447 2475 ,
467 2417 741 2482 caespitisque
762 2417 896 2464 ubere
914 2415 1037 2477 juxta
1056 2415 1283 2463 foecunda.
1300 2417 1465 2462 Amnes

194 2501 339 2540 autem
359 2490 456 2539 sunt
474 2491 547 2541 hic
571 2489 948 2557 ceteris-notiores
963 2490 1188 2555 Sagareus,
1206 2490 1254 2538 &
1268 2485 1466 2552 Saganis,
