1626 2917
156 188 249 251 364
364 186 1221 236 AMM1AN1MARCELL1N1

152 309 240 357 que
265 292 432 356 publici
467 290 749 354 peritiffimos
787 290 886 354 post
917 291 1203 340 indo&0rum
1235 292 1433 342 collocat

152 378 287 431 terga.
308 369 425 414 Nam
454 366 580 429 quod
598 364 867 428 supersidere
891 365 1022 413 corio
1051 367 1241 414 damnati
1262 366 1324 414 ob
1343 366 1434 413 ini-

149 442 364 505 quitatem
392 438 554 501 judicis
589 437 725 501 judex
753 437 862 484 alius
895 437 1170 502 cogebatur,
1201 453 1274 486 aut
1302 438 1435 487 finxit

151 513 341 563 vetustas
360 548 373 570 ‚
391 526 468 560 aut
484 512 596 558 olim
616 523 794 574 recepta
811 510 1092 559 consuetudo
1114 513 1309 560 cess‘avit.
1340 514 1434 559 Mi-

150 585 268 632 litari
290 584 414 632 cultu
433 602 484 632 ac
504 584 735 647 disciplina
750 621 764 644 ‚
789 585 1097 650 proludiisque
1122 587 1351 634 continuis
1371 587 1443 641 rei

152 656 377 704 castrensis
407 657 457 704 δε
491 671 725 703 armaturae
750 692 766 717 ‚
796 673 929 721 quam
961 656 1074 720 saepe
1103 657 1401 707 formavimus
1420 692 1437 716 ,

153 731 379 779 metuendi
409 730 484 780 vel
517 731 786 779 exercitibus
819 731 1058 779 maximis:
1083 733 1306 797 equitatus
1342 733 1437 780 vir-

152 816 246 852 tute
268 802 423 852 confisi
442 839 458 864 ,
489 804 566 852 ubi
588 803 768 853 desudat
797 804 1013 852 nobilitas
1042 805 1191 853 omnis
1213 807 1262 854 &
1291 805 1437 868 splen-

154 877 253 924 dor.
293 875 465 924 Pedites
500 877 620 923 enim
649 875 696 922 in
733 876 923 941 speciem
957 877 1286 924 mirmillonum
1320 894 1437 925 con-

153 952 278 1013 testi,
306 951 415 1015 juffa
441 951 640 1011 faciunt,
665 964 715 1000 ut
735 952 930 1001 calones.
953 953 1248 1016 Sequiturque
1269 951 1439 1014 semper

152 1026 250 1072 haec
284 1027 411 1073 turba
443 1037 654 1088 tanquam
684 1025 856 1072 addieta
893 1025 1078 1088 perenni
1109 1024 1319 1082 servitio,
1355 1041 1438 1072 nec

152 1098 381 1162 stipendiis
411 1098 653 1162 aliquando
681 1097 792 1144 fulta
816 1115 899 1144 nec
919 1097 1064 1145 donis.
1087 1100 1144 1143 Et
1163 1110 1314 1160 gentes
1336 1097 1438 1159 plu-

151 1172 285 1219 rimas
300 1208 312 1229 ,
333 1186 494 1234 praeter
514 1188 585 1218 eas
600 1206 612 1228 ‚
635 1173 745 1233 quas
761 1170 936 1217 abunde
957 1169 1241 1230 perdomuit,
1264 1169 1341 1215 sub
1362 1167 1438 1230 ju-

153 1263 259 1309 gum
283 1246 378 1292 haec
413 1244 537 1291 natio
572 1243 774 1300 miserat,
797 1243 857 1289 ita
889 1242 1032 1289 audax
1061 1244 1110 1290 &
1144 1243 1198 1289 ad
1228 1243 1438 1305 pulveres

154 1318 344 1365 Martios
364 1316 568 1371 erudita3
590 1316 637 1362 ni
656 1315 782 1362 bellis
803 1315 1015 1363 civilibus
1042 1315 1325 1379 externisque
1345 1314 1439 1361 affi-

154 1394 241 1441 due
276 1408 565 1441 vexarentur.
625 1390 900 1438 Indumentis
944 1390 1144 1454 plerique
1184 1407 1344 1438 eorum
1378 1389 1440 1435 ita

154 1468 426 1531 operiuntur
459 1464 628 1512 lumine
649 1465 861 1513 colorum
884 1463 1154 1527 fulgentibus
1179 1464 1339 1521 vario,
1365 1478 1439 1525 ut,

154 1541 262 1588 licet
285 1540 403 1586 finus
433 1538 661 1601 lateraque
685 1536 842 1583 diffuta
873 1537 1127 1601 relinquant
1147 1535 1324 1584 flatibus
1349 1538 1441 1602 agi-

154 1616 240 1663 tari
268 1626 516 1662 ventorum
541 1648 555 1669 ‚
590 1612 706 1659 inter
747 1613 922 1661 calceos
956 1625 1102 1660 tamen
1135 1614 1184 1661 &
1221 1613 1442 1662 verticem

156 1688 269 1737 nihil
293 1687 496 1735 videatur
531 1686 760 1735 intedium.
790 1686 990 1734 Armillis
1016 1686 1081 1733 uti
1109 1685 1441 1750 monilibusque

155 1760 329 1818 aureis,
370 1763 420 1809 &
455 1760 639 1824 gemmis
661 1796 675 1818 ,
703 1759 927 1823 praecipue
961 1758 1239 1822 margaritis,
1280 1759 1442 1822 quibus

158 1834 416 1890 abundant,
443 1832 660 1880 assuefaffi
681 1831 781 1894 post
801 1831 991 1894 Lydiam
1012 1831 1169 1878 vifilam
1191 1865 1206 1888 ,
1233 1831 1282 1877 δι
1302 1829 1441 1876 Croe-

158 1907 269 1955 sum.
297 1908 473 1962 Restat‚
495 1920 544 1953 ut
563 1906 691 1968 super
721 1917 825 1952 ortu
845 1905 1004 1967 lapidis
1021 1904 1152 1966 hujus
1171 1920 1312 1966 pauca
1339 1902 1440 1951 suc-

159 1980 346 2028 cinflius
372 1979 666 2042 explicentur.
693 1977 825 2039 Apud
852 1976 986 2023 Indos
1010 1977 1059 2023 &
1088 1973 1235 2020 Persas
1266 1985 1442 2037 marga-³

159 2053 257 2100 ritae
282 2051 562 2114 reperiuntur
597 2051 644 2097 in
675 2050 794 2096 testis
830 2048 1011 2095 marinis
1045 2045 1236 2093 robustis
1263 2047 1312 2093 &
1331 2063 1440 2092 can·

162 2123 305 2181 didis,
339 2123 643 2186 permixtione
673 2122 790 2169 roris
826 2121 930 2169 anni
963 2133 1164 2181 tempore
1192 2118 1441 2180 praestituto

162 2206 411 2256 conceptae.
440 2195 684 2256 Cupientes
713 2194 832 2241 enim
854 2192 978 2242 velut
997 2192 1167 2239 coitum
1186 2190 1409 2253 quendam
1424 2225 1440 2248 ‚

163 2266 378 2313 humores
412 2283 467 2312 ex
501 2266 645 2313 lunari
676 2265 903 2331 aspergine
925 2265 1104 2328 capiunt
1130 2263 1301 2311 densius
1325 2263 1440 2311 osci-

164 2339 318 2387 tando.
337 2340 600 2403 Exindeque
636 2340 881 2404 gravidulae
902 2341 1038 2386 edunt
1063 2339 1255 2385 minutas
1280 2337 1404 2385 binas
1425 2372 1440 2394 ‚

165 2425 238 2460 aut
262 2424 408 2460 ternas
428 2450 442 2471 ‚
477 2414 550 2460 vel
580 2415 772 2460 uniones
792 2413 894 2460 ideo
925 2413 982 2459 fic
1008 2411 1246 2475 appellatas
1268 2447 1283 2468 ,
1313 2410 1441 2473 quod

164 2485 416 2534 evisceratae
459 2486 696 2533 conchulae
730 2486 915 2551 singulas
955 2484 1192 2549 aliquoties
1227 2483 1439 2548 pariunt,
