1626 2917
287 76 505 125 RERUM
535 74 876 123 GESTARUM
908 76 1011 123 ΜΒ.
1041 75 1211 125 XX1V.
1336 88 1393 140 ις

115 183 240 232 dines
272 183 414 246 planae
435 219 450 239 ,
482 181 642 244 oppidi
672 180 857 243 suscepit
893 179 1111 226 obsidium
1132 215 1145 236 ,
1172 178 1404 241 periculo-

114 256 208 303 sum
242 254 341 302 fore
377 252 662 310 existimans,
689 252 720 297 fi
751 251 952 315 gradiens
975 251 1180 314 prorsus,
1214 270 1237 300 a
1269 265 1400 316 tergo

109 329 382 393 relinqueret
399 363 413 384 ‚
432 343 549 390 quos
572 326 760 373 timeret.
783 326 893 372 Haec
932 326 1037 372 dum
1073 343 1236 390 magno
1261 327 1402 374 moli-

111 403 236 450 mine
265 412 582 463 comparantur
604 435 616 457 ,
655 400 823 446 Surena
851 398 1044 444 hostium
1072 399 1163 445 dux
1200 398 1402 461 jumenta

113 474 326 531 adortus,
356 489 456 536 quae
482 475 527 517 in
555 471 666 518 lucis
708 471 976 534 palmaribus
1007 471 1298 519 vescebantur
1318 508 1331 530 ,
1372 491 1399 521 a

114 545 381 594 cohortibus
416 544 578 591 nostris
613 543 869 605 repulsoriis
900 560 1003 590 cum
1031 560 1279 606 paucorum
1301 545 1401 593 exi-

114 618 182 665 tio
212 618 385 664 habitus
415 616 573 663 frustra
604 615 801 664 disceffit.
840 618 894 663 Et
926 616 1114 662 duarum
1149 617 1314 664 incolae
1337 618 1403 665 ci-

115 691 311 738 vitatum
331 726 346 748 ‚
367 706 475 752 quas
504 706 654 736 amnes
683 688 879 750 amplexi
900 686 1068 735 faciunt
1092 689 1254 736 insulas
1271 726 1282 747 ,
1300 708 1403 754 par-

115 782 177 813 va
218 764 282 811 sui
322 762 481 810 fiducia
519 763 682 825 trepidi
717 764 770 809 ad
803 763 1107 826 Ctesiphontis
1145 765 1314 812 moenia
1359 765 1422 813 se*

115 837 451 885 contulerunt:
485 853 583 899 pars
637 852 714 898 per
758 835 970 882 silvarum
1009 836 1167 894 densa;
1203 838 1276 884 alii
1321 854 1404 900 pet·

114 911 299 974 paludes
322 910 491 957 vicinas
523 909 664 955 alveis
681 907 896 954 arborum
917 922 1174 956 cavatarum
1199 909 1368 957 inveffl
1386 947 1402 969 ‚

115 984 172 1030 ad
201 984 383 1030 unicum
416 981 631 1028 auxilium
656 983 705 1028 &
737 981 1010 1043 potiffimum
1042 981 1213 1028 itineris
1241 983 1403 1047 longi,

114 1056 241 1119 quod
261 1054 511 1118 supererat,
532 1053 790 1101 dilabuntur
814 1090 827 1112 ,
857 1054 1072 1101 ulteriora
1101 1054 1285 1118 petituri
1308 1069 1401 1103 ter-

115 1145 278 1176 rarum.
315 1130 349 1174 E
381 1127 543 1191 quibus
580 1127 821 1180 resistentes
860 1128 1035 1190 aliquos
1064 1129 1204 1175 nostri
1237 1130 1401 1178 milites

117 1201 430 1249 trucidabant:
467 1200 547 1264 ips1
583 1217 769 1265 quoque
801 1201 1010 1249 lintribus
1043 1203 1090 1249 &
1119 1203 1295 1267 cymbis
1322 1221 1400 1266 per

117 1276 243 1324 varia
259 1275 582 1337 discurrentes,
605 1276 815 1338 captivos
845 1277 957 1323 alios
979 1276 1162 1323 subinde
1188 1279 1406 1340 perduce-

117 1353 239 1400 bant.
272 1352 321 1398 Id
351 1351 471 1398 enim
499 1364 593 1398 erat
635 1351 792 1399 librata
820 1354 996 1399 ratione
1023 1353 1315 1415 dispofitum3
1352 1366 1403 1402 ut

116 1425 225 1473 dum
256 1424 398 1486 copiae
431 1425 653 1488 pedestres
678 1443 834 1473 muros
862 1414 1157 1490 oppugnant,
1185 1427 1404 1490 equestres

117 1512 276 1546 turmae
296 1498 450 1545 divisae
480 1515 558 1561 pet·
583 1499 745 1562 globos
767 1500 993 1563 abigendis
1016 1499 1260 1547 insisterent
1286 1518 1401 1563 prae-

119 1573 214 1619 dis:
241 1571 422 1634 hocque
455 1572 674 1634 proviso,
703 1573 831 1620 nullo
855 1572 1209 1636 provincialium
1236 1573 1403 1621 damno

118 1644 247 1692 miles
279 1642 523 1691 visceribus
552 1644 742 1692 hostium
766 1645 1034 1708 pascebatur.
1055 1646 1237 1709 Jamque
1257 1649 1406 1709 lmped

119 1731 242 1784 rat-or
260 1717 395 1766 muris
421 1718 674 1781 duplicibus
698 1719 915 1782 oppidum
934 1756 948 1776 ,
971 1719 1130 1765 ordine
1153 1719 1404 1767 circumda-

119 1806 214 1840 tum
244 1791 366 1838 trino
399 1791 628 1839 scutorum
655 1827 669 1848 ,
705 1793 779 1856 spe
821 1793 1024 1856 patrandi
1061 1792 1227 1859 incepti
1257 1795 1403 1842 maxi-

119 1866 204 1915 mis
223 1866 395 1913 viribus
416 1867 720 1930 oppugnabat.
741 1868 825 1914 Sed
851 1879 899 1913 ut
928 1879 1022 1914 erat
1045 1869 1305 1915 necessarius
1327 1887 1405 1931 ap-

120 1940 315 2004 petitus,
345 1940 407 1986 ita
437 1939 591 1987 effectu
624 1958 692 1988 res
727 1941 988 1988 difficillima
1022 1959 1032 1987 :
1074 1959 1176 2006 nam
1210 1943 1403 1991 accessus

119 2012 322 2075 undique
344 2012 530 2074 rupibus
550 2012 749 2059 anfractu
770 2013 951 2060 celiiore
981 2012 1161 2060 discissis
1182 2049 1195 2071 ‚
1219 2014 1402 2062 flexuo-

119 2083 262 2146 fisque
280 2083 522 2131 exceffibus
537 2121 550 2143 ,
572 2085 634 2131 ob
657 2085 904 2148 periculum
927 2102 1088 2148 anceps
1108 2087 1296 2134 adeundi
1319 2101 1406 2135 co-'

122 2155 241 2219 piam
266 2155 540 2219 denegabat:
569 2158 763 2203 maxime
794 2174 895 2204 cum
915 2170 1058 2203 turres
1079 2158 1332 2206 celebritate
1353 2161 1404 2208 &

92 2224 102 2230 ’
123 2228 360 2275 altitudine
390 2228 685 2278 formidandae
705 2267 719 2289 ‚
753 2244 952 2277 montem
987 2231 1161 2279 saxeum
1181 2232 1295 2279 arcis
1319 2251 1401 2280 na-

124 2298 321 2345 turaliter
359 2301 523 2347 editum
564 2304 831 2365 aequabant,
871 2305 919 2350 &
951 2304 1168 2366 proclivis
1198 2305 1404 2367 planities

126 2372 303 2425 flumini
328 2373 565 2424 imminens
601 2378 1048 2442 propugnaculorum
1076 2377 1283 2429 firmitate
1303 2395 1406 2441 mu-⁴
