1626 2917
160 139 259 185 DE
290 136 656 186 AMMIANO
683 137 1179 187 MARCELLINO.
1215 151 1389 185 xxxix

119 246 214 300 1653

116 352 211 393 1681

109 1747 205 1803 1693

271 247 438 291 Genevae,
469 245 536 286 fol.
555 245 595 285 in
617 245 730 295 Corp.
763 243 845 285 hist.
870 245 981 286 Rom.
1006 245 1159 296 Scriptt.
1188 245 1287 286 Latt.
1311 254 1386 286 vet,

268 300 395 340 Tomo
417 300 464 340 ΙΙ.
570 329 573 332 »

269 355 440 405 Parifiis,
461 352 528 393 fol.
549 366 597 392 ex
618 353 717 392 offic.
742 353 827 392 Ant.
845 351 1041 392 Dezallier.
1060 353 1256 393 Ammiani
1282 354 1389 394 Mar.

272 407 403 447 cellini
427 420 550 446 rerum
577 407 761 457 gestarum
790 408 851 456 qui
878 407 925 446 de
949 407 1093 447 XXXI
1122 407 1320 458 supersunt
1343 408 1391 447 li.

270 460 330 500 bri
356 461 513 508 XVIII,
539 473 612 510 ope
644 460 749 500 MSS.
777 461 957 500 codicum
979 462 1173 501 emendati
1206 462 1252 500 ab
1281 463 1390 500 Hen-

270 517 342 554 rico
369 516 527 567 Valefio‚
554 517 589 554 ἄν,
612 513 844 553 auctioribus
864 515 1174 554 adnotationibus
1202 515 1385 555 illustrati.

267 569 353 610 Nec
383 581 462 608 non
494 569 678 618 Excerpta
707 577 831 607 vetera
867 569 914 607 de
948 569 1055 619 gestis
1086 569 1321 608 Constantini
1349 572 1386 609 <Sit

272 635 405 673 regum
431 622 559 662 Italiae.
595 622 723 662 Editio
750 622 956 672 posterior,
983 623 1043 661 cui
1074 623 1286 661 Hadrianus
1306 625 1390 661 Va-

243 720 245 722 ,
271 676 393 727 leſsus,
428 676 488 716 fr.
515 677 760 726 Lindenbrogii
793 677 831 714 in
864 677 1027 715 eundem
1058 675 1278 715 historicum
1305 690 1389 715 am-

272 730 414 783 pliores
443 727 747 772 observationes,
783 729 816 767 &
850 727 1080 767 colledhmea
1112 732 1301 769 variarum
1334 730 1390 769 le·

272 783 445 823 &tionum
462 782 622 831 adjecit3
647 782 680 820 6<
699 780 885 819 beneficio
912 782 1054 820 codicis
1071 783 1279 822 Colbertini
1298 786 1386 823 Am-

271 838 442 876 mianum
468 834 597 874 multis
621 835 660 872 in
684 833 776 872 locis
801 836 1040 882 emendavit,
1059 837 1233 886 notisque
1263 838 1387 887 expli.

271 891 382 928 cuit:
420 889 743 937 Disceptationem
773 886 876 925 suam
913 889 960 926 de
995 889 1229 938 Hebdomo‚
1255 904 1299 929 ac
1328 891 1389 931 In-

274 943 398 982 dicem
427 954 550 980 rerum
580 940 886 980 memorabilium
910 940 1116 990 subjunxit.
1158 944 1320 982 Praefixit
1348 948 1385 984 ἃ

269 996 536 1047 praefationem
563 993 666 1033 suam
686 1024 697 1042 ,
733 1007 778 1033 ac
803 994 918 1033 vitam
955 996 1143 1034 Ammiani
1173 1010 1192 1035 a
1221 996 1386 1038 Claudio

272 1050 442 1102 chiffletio
467 1047 730 1098 compositam.
746 1058 790 1078 ‘--
804 1048 862 1087 Fr.
893 1049 1196 1101 Lindenbrogius
1215 1053 1249 1091 ἃ
1267 1052 1392 1092 Henr.

268 1103 432 1142 Valesius
462 1115 549 1142 cum
585 1101 851 1152 superfuissent
880 1102 953 1142 suis
980 1104 1173 1143 Ammiani
1203 1105 1388 1144 editioni-

266 1156 357 1203 bus,
383 1156 447 1196 ille
474 1155 559 1207 plus
586 1157 711 1195 minus
741 1156 912 1207 triginta,
943 1156 1008 1195 hic
1035 1159 1281 1209 quadraginta
1317 1173 1387 1199 am-

268 1211 349 1259 nis,
372 1210 535 1261 plurima
563 1211 610 1249 ad
639 1211 880 1250 Ammianum
907 1213 1132 1261 pertinentia
1157 1214 1384 1262 margini-li-

266 1264 422 1304 brorum
437 1264 587 1304 suorum
606 1264 890 1314 adscripserant.
908 1266 985 1304 Has
1001 1266 1225 1316 posteriores
1244 1268 1383 1308 horum

269 1319 562 1358 duumvirorum
600 1331 708 1357 curas
751 1321 882 1358 nadtus
920 1319 1141 1359 Hadrianus
1178 1320 1344 1361 Valesius
1369 1353 1382 1370 ‚

265 1373 454 1422 prioribus
483 1372 677 1421 adjunxit,
707 1371 854 1422 suisque
891 1372 1227 1414 observationibus
1259 1377 1382 1416 auxit.

266 1427 432 1467 Textum
462 1437 549 1465 cum
583 1426 728 1464 vetusto
759 1426 852 1466 Cod.
886 1425 1127 1467 bibliothecae
1152 1428 1382 1469 Colbertinae

268 1480 318 1518 de
351 1480 500 1529 integro
528 1479 717 1518 commisit
741 1493 750 1518 ε
781 1480 937 1529 adjutus
964 1489 1141 1530 praeterea
1172 1481 1382 1522 collatione

266 1533 362 1573 Cod.
390 1533 593 1572 Valentini.
632 1532 793 1583 Singulis
818 1535 1009 1573 Ammiani
1035 1535 1142 1574 libris
1166 1536 1271 1575 suam
1300 1537 1382 1587 epi-

263 1596 398 1627 tomen
422 1587 522 1626 varia
546 1588 587 1626 in
611 1587 736 1638 capita
763 1588 973 1627 distinetam
1001 1590 1177 1638 praemifit
1197 1603 1206 1630 :
1237 1590 1380 1639 adjecit

265 1642 420 1681 tandem
443 1641 617 1680 Iudicem
637 1654 760 1680 rerum
781 1642 1112 1690 memorabilium,
1132 1652 1215 1683 tum
1237 1644 1278 1683 in
1296 1646 1380 1686 Am·

264 1696 383 1735 miani
408 1694 534 1744 libris,
557 1703 640 1735 tum
669 1696 707 1734 in
736 1695 834 1734 notis
856 1698 1155 1738 occurrentium.

262 1750 486 1802 Lugd.ssat.
521 1749 588 1788 fol.
628 1763 685 1800 ap.
712 1750 862 1789 Petrum
892 1763 967 1790 van
996 1752 1063 1789 der
1086 1753 1153 1791 Aa.
1184 1753 1382 1793 Ammiani

264 1803 481 1843 Marcellini
515 1816 641 1842 rerum
677 1803 861 1853 gestarum
895 1805 957 1855 qui
993 1806 1042 1843 de
1070 1806 1214 1845 XXXI
1246 1806 1377 1856 super·

244 1856 381 1904 sunt}
399 1857 484 1896 libri
510 1858 662 1904 XVIII,
687 1870 759 1907 ope
791 1858 898 1898 MSS.
926 1859 1106 1898 codicum
1131 1861 1326 1899 emendati
1354 1874 1380 1900 a

266 1910 376 1952 fred.
412 1912 665 1964 Lindenbrogio
699 1913 733 1950 Sc.
767 1912 930 1951 Henrico
963 1910 1234 1963 Hadrianoque
1270 1915 1380 1953 Valc-

253 1967 344 2017 fiis‚
370 1978 457 2005 curn
486 1966 695 2005 eorundem
720 1965 873 2015 integris
900 1965 1227 2006 observationibus
1248 1970 1284 2008 ἅ
1309 1981 1379 2007 an-

264 2019 547 2067 notationibus,
578 2020 670 2058 item
701 2019 890 2070 Excerpta
916 2030 1040 2060 vetera
1064 2021 1112 2060 de
1137 2021 1247 2071 gestis
1275 2023 1376 2061 Con-

262 2073 416 2112 stamini
443 2076 477 2113 ἃ
499 2086 631 2123 regum
655 2072 784 2112 Italiae.
817 2075 957 2114 Omnia
982 2087 1084 2114 nunc
1106 2076 1298 2126 recognita
1325 2077 1377 2115 ab

265 2126 344 2175 Jac.
371 2127 576 2174 Gronovio,
607 2127 670 2176 qui
697 2126 779 2166 suas
809 2141 960 2178 quoque
987 2138 1097 2169 notas
1120 2129 1252 2180 paffim
1280 2130 1376 2168 inse-

265 2183 343 2220 ruit
369 2183 404 2221 &
435 2180 644 2220 necessariis
666 2181 716 2220 ad
738 2182 928 2221 Ammiani
955 2181 1242 2222 illustrationem
1271 2185 1378 2222 anti-

266 2235 351 2284 quis
382 2235 547 2274 nummis
571 2237 606 2274 δε
627 2234 754 2285 figuris
776 2237 946 2285 exornari
971 2238 1128 2276 curavit.
1147 2261 1192 2268 --
1225 2238 1374 2276 Grono-

264 2289 347 2327 vius
371 2301 448 2327 non
472 2288 589 2327 modo
615 2290 725 2337 vitia,
753 2303 834 2339 quae
859 2291 1060 2330 admiserat
1084 2291 1143 2330 ed.
1169 2292 1287 2332 Hadr.
1303 2293 1376 2329 Va=

264 2340 365 2392 lesu,
393 2342 563 2390 sustulit3
589 2342 652 2382 sed
682 2344 717 2381 <Sc
747 2343 825 2393 ipse
853 2345 893 2383 in
918 2346 1160 2384 emendando
1190 2354 1294 2384 textu
1319 2345 1375 2383 see·

264 2395 387 2435 liciter
406 2396 458 2434 est
478 2395 669 2436 versatus:
695 2399 797 2436 unde
822 2399 957 2438 merito
982 2399 1279 2451 praestantiffima
1305 2398 1376 2437 ho-

267 2449 329 2489 die
351 2449 512 2490 habetur
533 2452 612 2499 ejus
636 2450 766 2491 editio.

1100 2524 1174 2568 <³4
