1626 2917
214 145 298 189 152
431 128 769 175 AMMIANI
804 128 1279 176 MARCELLtNI

208 233 376 280 feciura
407 232 648 296 tranquilla
679 232 812 279 nimis
843 235 889 280 &
918 234 1034 280 leni:
1067 235 1142 298 qui
1175 252 1404 298 nunquam
1436 235 1494 284 ab

209 306 498 352 humanitatis
519 305 631 352 statu
650 305 843 367 dejessus
857 343 870 364 ,
889 306 1104 354 sollicitus
1125 321 1218 355 erat
1247 311 1296 358 ὃ(
1313 310 1496 367 anxius,

208 396 268 427 ne
298 380 423 442 quod
450 378 633 443 usquam
665 379 826 427 factum
855 379 949 443 ejus
977 380 1180 443 asperum
1212 382 1497 430 inveniretur

210 462 289 497 aut
315 450 510 499 diuum:
531 451 854 499 calumniarum
883 453 1125 500 acerrimus
1151 454 1385 502 insefflator
1404 492 1416 512 ,
1443 454 1498 501 fi-

212 523 277 570 sci
297 523 420 571 lucra
435 561 447 582 ,
466 524 584 572 unde
602 537 804 588 poterat,
824 524 1170 580 circumcidens,
1190 523 1500 588 justorumque

211 595 444 642 distinctor
469 597 518 644 &
545 597 710 644 arbiter
738 597 896 660 plenus
915 632 929 654 ,
952 597 997 642 in
1028 595 1230 659 subjeffls
1257 596 1500 644 admodum

214 679 505 729 temperatus.
547 669 634 714 Sed
670 668 965 716 obnubilabat
1008 669 1103 717 haec
1145 667 1297 716 omnia
1339 669 1500 715 vitium

216 757 372 802 parum
407 741 590 805 quidem
627 757 798 789 nocens
826 741 892 788 rei
925 741 1191 799 communi,
1221 739 1295 787 sed
1323 740 1370 787 in
1405 739 1502 786 alto

215 811 367 873 judice
395 815 674 862 maculosum
697 851 711 873 ,
739 814 867 877 quod
897 813 1157 861 citeriorem
1192 814 1330 860 vitam
1375 827 1503 876 paene

218 901 405 932 omnem
441 900 700 951 vergentem
733 888 780 934 in
817 888 974 941 luxum
1003 905 1082 952 per
1112 899 1372 952 argumenta
1408 885 1506 932 sce-

216 956 320 1003 nica
350 959 616 1022 amoresque
642 971 872 1024 peregerat
904 977 987 1007 nec
1019 960 1190 1007 vetitos
1211 995 1224 1018 ,
1259 976 1344 1008 nec
1377 958 1508 1006 ince-

220 1030 327 1078 stos,
366 1033 470 1079 Post
510 1034 632 1081 hunc
670 1034 827 1080 urbem
861 1034 980 1081 rexit
1014 1034 1248 1097 Ampelius
1269 1070 1283 1090 ‚
1317 1032 1508 1095 cupidus

221 1103 313 1165 ipse
338 1121 523 1168 quoque
555 1106 843 1168 voluptatum
865 1141 878 1163 ,
909 1105 1166 1153 Antiochiae
1206 1105 1378 1169 genitus
1397 1140 1409 1162 ,
1447 1120 1507 1150 ex

221 1176 433 1238 magistro
465 1178 724 1225 officiorum
758 1178 812 1224 ad
840 1177 1209 1241 proconsulatum
1243 1178 1468 1240 geminum
1492 1212 1510 1233 ‚

222 1251 420 1315 indeque
444 1253 590 1300 multo
614 1253 766 1315 postea
798 1254 852 1299 ad
884 1252 1156 1315 praefechxrae
1188 1252 1365 1300 culmen
1403 1269 1510 1299 eve-

224 1324 322 1371 Etus
341 1360 355 1381 ‚
384 1325 517 1371 lectus
551 1325 659 1383 alia,
682 1327 731 1373 &
753 1325 808 1371 ad
830 1325 988 1387 populi
1023 1324 1232 1372 favorem
1258 1324 1511 1388 adipiscen-

227 1397 338 1444 dum
357 1398 626 1461 aptissimus,
650 1414 981 1461 nonnunquam
1003 1411 1151 1445 tamen
1170 1397 1357 1461 rigidus,
1377 1409 1511 1460 atque

226 1472 401 1519 utinam
431 1471 478 1518 in
507 1472 747 1534 proposito
777 1471 1078 1534 perseverans.
1099 1471 1371 1520 Correxisset
1390 1471 1513 1519 enim

227 1561 284 1592 ex
315 1556 462 1608 parte,
495 1545 600 1592 licet
631 1546 816 1609 exigua,
837 1545 1112 1592 irritamenta
1134 1546 1249 1608 gulae
1277 1546 1327 1592 &
1355 1560 1514 1608 ganeas

227 1629 375 1663 taetras
392 1652 406 1674 ,
430 1616 476 1663 ni
504 1616 650 1664 flexus
677 1619 724 1663 in
749 1617 962 1664 molliora
1004 1618 1207 1665 amisisset
1228 1618 1415 1682 gloriam
1437 1617 1515 1664 diu

229 1690 467 1740 viuuram.
510 1692 717 1754 Namque
752 1691 990 1748 statuerat,
1028 1708 1083 1738 ne
1122 1692 1302 1738 taberna
1340 1690 1517 1738 vinaria

229 1776 335 1812 ante
368 1764 528 1811 horam
560 1778 759 1829 quartam
791 1766 1036 1827 aperiretur
1054 1801 1068 1823 ‚
1093 1781 1210 1812 neve
1235 1781 1390 1828 aquam
1414 1763 1518 1809 vul-

232 1835 409 1899 garium
443 1834 707 1883 calefaceret
739 1836 970 1899 quisquam
990 1873 1002 1894 ‚
1023 1836 1098 1884 vel
1125 1834 1317 1898 adusque
1345 1832 1518 1897 praesti-

234 1921 382 1955 tutum
409 1909 498 1956 diei
525 1908 711 1972 spatium
743 1909 847 1955 lixae
879 1911 1052 1957 costam
1084 1920 1394 1971 proponerent
1418 1923 1519 1953 car-

236 1997 340 2028 nem
360 2016 372 2038 ,
406 1980 481 2027 vel
513 1981 728 2028 honestus
753 1980 937 2043 quidam
971 1981 1184 2028 mandens
1213 1979 1440 2026 videretur
1472 1978 1519 2025 in

237 2054 439 2118 publico.
459 2055 577 2114 Quae
608 2053 770 2115 probra
790 2053 963 2115 aliaque
990 2053 1057 2099 his
1079 2051 1247 2113 majora
1275 2050 1521 2097 dissimula-

237 2128 366 2177 tione
399 2127 491 2192 jugi
528 2128 722 2192 negleRa
754 2126 815 2173 ita
849 2126 1108 2174 effrenatius
1146 2124 1435 2179 exarserunt,
1472 2134 1523 2169 ut

239 2217 324 2247 nec
350 2200 636 2262 Epimenides
659 2199 733 2244 ille
757 2198 980 2246 Cretensis
1001 2234 1015 2256 ,
1040 2198 1072 2244 fi
1090 2197 1337 2243 fabularum
1357 2194 1445 2241 ritu
1467 2193 1523 2241 ab

239 2272 396 2322 inferis
425 2273 645 2321 excitatus
670 2272 844 2319 redisset
874 2272 930 2319 ad
969 2270 1115 2318 nostra
1134 2306 1146 2328 ,
1179 2270 1298 2318 solus
1333 2284 1524 2332 purgare

240 2345 462 2393 sufficeret
496 2348 717 2392 Romam:
739 2357 862 2392 tanta
895 2343 1131 2407 plerosque
1159 2341 1275 2388 labes
1302 2339 1525 2386 insanabi-

243 2420 353 2469 lium
376 2419 649 2486 flagitiorum
677 2419 904 2484 oppreffit.
923 2419 979 2465 Et
1005 2416 1154 2482 primo
1181 2414 1455 2473 nobilitatis,
1476 2423 1526 2461 ut
