1626 2917
321 113 543 189 RERUM
575 112 911 163 GESTARUM
941 114 1046 161 ΠΒ.
1081 113 1261 161 XXXI.
1342 117 1429 162 261

134 220 352 271 euntibus
370 221 524 271 iisdem
542 221 703 271 manfit
722 221 950 270 intastum.
967 220 1071 269 Sine
1089 219 1292 269 distantia
1311 222 1431 269 enim

140 295 284 344 ‘aetatis
312 297 388 343 vel
418 296 794 355 sexus‚.caedibus
817 297 1225 360 incendiorumque
1256 297 1432 359 magni-

141 369 299 417 tudine
316 371 472 418 cunEla
494 371 768 435 flagrabant:
793 370 1098 434 abstraffisque
1123 370 1177 415 ab
1202 368 1300 432 ipso
1320 370 1431 417 ube·

134 459 243 489 vrum
271 443 395 491 suein
417 445 616 508 parvulis
648 447 697 494 &
719 445 886 493 necatis
903 481 916 505 ,
941 457 1078 508 raptae
1109 445 1208 491 sunt
1238 457 1432 499 matres,

144 517 194 563 δε
223 515 418 566 viduatae
443 517 614 566 maritis
638 519 852 583 conjuges
885 530 987 566 ante
1021 518 1184 564 oculos
1211 516 1353 573 caelis,
1381 517 1432 563 δε

133 589 332 651 -puberes
350 591 576 655 adultique
601 591 726 654 pueri
747 609 826 655 per
849 606 1082 655 parentum
1104 592 1322 640 cadavera
1342 603 1432 636 tra-

142 663 201 709 &i
230 662 344 711 sunt.
368 666 502 713 Senes
523 666 716 728 denique
750 666 908 725 multi,
929 666 983 713 ad
1007 665 1248 712 satietatem
1270 662 1432 710 vixisse

140 735 384 785 clamantes
398 773 412 796 ,
432 738 532 801 post
551 738 720 785 amiffas
738 755 848 801 opes
869 755 969 786 cum
993 737 1202 800 speciosis
1223 735 1401 783 feminis
1421 772 1434 790 ,

141 809 345 858 manibus
370 812 471 874 post
493 823 617 875 terga
646 813 899 869 contortis,
923 811 1179 875 defletisque
1198 810 1431 874 gentilium

141 882 310 931 favillis
331 884 493 932 aedium
508 920 521 942 ‚
543 885 818 932 ducebantur
844 899 1067 932 extorres,

205 958 316 1003 2V11.
346 958 456 1019 Haec
490 974 546 1004 ex
576 957 781 1004 Thraciis
814 974 978 1021 magno
1013 973 1213 1003 moerore
1247 966 1433 1018 accepta

143 1027 377 1074 Valentem
396 1028 650 1090 Principem
681 1028 727 1074 in
749 1027 1075 1075 sollicitudines
1096 1028 1244 1074 varias
1271 1027 1429 1074 distra-

128 1110 317 1146 xerunt.
340 1100 396 1146 Et
414 1098 652 1146 confestim
671 1099 857 1146 Victore
876 1100 1086 1163 magistro
1108 1100 1310 1163 equitum
1328 1099 1429 1146 miso

137 1170 189 1217 so
211 1171 266 1218 ad
291 1170 465 1229 Persas,
487 1183 537 1218 ut
557 1171 688 1234 super
707 1171 932 1219 Armeniae
954 1172 1062 1218 statu
1084 1188 1169 1234 pro
1195 1184 1327 1234 captu
1355 1189 1429 1218 re-

131 1259 239 1290 rum
286 1255 585 1306 componeret
626 1243 978 1305 impendentium
1011 1261 1023 1289 z
1057 1243 1149 1306 ipse
1189 1244 1430 1291 Antiochia

137 1313 349 1379 protinus
375 1315 653 1379 egressurus,
684 1326 736 1360 ut
760 1314 1212 1377 Constantinopolim
1245 1315 1427 1364 interim

129 1400 330 1452 peteret,
349 1388 639 1436 Profuturum
668 1389 877 1451 praemifit
908 1391 958 1437 &
988 1388 1261 1451 Traianum,
1289 1391 1428 1436 ambo

138 1461 364 1519 rediores,
399 1460 657 1508 anhelantes
687 1460 868 1523 quidem
907 1461 1066 1518 altius,
1103 1461 1177 1508 sed
1212 1461 1432 1510 imbelle&

130 1535 238 1596 Qui
256 1551 361 1583 cum
381 1535 436 1582 ad
456 1535 559 1583 loca
578 1534 823 1594 venissent,
841 1535 917 1581 ubi
939 1534 1236 1598 particulatim
1257 1552 1430 1598 perque

102 1609 259 1667 sfurta
290 1608 430 1673 magis
454 1610 504 1657 &
533 1607 770 1655 latrocinia
799 1607 1042 1654 multitudo
1073 1607 1217 1655 minui
1246 1608 1429 1656 deberet

128 1682 341 1741 hostilis,
357 1682 412 1729 ad
431 1681 495 1739 id,
513 1681 637 1744 quod
656 1692 748 1728 erat
768 1681 1091 1744 perniciosum,
1111 1682 1428 1745 intempestive

129 1755 365 1813 conversi,
385 1753 586 1818 legiones
600 1753 655 1802 ab
668 1754 876 1801 Armenia
896 1755 1046 1803 <iustas
1065 1755 1319 1818 opposuere
1344 1771 1425 1801 ve-

131 1817 291 1876 ¹sanum
328 1828 472 1875 adhuc
504 1826 771 1889 spirantibus
806 1827 1033 1886 barbaris,
1065 1844 1204 1891 opere
1239 1828 1425 1891 quidem

133 1903 307 1951 Martio
345 1902 458 1966 saepe
495 1903 612 1949 reEie
651 1914 935 1965 compertas,
975 1901 1048 1948 sed
1083 1901 1272 1964 impares
1306 1900 1425 1963 plebi

136 1977 390 2030 immensae,
417 1992 518 2040 quae
545 1974 765 2022 celsorum
793 1975 896 2038 juga
925 1973 1148 2021 montium
1180 1986 1423 2039 occuparat

135 2053 188 2100 δε
205 2068 405 2115 campos.
436 2049 497 2097 Hi
525 2049 702 2097 numeri
723 2050 928 2097 nondum
954 2048 1152 2112 experti,
1180 2048 1291 2113 quid
1320 2064 1431 2096 cum.

134 2126 446 2190 desperatione
479 2125 623 2172 rabies
655 2125 823 2172 valeret
851 2124 1099 2183 indomita,
1134 2123 1256 2170 truso
1294 2124 1422 2170 hoste

133 2199 252 2246 ultra
281 2197 572 2246 AEmimontis
598 2196 789 2244 abscisos
827 2196 1040 2258 scopulos
1069 2195 1270 2244 faucibus
1305 2195 1421 2241 inse-

134 2271 239 2318 dere
271 2271 531 2334 praeruptis,
559 2269 628 2317 uti
657 2269 872 2317 barbaros
905 2269 1020 2317 locis
1054 2269 1282 2327 inclusos,
1315 2267 1420 2314 nus=

133 2360 267 2408 quam
295 2344 566 2406 reperientes
598 2342 767 2389 exitum
800 2341 1013 2388 diuturna
1043 2340 1325 2389 consumeret
1349 2339 1419 2385 fa·-

131 2433 249 2478 meS,
271 2418 320 2467 &
351 2417 666 2483 opperirentur
687 2416 767 2481 ipsi
792 2415 1066 2480 Frigeridum
1095 2416 1252 2464 ducem
1264 2449 1282 2475 ,
1315 2429 1418 2460 cum

1034 2492 1074 2537 R
1108 2506 1127 2550 3
