1626 2917
287 120 507 169 RERUM
537 119 875 168 GESTARUM
911 119 1014 167 ΠΒ.
1046 118 1220 166 XXVI.
1323 120 1379 167 81

103 230 235 288 tiret,
262 230 311 276 &
341 227 494 275 ferinae
515 229 623 275 vitae
640 227 728 291 jam
750 226 894 274 fuisset
914 227 1176 290 pertaesum:
1209 229 1390 295 (quips

107 320 164 367 pe
195 319 219 350 a
248 301 432 348 celsiore
478 301 591 347 statu
634 300 826 361 dejeftus
861 301 915 347 ad
957 300 1212 361 inferiora,
1254 304 1389 353 etiam

107 374 268 423 edendi
302 373 487 437 penuria
521 374 567 419 in
596 373 709 420 locis
735 373 1038 438 squalentibus
1062 373 1387 439 stringebatur,

107 449 438 509 hominumque
460 448 617 511 egebat
652 446 935 511 colloquiis)
971 447 1206 509 postremae
1235 452 1393 500 neces-

109 520 246 569 fitatis
281 520 500 582 impulsu,
535 520 678 567 deviis
710 520 944 567 itineribus
980 522 1033 567 ad
1074 523 1394 574 Chalcedonos

111 611 264 658 agrum
294 594 512 656 pervenit.
543 593 664 652 Ubi,
688 594 903 656 quoniam
924 595 974 641 &
1000 594 1301 645 illud-firmius
1326 600 1398 647 vi-

112 668 208 716 sum
232 668 292 715 est
321 667 649 731 receptaculum
673 702 687 725 ‚
723 667 841 731 apud
870 666 1122 716 fidiffimum
1146 671 1398 722 amicorum

114 742 427 800 delitescebat,
449 741 711 804 Strategium
740 741 963 804 quendam
992 758 1048 788 ex
1082 744 1283 805 palatino
1314 749 1401 795 mi-

114 818 195 865 lite
219 817 466 863 senatorem
490 851 503 873 ‚
538 815 987 878 Constantinopolim
1007 852 1019 875 ‚
1048 832 1263 881 quantum
1303 821 1399 872 fieri

116 901 322 954 poterat,
340 888 551 936 clanculo
573 888 685 950 saepe
701 888 998 936 intermeans:
1019 906 1068 937 ut
1088 890 1260 940 indicio
1284 894 1416 958 ejus-⁴

119 968 221 1013 dem
258 963 461 1026 Strategii
487 962 629 1024 patuit
647 997 660 1019 ,
694 961 929 1024 postquam
951 961 1107 1025 saepius
1127 965 1174 1010 in
1195 966 1405 1019 factionis

121 1037 331 1086 conscios
377 1035 438 1080 est
476 1033 750 1098 inquisitum.
785 1032 894 1079 Ritu
935 1033 1085 1098 itaque
1121 1036 1406 1090 sollertiffimi

120 1110 346 1173 cujusdam
374 1107 664 1171 speculatoris
682 1144 694 1165 ‚
723 1107 903 1170 ignotus
934 1108 995 1154 ob
1023 1108 1281 1172 squalorum
1303 1118 1408 1164 vul-

121 1198 196 1232 tus
229 1186 279 1232 &
313 1182 501 1229 maciem
527 1180 808 1228 rumusculos
839 1181 1079 1244 colligebat
1100 1196 1208 1233 tunc
1231 1190 1411 1238 crebre-

124 1258 295 1306 scentes
313 1291 327 1312 ,
357 1268 406 1302 ut
431 1255 532 1302 sunt
561 1255 721 1302 acerba
747 1255 916 1318 semper
940 1255 1146 1304 instantia
1165 1295 1178 1317 ,
1205 1260 1412 1312 incusan-

125 1331 239 1379 tium
274 1330 520 1376 multorum
551 1328 786 1374 Valentem
807 1364 820 1386 ‚
851 1329 970 1391 quasi
1004 1331 1247 1392 cupiditate
1268 1336 1413 1387 aliena

127 1403 332 1467 rapiendi
374 1400 647 1449 succensum.
683 1400 824 1462 Cujus
860 1401 1026 1447 diritati
1063 1403 1279 1466 adje&um
1317 1425 1413 1460 erat

131 1477 416 1526 incentivum
447 1474 625 1521 exitiale
646 1474 772 1521 socer
793 1475 1032 1523 Petronius
1050 1511 1063 1533 ‚
1092 1493 1148 1523 ex
1167 1484 1413 1544 praepofito

132 1548 422 1600 Martensium
454 1548 643 1595 militum
670 1560 908 1611 promotus
935 1550 1171 1612 repentino
1196 1552 1304 1602 saltu
1332 1575 1414 1621 pa..

133 1625 291 1673 tricius
310 1658 323 1681 ‚
345 1622 497 1669 animo
516 1620 730 1668 deformis
750 1623 798 1668 &
814 1621 993 1668 habitu:
1013 1622 1090 1684 qui
1107 1624 1160 1670 ad
1181 1628 1417 1681 nudandos

136 1699 230 1746 fine
244 1696 512 1744 discretione
535 1695 720 1741 cun&0s
743 1694 996 1740 immaniter
1009 1693 1226 1759 flagrans,
1245 1717 1418 1752 nocen-

138 1785 205 1819 tes
225 1769 390 1833 pariter
410 1768 673 1815 &insontes
695 1766 794 1829 post
818 1766 1036 1830 exquisita
1057 1780 1282 1820 tormenta
1305 1793 1420 1839 qua-

140 1843 290 1906 drupli
319 1841 509 1889 nexibus
546 1840 805 1899 vinciebat,
835 1842 982 1889 debita
1014 1839 1103 1904 jam
1133 1844 1237 1893 inde
1259 1865 1282 1894 a
1305 1863 1420 1899 tem·-

142 1917 332 1981 poribus
356 1913 572 1977 principis
592 1913 821 1959 Aureliani
849 1914 1126 1977 perscrutans
1143 1954 1158 1975 ,
1178 1920 1228 1967 &
1250 1920 1424 1986 impen-

146 1991 226 2037 dio
246 2005 443 2036 moerens
465 2023 479 2045 ,
511 1987 543 2032 fi
563 2001 831 2050 quemquam
864 1986 1121 2036 absolvisset
1151 1990 1424 2047 indemnem,

147 2061 290 2124 Cujus
318 2079 497 2108 morum
532 2059 831 2107 intolerantiae
864 2060 959 2109 haec
992 2078 1176 2126 quoque
1207 2068 1429 2128 pernicies

150 2136 413 2193 accedebat,
431 2135 572 2199 quod,
585 2153 685 2182 cum
708 2135 921 2182 ditaretur
943 2135 1130 2186 luctibus
1150 2140 1319 2201 alienis,
1337 2161 1431 2195 erat

151 2209 444 2258 inexorabilis
464 2212 512 2257 &
533 2209 722 2256 crudelis
739 2244 751 2265 ‚
773 2210 822 2255 &
853 2208 898 2254 in
929 2209 1087 2257 rabido
1118 2215 1256 2261 corde
1282 2216 1429 2265 duris-

154 2284 321 2338 fimus,
361 2298 442 2329 nec
481 2282 716 2329 reddendae
751 2317 764 2338 ,
806 2296 890 2327 nec
929 2282 1200 2344 accipiendae
1243 2290 1430 2339 rationis

155 2370 352 2418 unquam
390 2370 528 2416 capax
559 2371 570 2400 ε
602 2353 792 2400 invisior
820 2353 1047 2400 Cleandro
1075 2391 1088 2412 ‚
1131 2374 1263 2420 quern
1293 2379 1431 2424 agen..

156 2441 246 2476 tem
289 2427 367 2473 sub
397 2430 665 2490 Imperatore
687 2426 950 2473 Commodo
973 2427 1276 2491 praefechiram
1293 2469 1307 2494 ,
1335 2434 1434 2491 sulz„

221 2503 444 2550 Ammian.
473 2502 712 2550 Marcellin.
742 2504 834 2546 Vol.
856 2503 917 2548 II.
1223 2507 1256 2551 F
