1626 2917
174 103 265 162 264
363 99 707 149 AMMIANI
758 102 1265 149 MARCELLINI

172 223 263 256 tate
302 209 526 273 appellant
562 208 803 267 barritum,
848 208 966 256 vires
1008 208 1179 257 validas
1211 208 1458 274 erigebant,

172 283 358 334 >Barbari
397 298 513 327 vero
548 280 773 343 majorum
812 272 974 328 laudes*
998 281 1269 329 clamoribus
1303 281 1460 328 stride-

172 355 286 402 bant
316 353 596 401 inconditis:
631 355 837 416 interque
870 353 1023 401 varios
1055 354 1268 402 sermonis
1300 353 1463 402 diffoni

174 428 380 490 strepitus
397 428 573 474 leviora
592 428 753 490 proelia
775 428 1072 475 tentabantur.
1090 430 1273 492 Jamque
1294 429 1463 475 verutis

176 503 228 548 &
250 501 461 548 fimilibus
482 501 577 548 aliis
601 501 812 565 utrinque
834 501 968 548 semet
988 501 1161 549 eminus
1183 501 1464 559 lacessentes,

177 574 234 620 ad
261 572 557 620 conferendas
590 573 740 619 coiere
773 573 1010 620 minaciter
1045 590 1230 621 manus:
1262 575 1311 620 &
1335 572 1466 621 scutis

180 646 227 693 in
248 646 516 693 testudinum
542 645 736 692 formam
762 647 1107 710 coagmentatis,
1128 664 1204 710 pes
1228 664 1329 694 cum
1353 647 1467 709 pede

179 718 374 767 collatus
410 718 486 765 est.
516 717 812 782 Barbarique,
833 731 879 765 ut
910 720 1178 782 reparabiles
1211 720 1382 783 semper
1418 719 1470 766 &

181 794 349 841 celeres
364 828 379 850 ,
401 792 602 856 ingentes
624 793 773 840 clavas
792 793 838 840 in
861 794 1038 842 nostros
1060 794 1354 856 conjicientes
1375 809 1471 839 am-

174 865 330 913 ‘bustas
346 900 358 922 ‚
382 863 709 927 mucronesque
729 865 875 913 acrius
902 866 1193 915 resistentium
1215 865 1472 929 pectoribus

181 938 407 985 illidentes
423 973 436 995 ‚
464 936 688 984 sinistrum
722 955 868 986 cornu
894 952 1195 1002 perrumpunt
1216 958 1227 988 :
1251 940 1377 1005 quod
1401 939 1473 986 in-

183 1010 397 1057 clinatum
422 1008 665 1055 subsidialis
691 1010 1011 1059 robustiffimus
1032 1013 1193 1075 globus
1208 1048 1222 1070 ,
1241 1029 1265 1058 e
1286 1011 1474 1075 propin·

187 1098 283 1144 quo
309 1082 444 1127 latere
471 1080 652 1127 fortiter
674 1082 874 1141 excitus,
892 1084 1088 1130 haerente
1105 1083 1194 1145 jam
1214 1097 1361 1132 morte
1382 1100 1475 1131 cer·

187 1154 367 1201 vicibus
396 1152 668 1200 sustentavit.
702 1157 923 1202 Fervente
950 1155 1085 1219 igitur
1110 1156 1252 1204 denfis
1279 1157 1476 1205 caedibus

186 1227 358 1290 proelio
375 1264 390 1283 ,
419 1227 464 1272 in
487 1226 721 1275 confertos
751 1228 937 1291 quisque
964 1230 1189 1291 promtior
1206 1248 1362 1291 ruens,
1387 1232 1477 1279 ritu

189 1298 420 1363 grandinis
453 1299 654 1361 undique
688 1299 987 1348 volitantibus
1018 1302 1118 1349 telis
1151 1305 1395 1366 oppetebat
1426 1307 1479 1354 &

189 1371 378 1436 gladiis:
402 1371 451 1418 δε
474 1370 772 1432 sequebantur
801 1372 973 1435 equites
1000 1373 1107 1421 hinc
1138 1373 1241 1422 inde
1268 1375 1481 1439 fugienti-

179 1439 274 1488 bus
301 1441 517 1504 occipitia
537 1442 711 1490 lacertis
734 1443 990 1508 ingentibus
1011 1446 1305 1509 praecidentes
1324 1450 1374 1497 &
1391 1460 1480 1496 ter-

189 1530 247 1576 ga
265 1531 275 1559 :
295 1513 538 1577 itidemque
559 1514 820 1563 altrinsecus
842 1517 1010 1579 pedites
1039 1518 1262 1582 lapsorum
1281 1556 1295 1580 ‚
1314 1521 1480 1569 timore

189 1585 516 1648 impeditorum
535 1622 548 1645 ,
575 1586 765 1636 secando
802 1590 1069 1655 suffragines.
1105 1595 1159 1639 Et
1189 1611 1294 1642 cum
1327 1595 1481 1642 omnia

190 1658 412 1705 caesorum
453 1661 727 1721 corporibus
764 1663 1087 1726 opplerentur‚
1123 1665 1329 1728 jacebant
1361 1667 1480 1714 inter

192 1747 273 1778 eos
306 1731 487 1794 quidam
512 1731 812 1791 semianimes,
844 1734 962 1798 spem
993 1736 1102 1783 vitae
1133 1738 1324 1785 inaniter
1353 1739 1480 1786 usur-

194 1806 375 1868 pando3
400 1806 475 1852 alii
497 1806 658 1869 glande
686 1807 835 1855 fundis
865 1809 1066 1868 excttfl‘a,
1085 1811 1161 1858 vel
1188 1811 1481 1860 arundinibus

195 1878 374 1924 armatis
407 1878 528 1926 ferro
561 1879 762 1928 confixi:
789 1882 1070 1942 quorundam
1104 1884 1247 1945 capita
1278 1901 1356 1946 per
1382 1901 1481 1931 me-

194 1953 320 1999 dium
365 1952 529 2000 frontis
575 1956 624 2002 &
665 1954 848 2002 verticis
891 1971 1113 2002 mucrone
1158 1954 1356 2002 distincta
1378 1992 1393 2012 ,
1434 1955 1482 2002 in

173 2037 439 2085 *utrumque
481 2026 718 2073 humerum
752 2042 920 2090 magno
951 2044 1053 2074 cum
1086 2027 1278 2073 horrore
1314 2028 1483 2089 pende-

197 2096 320 2143 bant.
352 2098 406 2142 Et
439 2098 658 2160 pertinaci
689 2098 1032 2146 concertatione
1063 2099 1264 2146 nondum
1293 2099 1482 2156 lassatae,

197 2186 333 2233 aequo
374 2171 519 2216 Marte
552 2186 693 2233 partes
729 2171 865 2235 semet
896 2170 1150 2218 altrinsecus
1182 2170 1481 2218 afflictabant:

198 2257 282 2287 nec
310 2241 362 2287 de
391 2240 542 2304 rigore
575 2242 777 2306 genuino
804 2243 1033 2307 quisquam
1066 2242 1344 2298 remittebat,
1376 2245 1479 2290 (lum

198 2314 318 2362 vires
345 2314 598 2363 animorum
622 2317 1072 2364 alacritasexcitaret.
1105 2315 1304 2363 Diremit
1332 2329 1481 2363 tamen

198 2386 478 2437 interneciva
500 2390 738 2437 certamina
762 2390 922 2438 cedens
945 2388 1132 2452 vespero
1154 2388 1247 2437 dies
1267 2407 1277 2437 :
1299 2390 1349 2438 &
1369 2405 1481 2437 cun-
