1626 2917
307 91 526 138 RERUM
561 90 904 139 GESTARUM
939 91 1042 137 LlB.
1075 89 1246 136 XXVI.
1365 103 1422 149 75

154 199 316 261 jacium
343 201 405 248 est
420 237 434 260 ‚
451 201 699 258 absolutus,
720 218 821 249 cum
852 200 960 248 vitae
981 199 1146 264 pudere
1166 197 1346 245 deberet
1377 198 1430 245 δε

153 274 326 338 culpae,
358 291 455 321 non
485 275 719 323 abolendae
748 274 952 323 incubuit
980 264 1196 321 maculae:
1227 271 1301 318 sed
1331 282 1430 317 tan-

152 364 284 411 quam
304 348 419 396 inter
437 350 604 397 multos
625 349 869 412 probrosos
895 348 1013 396 solus
1036 362 1205 395 vacuus
1226 345 1280 392 ab
1300 342 1429 390 omni

153 421 344 482 delicto,
364 439 484 486 equo
514 424 745 487 phalerato
773 422 962 470 insidens
993 418 1325 482 discurrensque
1352 433 1430 480 per

150 493 319 551 filices,
342 496 482 543 multa
506 497 606 560 post
629 496 670 544 se
696 513 820 545 nunc
839 495 974 559 usque
997 494 1131 541 trahit
1151 494 1325 558 agmina
1344 491 1431 538 ser-

150 567 399 628 vulorum,
427 587 507 633 per
537 587 713 619 novum
747 570 976 635 quoddam
1009 569 1179 633 insigne
1213 564 1432 613 curiosius

149 637 336 702 spectari
354 642 560 691 affectans
582 661 593 690 ε
612 657 662 692 ut
680 643 905 691 Duillium
925 642 1178 705 accepimus
1199 651 1396 687 veterem
1418 656 1432 694 '‚

152 715 256 778 post
282 717 478 782 gloriosa
507 719 581 766 illa
611 718 785 767 navalis
805 719 868 765 rei
892 716 1131 765 certamina
1151 714 1196 760 id
1220 713 1297 760 fibi
1320 712 1432 758 sum-

154 787 279 849 sisse,
310 802 360 837 ut
385 791 570 840 tibicine
602 792 747 840 lenius
776 791 1048 855 praecinente
1077 788 1240 835 rediret
1273 787 1327 833 ad
1360 783 1434 829 sua

151 861 254 924 post
283 880 477 913 coenam.
498 867 589 912 Sub
617 866 708 913 hoc
728 877 877 912 tamen
899 863 1168 926 Aproniano
1191 860 1249 906 ita
1270 857 1432 921 jugiter

152 936 286 999 copia
328 936 673 985 necessariorum
717 937 1008 993 exuberavit,
1038 948 1089 981 ut
1124 933 1244 980 nulla
1282 931 1434 977 saltem

150 1008 272 1056 levia
304 1027 532 1058 murmura
564 1011 695 1074 super
719 1011 876 1072 inopia
908 1008 1048 1057 victui
1085 1004 1435 1071 congruentium

151 1082 381 1131 orirentur
400 1102 412 1132 z
431 1085 559 1148 quod
585 1085 749 1133 affidue
767 1087 929 1132 Romae
956 1083 1195 1146 contingit.

215 1157 292 1204 lv.
319 1158 381 1204 At
408 1157 454 1204 in
492 1158 707 1224 Bithynia
739 1158 1081 1206 Valentinianus
1111 1155 1354 1216 Princeps,
1384 1164 1435 1199 ut

151 1229 464 1291 praediximus,
491 1232 760 1291 declaratus,
789 1233 894 1279 dato
923 1231 968 1278 in
994 1230 1291 1294 perendinum
1317 1227 1435 1272 diem

152 1301 276 1366 {igno
305 1303 647 1366 proficiscendi,
677 1305 950 1353 convocatis
979 1303 1254 1367 primoribus
1275 1336 1287 1358 ,
1314 1299 1435 1363 quasi

153 1388 250 1422 tota
283 1378 466 1427 consilia
500 1397 633 1443 quam
665 1380 744 1426 fibi
783 1379 1002 1443 placentia
1035 1378 1265 1424 secuturus
1287 1409 1300 1431 ‚
1331 1388 1433 1435 per-

156 1452 442 1511 contabatur,
460 1469 702 1516 quemnam
727 1455 780 1499 ad
800 1451 974 1516 imperii
992 1449 1275 1498 consortium
1294 1461 1433 1508 opor-

154 1536 268 1571 teret
308 1525 496 1573 assumi:
533 1526 848 1591 silentibusque
880 1525 1052 1574 cunffis
1075 1561 1090 1581 ,
1128 1519 1435 1586 Dagalaiphus

156 1611 264 1646 tunc
293 1600 503 1664 equestris
534 1602 706 1649 militiae
738 1604 884 1649 rector
922 1599 1153 1664 respondit
1187 1596 1397 1644 fidentius
1422 1611 1433 1640 ε

154 1674 206 1720 Si
231 1688 324 1718 tuos
340 1707 355 1729 ,
383 1672 532 1737 inquit
548 1709 562 1731 ‚
584 1693 704 1720 amas
718 1711 731 1732 ‚
758 1679 987 1736 Imperator
1001 1674 1152 1734 optime
1171 1707 1185 1728 ,
1207 1667 1436 1725 halvesfm-

155 1761 280 1799 trem,·
316 1766 331 1791 l
360 1749 647 1807 rempublicam
669 1784 682 1805 ‚
701 1766 825 1809 quaere
839 1784 851 1804 ‚
869 1766 981 1809 quem
999 1748 1154 1814 vestias.
1182 1745 1292 1803 Quo
1314 1741 1434 1786 dieto

157 1818 376 1880 asperatus
396 1819 496 1875 ille,
521 1821 592 1867 sed
611 1823 794 1877 tacitus,
822 1824 871 1870 δέ
889 1821 1123 1871 occultans
1139 1855 1152 1877 ,
1175 1834 1275 1881 quae
1305 1814 1434 1878 cogi-

155 1889 297 1947 tabat,
321 1889 635 1937 Nicomediam
660 1892 892 1939 itineribus
913 1891 1012 1939 citis
1031 1888 1242 1954 ingressus
1264 1887 1436 1933 Kalen-

156 1961 224 2009 dis
254 1963 427 2010 Martiis
445 2000 457 2022 ,
477 1964 715 2012 Valentem
734 1964 914 2012 fratrem
938 1964 1110 2010 stabulo
1136 1961 1214 2008 suo
1235 1977 1336 2008 cum
1357 1958 1437 2003 tri-

159 2034 349 2082 bunatus
393 2036 606 2100 dignitate
636 2037 850 2099 praefecit.
880 2037 1075 2100 Indeque
1108 2051 1213 2083 cum
1250 2032 1436 2079 veniffet

157 2111 605 2175 Constantinopolim
620 2149 632 2168 ,
656 2112 795 2159 multa
821 2111 966 2158 secum
986 2110 1075 2172 ipse
1095 2108 1339 2158 divolvens
1354 2141 1367 2163 ‚
1387 2107 1437 2152 &

156 2182 463 2246 magnitudine
492 2186 746 2250 urgentium
784 2184 1076 2247 negotiorum
1106 2183 1194 2244 jam
1226 2180 1268 2228 se
1307 2180 1436 2241 supe-

156 2256 243 2302 rari
276 2258 558 2307 considerans
581 2277 590 2305 :
621 2259 735 2306 nihil
761 2259 1028 2305 morandum
1056 2270 1202 2313 ratus,
1229 2254 1435 2318 quintum
1465 2282 1475 2292 -

158 2327 350 2376 Kalend.
378 2330 543 2392 Aprilis
578 2331 845 2394 productum
892 2331 1081 2377 eundem
1117 2328 1352 2375 Valentem
1385 2323 1433 2369 in

158 2400 458 2450 suburbanum
479 2440 492 2465 ,
524 2404 839 2454 universorum
883 2405 1109 2453 sententiis
1145 2400 1432 2453 concinenti-
