1626 2917
245 156 300 190 v1
433 144 824 190 AMMIANI
868 144 1379 191 MARCELLINI

246 251 388 302 ceffor
423 253 594 301 Silvani
629 252 828 326 Magistri
860 252 1060 317 equitum
1094 254 1144 302 Sc
1174 252 1407 317 peditum,
1443 258 1528 298 na-

243 319 370 366 tione
398 319 588 377 Franci,
622 336 701 382 qui
735 331 829 364 tum
858 319 1095 387 imperium
1128 319 1349 367 invaserat
1379 317 1467 364 Co'³
1460 333 1530 362 o·-

245 383 334 430 niae
370 355 659 447 Agrippiiiae3
697 398 779 430 ceu
815 382 974 430 altiore
1005 373 1230 444 confilio,
1265 396 1314 430 ut
1348 383 1394 429 in
1429 380 1533 444 ipsis

245 448 506 523 primordiis
545 462 768 521 tyrannus
810 448 1174 511 opprimeretur,
1216 449 1341 495 duxit
1383 447 1533 495 secum

246 513 431 577 egregio
461 514 655 561 facinori
679 514 1009 575 perpetrando,
1032 527 1080 561 ut
1113 513 1388 577 postularat,
1420 511 1533 558 Tri-

247 557 428 637 bunos,
456 581 505 626 δε
539 578 822 624 Protectores
848 578 1140 626 Domesticos
1169 580 1353 635 decern,
1380 575 1472 624 ad
1460 594 1536 638 Ju-

249 662 353 692 van
344 615 428 690 '’las
449 643 724 691 ncceffitates
764 642 979 706 public.as
1017 644 1137 703 Quia
1172 661 1285 692 vero
1321 642 1536 692 Ursicino

247 708 339 772 jam
366 707 545 771 cognita
578 721 669 755 erat
699 710 843 755 Amm‘
827 711 920 755 zani
951 708 1163 756 industria
1193 711 1243 757 &
1267 708 1407 768 fides,
1435 724 1539 755 eum

250 775 368 823 inter
398 773 512 820 alios
542 772 703 836 delegit
736 791 840 821 cum
867 773 1120 821 Veriniano
1151 775 1353 838 collega.
1391 789 1540 838 eoque

253 840 434 886 tandem
469 855 538 886 res
573 837 818 912 processit,
854 839 904 886 &
943 851 1031 886 tam
1075 839 1201 886 vafre
1240 840 1334 886 acta
1369 839 1461 897 est,
1490 850 1542 885 ut

251 903 448 952 Ursicini
473 906 522 952 δε
544 903 760 955 comitum
781 915 873 951 arte
890 917 1022 968 atque
1042 903 1255 952 industria
1280 904 1447 952 summa
1467 903 1542 949 de-

254 969 374 1032 jecto
409 981 543 1034 atque
581 969 696 1016 caeso
731 969 956 1028 Silvano,
992 969 1229 1032 1mperium
1269 969 1544 1016 Constantio

257 1034 522 1090 assererent,
550 1035 676 1097 quod
707 1034 820 1081 liber
846 1035 936 1081 XV
967 1034 1236 1082 luculentius
1262 1035 1543 1097 explicat.1n

257 1117 309 1146 ea
348 1099 711 1163 peregrinatione
755 1100 806 1146 &
848 1099 1071 1163 legatione
1109 1112 1222 1162 puto
1262 1103 1545 1147 Ammianum

260 1164 589 1211 Vesontionem
620 1165 933 1227 Sequanorum
967 1178 1183 1222 matrem,
1214 1165 1400 1228 patriam
1435 1163 1547 1211 mihi

260 1229 930 1289 dt1lciffim1m,vidisse‚tunc
960 1242 1130 1277 tantum
1150 1246 1245 1277 non
1266 1230 1478 1287 dirutam,
1498 1230 1549 1277 &

259 1295 309 1342 in
345 1295 564 1358 oppidum
593 1295 813 1342 redactam
833 1331 846 1353 ‚
879 1295 983 1342 licet
1021 1293 1260 1342 maximam
1297 1295 1442 1353 olim,
1474 1293 1549 1340 sed

263 1360 624 1407 Alamannorum
652 1359 912 1406 vastatorias
941 1376 1099 1406 manus
1129 1359 1247 1406 haud
1281 1360 1425 1406 multo
1444 1371 1548 1406 ante

265 1425 524 1488 perpessam.
543 1427 620 1472 De
649 1441 699 1470 ea
728 1425 787 1472 stc
807 1425 852 1471 in
884 1425 1131 1471 Galliarum
1153 1423 1452 1488 descriptione
1470 1424 1549 1471 lib.

263 1491 391 1538 XV:
421 1495 559 1551 Apud
584 1495 797 1551 Sequanos
826 1490 1049 1549 Bisbntios
1077 1492 1286 1548 vidimus,
1317 1488 1360 1537 G*
1379 1492 1551 1536 Raura-

265 1575 367 1613 cos,
396 1560 496 1601 aliis
522 1558 706 1617 potiores
742 1559 911 1616 oppidis
948 1559 1105 1602 multis.
1138 1554 1265 1613 Quin
1300 1557 1350 1602 &
1381 1554 1549 1601 ibidem

266 1621 434 1668 diutius
455 1634 787 1668 commoratum
816 1619 919 1666 ideo
941 1619 1205 1667 crediderim
1225 1654 1239 1677 ‚
1261 1619 1364 1682 quia
1394 1618 1551 1666 occiso

267 1686 457 1732 Silvano
487 1685 684 1733 Julianus
716 1684 865 1732 Caesar
893 1698 1093 1739 creatus,
1121 1683 1238 1731 &111
1270 1696 1414 1746 partes
1437 1683 1552 1730 Gal-

268 1749 432 1798 liarum
458 1749 733 1814 praemiffus,
767 1749 1016 1796 exercitum
1045 1748 1298 1811 lequentem
1329 1748 1375 1794 in
1405 1765 1550 1795 unum

268 1816 446 1880 jusserat
482 1819 521 1861 V
525 1815 682 1862 esuntii
714 1815 1007 1878 congregari,
1041 1814 1112 1860 cui
1139 1813 1397 1876 praefidebat
1428 1813 1554 1861 Ursi-

271 1899 364 1928 cml
395 1880 615 1928 successor
644 1881 918 1937 Marcellus,
959 1878 1140 1942 ipseque
1173 1878 1404 1925 Ursicinus
1443 1880 1554 1924 Am-

271 1946 411 1994 miani
444 1945 583 1992 nostri
612 1944 737 2001 dux,
765 1956 1011 2007 praeceptus
1040 1961 1063 1990 a
1096 1942 1367 1990 Constantio
1399 1943 1555 1990 iisdem

271 2012 323 2058 in
354 2012 467 2058 locis
494 2027 652 2074 agere,
680 2010 766 2057 adu
771 2009 875 2072 {que
904 2007 1219 2081 expeditionis
1229 2007 1378 2055 finem.
1415 2011 1557 2057 Inter-

274 2075 361 2123 fuit
390 2050 558 2139 iginum,
593 2087 670 2122 aut
702 2091 818 2121 vero
855 2074 1057 2121 interesse
1093 2071 1243 2136 potuit
1275 2074 1551 2120 Marcellinus

275 2140 429 2190 noster
452 2139 623 2201 proeliis
641 2139 727 2186 illis
746 2139 1018 2197 levioribus,
1042 2156 1117 2202 qu«
1106 2155 1142 2184 «e
1162 2138 1282 2200 apud
1305 2140 1558 2185 Brocoma-

276 2223 409 2270 gum,
434 2206 666 2262 Senonas,
694 2207 743 2253 &
773 2204 880 2251 alibi
915 2216 1017 2251 ante
1052 2220 1245 2265 pugnam
1279 2205 1557 2265 Argentora-

277 2271 445 2318 tensem
466 2265 803 2316 memorabilem
831 2268 939 2315 tacta
960 2268 1072 2315 sunt.
1093 2270 1208 2314 Nam
1230 2284 1283 2313 ne
1303 2268 1460 2331 gloriae
1478 2268 1558 2314 hu·

278 2335 350 2398 jus
377 2335 596 2398 particeps
619 2335 753 2390 esset,
773 2334 943 2380 obstitit
967 2332 1161 2380 Ursicini
1187 2332 1321 2394 paulo
1352 2345 1452 2378 ante
1472 2332 1558 2378 ini-

280 2413 379 2447 tum
407 2400 621 2472 proelium
643 2398 914 2446 revocatio:
945 2398 1050 2461 qui,
1072 2397 1206 2443 literis
1223 2397 1477 2443 Constantii
1500 2412 1558 2443 ex

279 2465 442 2515 Juliani
472 2464 693 2515 comitatu
721 2463 972 2524 arceffitus,
995 2461 1204 2510 Sirmium
1231 2462 1285 2509 ad
1313 2463 1559 2525 Imperato-
