1626 2917
319 199 538 251 RERUM
573 200 908 250 GESTARUM
941 199 1045 250 Lm.
1080 199 1227 250 xvii.
1330 216 1416 267 «ης»

142 311 263 361 hanc
289 311 456 359 molem
480 310 653 357 sedibus
687 309 797 367 suis,
834 309 1035 375 nihilque
1062 309 1342 356 committere
1372 311 1419 357 in

150 384 414 449 religionem
435 384 549 430 recle
567 383 843 441 existimans,
865 383 894 429 fi
913 383 1104 430 ablatum
1133 400 1226 430 uno
1247 385 1420 447 templo

148 457 416 506 miraculum
442 457 600 503 Romae
617 456 832 513 sacraret,
853 455 898 501 id
916 455 977 502 est
994 491 1006 512 ‚
1025 455 1072 502 in
1100 456 1271 519 templo
1288 474 1423 502 mun-

149 529 197 577 di
213 529 354 576 totius
370 565 384 586 ,
402 528 543 591 jacere
566 529 638 575 diu
659 529 880 592 perpeffus
907 528 992 585 est,
1015 529 1118 575 dum
1141 530 1422 577 translationi

94 634 97 636 v
151 617 412 668 pararentur
443 604 582 650 utilia.
621 605 732 663 Quo
756 603 981 651 conveOto
1004 620 1083 665 per
1107 603 1285 650 alveum
1302 604 1424 664 Nili,

150 676 445 740 projeEtoque
473 675 751 723 Alexandriae
770 711 782 732 ,
814 675 943 721 navis
972 674 1272 737 amplitudinis
1298 688 1423 722 ante·-

151 749 237 797 hac
256 749 473 800 inufitatae
500 747 712 796 aedificata
731 747 820 804 est,
850 747 928 794 sub
950 748 1159 794 trecentis
1191 749 1426 812 remigibus

152 822 369 887 agitanda.
385 822 562 882 Quibus
584 822 641 868 ita
658 820 850 884 provisis
864 856 878 877 ,
897 820 1174 883 digressoque
1193 822 1285 869 vita
1307 823 1427 884 ptine

154 895 255 958 cipe
283 908 536 941 memorato
554 930 567 949 ‚
602 909 763 957 urgens
788 891 966 939 effeetus
995 892 1204 955 intepuit:
1226 897 1427 942 tandem-

152 983 242 1031 que
275 966 372 1014 sero
401 967 631 1030 impofitus
661 965 767 1013 navi
787 981 867 1028 per
890 965 1026 1011 maria
1046 965 1301 1030 fluentaque
1322 970 1427 1032 Ty-

155 1039 294 1088 bridis
309 1040 434 1087 velut
450 1040 670 1102 paventis,
689 1056 762 1096 ne,
778 1039 901 1102 quod
916 1056 1042 1102 paene
1059 1040 1239 1103 ignotus
1256 1042 1429 1090 miserat

157 1113 314 1169 Nilus,
336 1112 425 1175 ipse
446 1130 599 1175 parum
621 1111 698 1158 sub
715 1125 882 1161 meatus
905 1114 968 1160 sui
989 1114 1242 1162 discrimine
1261 1117 1429 1164 moeni-

155 1187 238 1235 bus
258 1185 447 1233 alumnis
465 1185 648 1232 inferret
662 1222 675 1243 ‚
696 1185 892 1232 defertur
913 1187 959 1232 in
982 1187 1136 1234 vicum
1156 1188 1428 1248 Alexandri,

156 1247 292 1306 {ertio
330 1259 474 1322 lapide
505 1259 560 1305 ab
591 1259 700 1306 urbe
734 1258 975 1320 sejunctum
1001 1262 1155 1307 :unde
1184 1263 1429 1309 chamulcis

156 1331 390 1396 impolitus
409 1368 424 1390 ,
458 1331 704 1395 tractusque
739 1333 881 1380 lenius
901 1368 915 1390 ‚
945 1350 1024 1395 per
1044 1333 1287 1380 Ostiensem
1322 1353 1431 1397 por-

158 1418 251 1453 tam
265 1405 568 1468 piscinamque
589 1405 813 1466 publicam
838 1405 961 1453 circo
980 1405 1126 1452 illatus
1140 1408 1199 1453 est
1219 1408 1430 1456 maximo.

160 1478 268 1525 Sola
286 1478 385 1540 post
412 1479 509 1525 haec
529 1477 713 1525 restabat
737 1479 903 1525 ereffio
923 1515 936 1535 ,
963 1496 1063 1542 quae
1084 1480 1165 1525 vix
1184 1493 1257 1526 aut
1277 1498 1330 1527 ne
1351 1483 1432 1529 vix

162 1552 342 1616 quidem
367 1548 617 1613 sperabatur
640 1549 760 1612 poffe
783 1551 1020 1613 compleri:
1041 1551 1279 1615 ereffisque
1299 1553 1434 1616 usque

163 1625 412 1690 periculum
445 1624 541 1671 altis
566 1625 761 1671 trabibus
782 1660 793 1681 ‚
817 1638 865 1670 ut
892 1624 1197 1671 machinarum
1229 1643 1433 1674 cerneres

164 1717 348 1755 nemus,
370 1698 654 1745 innectuntur
686 1697 797 1745 vasti
818 1695 944 1745 funes
971 1700 1018 1746 &
1047 1698 1171 1761 longi
1201 1732 1213 1755 ,
1248 1700 1303 1744 ad
1335 1699 1433 1761 spe-

166 1772 281 1820 ciem
302 1770 617 1833 multiplicium
640 1770 846 1817 liciorum
880 1771 1045 1817 coelum
1069 1771 1275 1817 densitate
1297 1772 1434 1820 nimia

166 1833 474 1892 subiexentes:
501 1843 660 1905 quibus
692 1842 926 1906 colligatus
944 1858 1074 1888 mons
1101 1842 1190 1904 ipse
1220 1844 1434 1907 effigiatus

167 1916 438 1980 scriptilibus
470 1916 722 1973 elementis,
746 1915 1046 1978 paulatimque
1074 1915 1117 1960 id
1138 1933 1215 1977 per
1248 1919 1435 1965 arduum

167 1990 300 2037 inane
331 2002 596 2053 protentus,
627 1989 701 2035 diu
729 1988 903 2051 pensilis
925 2024 938 2045 ,
976 1988 1211 2035 hominum
1240 1990 1435 2039 millibus

168 2062 322 2111 multis
354 2074 563 2125 tanquam
601 2063 945 2110 molendinarias
979 2062 1226 2109 rotantibus
1263 2080 1401 2111 metas
1422 2101 1438 2124 ,

171 2152 310 2185 cavea
324 2136 500 2184 locatur
528 2137 574 2183 in
594 2136 738 2184 media
752 2172 766 2194 ,
787 2136 914 2200 eique
932 2136 1099 2198 sphaera
1123 2135 1438 2199 superponitur

173 2209 371 2268 ahenea,
393 2209 536 2258 aureis
568 2209 743 2256 laminis
763 2209 908 2256 nitens
935 2227 945 2255 :
979 2224 1065 2271 qua
1113 2208 1347 2256 confestim
1389 2209 1438 2260 vi

173 2281 289 2346 iguis
308 2281 454 2330 divini
479 2284 706 2342 conta&a‚
729 2282 920 2344 ideoque
947 2280 1112 2327 sublata
1131 2318 1147 2339 ,
1169 2281 1276 2329 facis
1296 2283 1441 2332 imita·-

175 2368 373 2404 mentum
400 2356 600 2421 infigitur
627 2374 818 2415 aereum‚
846 2356 1000 2403 itidem
1035 2373 1146 2402 auro
1176 2356 1439 2405 imbraciea-

163 2421 302 2484 tum,
334 2430 459 2477 velut
494 2431 735 2477 abundanti
758 2430 935 2477 flamma
961 2428 1215 2499 candentisr
1243 2431 1440 2477 Secutaee

175 2518 266 2569 que
297 2515 443 2550 aetates
479 2503 592 2551 alios
628 2504 946 2551 transtulerunt
975 2521 986 2552 :
1020 2520 1213 2568 quorum
1246 2520 1361 2552 unus
1392 2505 1441 2552 in

237 2579 456 2626 Ammian.
480 2580 716 2629 Marcellin.
745 2580 841 2630 Vol,
860 2578 898 2627 J,
1229 2578 1248 2621 1
