<?xml version="1.0" encoding="UTF-8"?>
<!DOCTYPE html PUBLIC "-//W3C//DTD XHTML 1.0 Transitional//EN"
    "http://www.w3.org/TR/xhtml1/DTD/xhtml1-transitional.dtd">
<html xmlns="http://www.w3.org/1999/xhtml" xml:lang="en" lang="en">
 <head>
  <title>
</title>
<meta http-equiv="Content-Type" content="text/html;charset=utf-8" />
  <meta name='ocr-system' content='tesseract 3.04.00' />
  <meta name='ocr-capabilities' content='ocr_page ocr_carea ocr_par ocr_line ocrx_word'/>
</head>
<body>
  <div class='ocr_page' id='page_1' title='image "./rerumgestarumqui00ammiuoft_0511.png"; bbox 0 0 1626 2917; ppageno 0'>
   <div class='ocr_carea' id='block_1_1' title="bbox 284 78 1388 163">
    <p class='ocr_par' dir='ltr' id='par_1_1' title="bbox 284 78 1388 163">
     <span class='ocr_line' id='line_1_1' title="bbox 284 78 1388 163; baseline 0.001 -17"><span class='ocrx_word' id='word_1_1' title='bbox 284 99 499 146; x_wconf 79' lang='lat' dir='ltr'>RERUM</span> <span class='ocrx_word' id='word_1_2' title='bbox 531 78 871 146; x_wconf 69' lang='lat' dir='ltr'>GESTARUM</span> <span class='ocrx_word' id='word_1_3' title='bbox 903 100 1005 146; x_wconf 75' lang='lat' dir='ltr'>Lm.</span> <span class='ocrx_word' id='word_1_4' title='bbox 1036 100 1205 147; x_wconf 83' lang='lat' dir='ltr'>XXVI.</span> <span class='ocrx_word' id='word_1_5' title='bbox 1326 116 1388 163; x_wconf 70' lang='lat'>79</span> 
     </span>
    </p>
   </div>
   <div class='ocr_carea' id='block_1_2' title="bbox 106 202 1425 2383">
    <p class='ocr_par' dir='ltr' id='par_1_2' title="bbox 106 202 1425 2383">
     <span class='ocr_line' id='line_1_2' title="bbox 109 202 1389 267; baseline 0.001 -15"><span class='ocrx_word' id='word_1_6' title='bbox 109 204 458 253; x_wconf 55' lang='lat' dir='ltr'>Verumxardens</span> <span class='ocrx_word' id='word_1_7' title='bbox 483 205 539 251; x_wconf 85' lang='lat' dir='ltr'>ad</span> <span class='ocrx_word' id='word_1_8' title='bbox 570 204 844 251; x_wconf 83' lang='lat' dir='ltr'>redeundum</span> <span class='ocrx_word' id='word_1_9' title='bbox 868 202 963 264; x_wconf 79' lang='lat' dir='ltr'>ejus</span> <span class='ocrx_word' id='word_1_10' title='bbox 987 202 1176 267; x_wconf 78' lang='lat' dir='ltr'>imp‘etus</span> <span class='ocrx_word' id='word_1_11' title='bbox 1207 204 1389 253; x_wconf 58' lang='lat' dir='ltr'>mollien-</span> 
     </span>
     <span class='ocr_line' id='line_1_3' title="bbox 108 269 1390 341; baseline 0.001 -16"><span class='ocrx_word' id='word_1_12' title='bbox 108 279 238 325; x_wconf 86' lang='lat' dir='ltr'>batur</span> <span class='ocrx_word' id='word_1_13' title='bbox 273 279 468 327; x_wconf 77' lang='lat' dir='ltr'>consiliis</span> <span class='ocrx_word' id='word_1_14' title='bbox 499 279 844 341; x_wconf 83' lang='lat' dir='ltr'>proximorum,</span> <span class='ocrx_word' id='word_1_15' title='bbox 865 269 1141 324; x_wconf 85' lang='lat' dir='ltr'>suadentium</span> <span class='ocrx_word' id='word_1_16' title='bbox 1174 281 1223 327; x_wconf 89' lang='lat'>&amp;</span> <span class='ocrx_word' id='word_1_17' title='bbox 1252 296 1390 326; x_wconf 87' lang='lat' dir='ltr'>oran-</span> 
     </span>
     <span class='ocr_line' id='line_1_4' title="bbox 108 351 1391 417; baseline 0.003 -19"><span class='ocrx_word' id='word_1_18' title='bbox 108 352 249 409; x_wconf 84' lang='lat' dir='ltr'>tium,</span> <span class='ocrx_word' id='word_1_19' title='bbox 278 369 334 400; x_wconf 91' lang='lat' dir='ltr'>ne</span> <span class='ocrx_word' id='word_1_20' title='bbox 363 351 641 400; x_wconf 83' lang='lat' dir='ltr'>interneciva</span> <span class='ocrx_word' id='word_1_21' title='bbox 668 351 940 398; x_wconf 70' lang='lat' dir='ltr'>minantibus</span> <span class='ocrx_word' id='word_1_22' title='bbox 967 352 1162 399; x_wconf 85' lang='lat' dir='ltr'>barbaris</span> <span class='ocrx_word' id='word_1_23' title='bbox 1191 370 1391 417; x_wconf 81' lang='lat' dir='ltr'>expone-</span> 
     </span>
     <span class='ocr_line' id='line_1_5' title="bbox 107 423 1390 487; baseline 0.003 -15"><span class='ocrx_word' id='word_1_24' title='bbox 107 437 174 472; x_wconf 88' lang='lat' dir='ltr'>ret</span> <span class='ocrx_word' id='word_1_25' title='bbox 206 425 403 484; x_wconf 84' lang='lat' dir='ltr'>Gallias,</span> <span class='ocrx_word' id='word_1_26' title='bbox 430 441 547 473; x_wconf 87' lang='lat' dir='ltr'>neve</span> <span class='ocrx_word' id='word_1_27' title='bbox 580 426 662 472; x_wconf 87' lang='lat' dir='ltr'>hac</span> <span class='ocrx_word' id='word_1_28' title='bbox 696 423 952 471; x_wconf 77' lang='lat' dir='ltr'>causatione</span> <span class='ocrx_word' id='word_1_29' title='bbox 977 425 1239 487; x_wconf 82' lang='lat' dir='ltr'>provincias</span> <span class='ocrx_word' id='word_1_30' title='bbox 1270 428 1390 476; x_wconf 90' lang='lat' dir='ltr'>dese-</span> 
     </span>
     <span class='ocr_line' id='line_1_6' title="bbox 106 496 1392 564; baseline 0.004 -19"><span class='ocrx_word' id='word_1_31' title='bbox 106 509 224 545; x_wconf 85' lang='lat' dir='ltr'>reret</span> <span class='ocrx_word' id='word_1_32' title='bbox 252 512 430 563; x_wconf 79' lang='lat' dir='ltr'>egentes</span> <span class='ocrx_word' id='word_1_33' title='bbox 451 496 733 545; x_wconf 80' lang='lat' dir='ltr'>adminiculis</span> <span class='ocrx_word' id='word_1_34' title='bbox 754 496 923 561; x_wconf 86' lang='lat' dir='ltr'>magnis</span> <span class='ocrx_word' id='word_1_35' title='bbox 943 515 953 543; x_wconf 90' lang='lat'>:</span> <span class='ocrx_word' id='word_1_36' title='bbox 988 497 1126 562; x_wconf 77' lang='lat' dir='ltr'>iisque</span> <span class='ocrx_word' id='word_1_37' title='bbox 1146 500 1392 564; x_wconf 80' lang='lat' dir='ltr'>legationes</span> 
     </span>
     <span class='ocr_line' id='line_1_7' title="bbox 107 567 1393 631; baseline 0.006 -17"><span class='ocrx_word' id='word_1_38' title='bbox 107 569 286 616; x_wconf 87' lang='lat' dir='ltr'>urbium</span> <span class='ocrx_word' id='word_1_39' title='bbox 318 570 534 617; x_wconf 65' lang='lat' dir='ltr'>accessere</span> <span class='ocrx_word' id='word_1_40' title='bbox 555 567 778 616; x_wconf 83' lang='lat' dir='ltr'>nobilium</span> <span class='ocrx_word' id='word_1_41' title='bbox 794 604 812 625; x_wconf 92' lang='lat'><em>,</em></span> <span class='ocrx_word' id='word_1_42' title='bbox 835 582 1093 631; x_wconf 85' lang='lat' dir='ltr'>precantes,</span> <span class='ocrx_word' id='word_1_43' title='bbox 1121 588 1176 618; x_wconf 91' lang='lat' dir='ltr'>ne</span> <span class='ocrx_word' id='word_1_44' title='bbox 1196 571 1239 618; x_wconf 91' lang='lat' dir='ltr'>in</span> <span class='ocrx_word' id='word_1_45' title='bbox 1262 574 1393 623; x_wconf 86' lang='lat' dir='ltr'>rebus</span> 
     </span>
     <span class='ocr_line' id='line_1_8' title="bbox 109 642 1392 707; baseline 0.005 -19"><span class='ocrx_word' id='word_1_46' title='bbox 109 642 230 689; x_wconf 89' lang='lat' dir='ltr'>duris</span> <span class='ocrx_word' id='word_1_47' title='bbox 270 643 320 691; x_wconf 74' lang='grc' dir='ltr'>δε</span> <span class='ocrx_word' id='word_1_48' title='bbox 362 642 507 690; x_wconf 88' lang='lat' dir='ltr'>dubiis</span> <span class='ocrx_word' id='word_1_49' title='bbox 553 642 921 706; x_wconf 82' lang='lat' dir='ltr'>impropugnatas</span> <span class='ocrx_word' id='word_1_50' title='bbox 962 659 1033 689; x_wconf 87' lang='lat' dir='ltr'>eas</span> <span class='ocrx_word' id='word_1_51' title='bbox 1079 643 1392 707; x_wconf 86' lang='lat' dir='ltr'>relinqueret,</span> 
     </span>
     <span class='ocr_line' id='line_1_9' title="bbox 108 717 1396 782; baseline 0.004 -18"><span class='ocrx_word' id='word_1_52' title='bbox 108 734 219 781; x_wconf 87' lang='lat' dir='ltr'>quas</span> <span class='ocrx_word' id='word_1_53' title='bbox 249 718 440 781; x_wconf 86' lang='lat' dir='ltr'>praesens</span> <span class='ocrx_word' id='word_1_54' title='bbox 480 718 651 782; x_wconf 89' lang='lat' dir='ltr'>eripere</span> <span class='ocrx_word' id='word_1_55' title='bbox 687 717 856 781; x_wconf 86' lang='lat' dir='ltr'>poterit</span> <span class='ocrx_word' id='word_1_56' title='bbox 886 717 1213 766; x_wconf 80' lang='lat' dir='ltr'>discriminibus</span> <span class='ocrx_word' id='word_1_57' title='bbox 1252 722 1396 769; x_wconf 79' lang='lat' dir='ltr'>maxi-</span> 
     </span>
     <span class='ocr_line' id='line_1_10' title="bbox 109 789 1394 849; baseline 0.003 -12"><span class='ocrx_word' id='word_1_58' title='bbox 109 790 222 849; x_wconf 87' lang='lat' dir='ltr'>mis,</span> <span class='ocrx_word' id='word_1_59' title='bbox 241 803 363 839; x_wconf 89' lang='lat' dir='ltr'>metu</span> <span class='ocrx_word' id='word_1_60' title='bbox 390 791 612 838; x_wconf 85' lang='lat' dir='ltr'>ambitiosi</span> <span class='ocrx_word' id='word_1_61' title='bbox 647 789 843 845; x_wconf 81' lang='lat' dir='ltr'>nominis</span> <span class='ocrx_word' id='word_1_62' title='bbox 865 790 928 837; x_wconf 89' lang='lat' dir='ltr'>sui</span> <span class='ocrx_word' id='word_1_63' title='bbox 946 791 1184 838; x_wconf 86' lang='lat' dir='ltr'>Germanis</span> <span class='ocrx_word' id='word_1_64' title='bbox 1203 791 1394 845; x_wconf 66' lang='lat' dir='ltr'>incuss&#39;o.</span> 
     </span>
     <span class='ocr_line' id='line_1_11' title="bbox 109 862 1396 928; baseline 0.002 -18"><span class='ocrx_word' id='word_1_65' title='bbox 109 863 314 910; x_wconf 83' lang='lat' dir='ltr'>Tandem</span> <span class='ocrx_word' id='word_1_66' title='bbox 337 863 528 926; x_wconf 87' lang='lat' dir='ltr'>denique</span> <span class='ocrx_word' id='word_1_67' title='bbox 562 862 754 908; x_wconf 84' lang='lat' dir='ltr'>utilitate</span> <span class='ocrx_word' id='word_1_68' title='bbox 782 862 845 908; x_wconf 87' lang='lat' dir='ltr'>rei</span> <span class='ocrx_word' id='word_1_69' title='bbox 877 863 1131 925; x_wconf 84' lang='lat' dir='ltr'>perpensius</span> <span class='ocrx_word' id='word_1_70' title='bbox 1159 867 1396 928; x_wconf 82' lang='lat' dir='ltr'>excogita-</span> 
     </span>
     <span class='ocr_line' id='line_1_12' title="bbox 110 934 1396 997; baseline 0.002 -16"><span class='ocrx_word' id='word_1_71' title='bbox 110 946 154 981; x_wconf 82' lang='lat' dir='ltr'>ta</span> <span class='ocrx_word' id='word_1_72' title='bbox 176 971 189 993; x_wconf 87' lang='lat'>‚</span> <span class='ocrx_word' id='word_1_73' title='bbox 220 935 266 981; x_wconf 92' lang='lat' dir='ltr'>in</span> <span class='ocrx_word' id='word_1_74' title='bbox 298 936 546 982; x_wconf 89' lang='lat' dir='ltr'>multorum</span> <span class='ocrx_word' id='word_1_75' title='bbox 579 934 814 981; x_wconf 88' lang='lat' dir='ltr'>sententias</span> <span class='ocrx_word' id='word_1_76' title='bbox 848 934 989 981; x_wconf 79' lang='lat' dir='ltr'>flexus</span> <span class='ocrx_word' id='word_1_77' title='bbox 1011 971 1023 992; x_wconf 87' lang='lat'>‚</span> <span class='ocrx_word' id='word_1_78' title='bbox 1052 936 1295 997; x_wconf 79' lang='lat' dir='ltr'>replicabat</span> <span class='ocrx_word' id='word_1_79' title='bbox 1316 939 1396 985; x_wconf 89' lang='lat' dir='ltr'>ali-</span> 
     </span>
     <span class='ocr_line' id='line_1_13' title="bbox 111 1006 1396 1070; baseline 0.003 -17"><span class='ocrx_word' id='word_1_80' title='bbox 111 1008 290 1070; x_wconf 86' lang='lat' dir='ltr'>quoties</span> <span class='ocrx_word' id='word_1_81' title='bbox 310 1044 326 1066; x_wconf 96' lang='lat'><strong><em>,</em></strong></span> <span class='ocrx_word' id='word_1_82' title='bbox 354 1007 528 1054; x_wconf 83' lang='lat' dir='ltr'>hostem</span> <span class='ocrx_word' id='word_1_83' title='bbox 559 1006 683 1053; x_wconf 86' lang='lat' dir='ltr'>suum</span> <span class='ocrx_word' id='word_1_84' title='bbox 720 1006 952 1070; x_wconf 80' lang='lat' dir='ltr'>fratrisque</span> <span class='ocrx_word' id='word_1_85' title='bbox 990 1006 1126 1054; x_wconf 89' lang='lat' dir='ltr'>solius</span> <span class='ocrx_word' id='word_1_86' title='bbox 1161 1009 1245 1055; x_wconf 82' lang='lat' dir='ltr'>effe</span> <span class='ocrx_word' id='word_1_87' title='bbox 1279 1011 1396 1058; x_wconf 89' lang='lat' dir='ltr'>Pro-</span> 
     </span>
     <span class='ocr_line' id='line_1_14' title="bbox 112 1078 1397 1142; baseline 0.004 -16"><span class='ocrx_word' id='word_1_88' title='bbox 112 1079 334 1142; x_wconf 89' lang='lat' dir='ltr'>copium;</span> <span class='ocrx_word' id='word_1_89' title='bbox 367 1079 644 1126; x_wconf 77' lang='lat' dir='ltr'>Alamannos</span> <span class='ocrx_word' id='word_1_90' title='bbox 679 1094 794 1126; x_wconf 90' lang='lat' dir='ltr'>vero</span> <span class='ocrx_word' id='word_1_91' title='bbox 831 1078 973 1126; x_wconf 85' lang='lat' dir='ltr'>totius</span> <span class='ocrx_word' id='word_1_92' title='bbox 1006 1079 1130 1125; x_wconf 89' lang='lat' dir='ltr'>orbis</span> <span class='ocrx_word' id='word_1_93' title='bbox 1167 1081 1397 1132; x_wconf 87' lang='lat' dir='ltr'>Romani:</span> 
     </span>
     <span class='ocr_line' id='line_1_15' title="bbox 112 1150 1399 1216; baseline 0.003 -17"><span class='ocrx_word' id='word_1_94' title='bbox 112 1152 352 1216; x_wconf 83' lang='lat' dir='ltr'>statuitque</span> <span class='ocrx_word' id='word_1_95' title='bbox 383 1151 598 1216; x_wconf 84' lang='lat' dir='ltr'>nusquam</span> <span class='ocrx_word' id='word_1_96' title='bbox 626 1150 804 1197; x_wconf 79' lang='lat' dir='ltr'>interim</span> <span class='ocrx_word' id='word_1_97' title='bbox 837 1165 963 1197; x_wconf 83' lang='lat' dir='ltr'>extra</span> <span class='ocrx_word' id='word_1_98' title='bbox 997 1151 1197 1199; x_wconf 83' lang='lat' dir='ltr'>confinia</span> <span class='ocrx_word' id='word_1_99' title='bbox 1217 1150 1399 1207; x_wconf 85' lang='lat' dir='ltr'>moveri</span> 
     </span>
     <span class='ocr_line' id='line_1_16' title="bbox 113 1224 1398 1289; baseline 0.004 -17"><span class='ocrx_word' id='word_1_100' title='bbox 113 1225 366 1273; x_wconf 85' lang='lat' dir='ltr'>Gallorum.</span> <span class='ocrx_word' id='word_1_101' title='bbox 398 1228 453 1272; x_wconf 83' lang='lat' dir='ltr'>Et</span> <span class='ocrx_word' id='word_1_102' title='bbox 480 1224 674 1289; x_wconf 87' lang='lat' dir='ltr'>adusque</span> <span class='ocrx_word' id='word_1_103' title='bbox 694 1225 876 1271; x_wconf 18' lang='lat' dir='ltr'>*Remos</span> <span class='ocrx_word' id='word_1_104' title='bbox 904 1225 1157 1288; x_wconf 75' lang='lat' dir='ltr'>progressus</span> <span class='ocrx_word' id='word_1_105' title='bbox 1179 1262 1193 1284; x_wconf 87' lang='lat'>‚</span> <span class='ocrx_word' id='word_1_106' title='bbox 1228 1228 1398 1277; x_wconf 88' lang='lat' dir='ltr'>sollici-</span> 
     </span>
     <span class='ocr_line' id='line_1_17' title="bbox 114 1297 1398 1363; baseline 0.004 -18"><span class='ocrx_word' id='word_1_107' title='bbox 114 1298 272 1363; x_wconf 88' lang='lat' dir='ltr'>tusque</span> <span class='ocrx_word' id='word_1_108' title='bbox 304 1299 432 1362; x_wconf 88' lang='lat' dir='ltr'>super</span> <span class='ocrx_word' id='word_1_109' title='bbox 466 1297 653 1356; x_wconf 87' lang='lat' dir='ltr'>Africa,</span> <span class='ocrx_word' id='word_1_110' title='bbox 688 1313 744 1344; x_wconf 89' lang='lat' dir='ltr'>ne</span> <span class='ocrx_word' id='word_1_111' title='bbox 779 1309 961 1360; x_wconf 85' lang='lat' dir='ltr'>repente</span> <span class='ocrx_word' id='word_1_112' title='bbox 999 1314 1362 1363; x_wconf 84' lang='lat' dir='ltr'>perrumperetur</span> <span class='ocrx_word' id='word_1_113' title='bbox 1383 1341 1398 1363; x_wconf 91' lang='lat'>,</span> 
     </span>
     <span class='ocr_line' id='line_1_18' title="bbox 106 1368 1399 1435; baseline 0.002 -16"><span class='ocrx_word' id='word_1_114' title='bbox 106 1371 412 1419; x_wconf 86' lang='lat' dir='ltr'>Neotherium</span> <span class='ocrx_word' id='word_1_115' title='bbox 449 1371 603 1435; x_wconf 86' lang='lat' dir='ltr'>postea</span> <span class='ocrx_word' id='word_1_116' title='bbox 633 1368 862 1417; x_wconf 88' lang='lat' dir='ltr'>consulem</span> <span class='ocrx_word' id='word_1_117' title='bbox 880 1405 892 1428; x_wconf 92' lang='lat'>,</span> <span class='ocrx_word' id='word_1_118' title='bbox 921 1382 1029 1417; x_wconf 89' lang='lat' dir='ltr'>tunc</span> <span class='ocrx_word' id='word_1_119' title='bbox 1056 1374 1281 1421; x_wconf 85' lang='lat' dir='ltr'>notarium</span> <span class='ocrx_word' id='word_1_120' title='bbox 1302 1413 1316 1433; x_wconf 89' lang='lat'><strong><em>,</em></strong></span> <span class='ocrx_word' id='word_1_121' title='bbox 1344 1380 1399 1425; x_wconf 80' lang='lat' dir='ltr'>ad</span> 
     </span>
     <span class='ocr_line' id='line_1_19' title="bbox 117 1440 1399 1504; baseline 0.004 -13"><span class='ocrx_word' id='word_1_122' title='bbox 117 1445 302 1491; x_wconf 89' lang='lat' dir='ltr'>eandem</span> <span class='ocrx_word' id='word_1_123' title='bbox 347 1443 558 1489; x_wconf 87' lang='lat' dir='ltr'>tuendam</span> <span class='ocrx_word' id='word_1_124' title='bbox 598 1441 665 1487; x_wconf 90' lang='lat' dir='ltr'>ire</span> <span class='ocrx_word' id='word_1_125' title='bbox 693 1440 943 1504; x_wconf 75' lang='lat' dir='ltr'>disposuit,</span> <span class='ocrx_word' id='word_1_126' title='bbox 982 1444 1032 1489; x_wconf 86' lang='lat'>&amp;</span> <span class='ocrx_word' id='word_1_127' title='bbox 1064 1443 1399 1496; x_wconf 73' lang='lat' dir='ltr'>Masaucionem</span> 
     </span>
     <span class='ocr_line' id='line_1_20' title="bbox 117 1514 1425 1584; baseline 0.004 -21"><span class='ocrx_word' id='word_1_128' title='bbox 117 1515 409 1563; x_wconf 83' lang='lat' dir='ltr'>domesticum</span> <span class='ocrx_word' id='word_1_129' title='bbox 435 1514 735 1578; x_wconf 64' lang='lat' dir='ltr'>preteetorem</span> <span class='ocrx_word' id='word_1_130' title='bbox 770 1531 820 1562; x_wconf 85' lang='lat' dir='ltr'>ea</span> <span class='ocrx_word' id='word_1_131' title='bbox 855 1514 1210 1564; x_wconf 80' lang='lat' dir='ltr'>consideratione</span> <span class='ocrx_word' id='word_1_132' title='bbox 1232 1555 1245 1577; x_wconf 83' lang='grc'>,</span> <span class='ocrx_word' id='word_1_133' title='bbox 1276 1524 1425 1584; x_wconf 35' lang='lat' dir='ltr'>quod-</span> 
     </span>
     <span class='ocr_line' id='line_1_21' title="bbox 117 1588 1401 1656; baseline 0.005 -20"><span class='ocrx_word' id='word_1_134' title='bbox 117 1591 194 1637; x_wconf 90' lang='lat' dir='ltr'>diu</span> <span class='ocrx_word' id='word_1_135' title='bbox 228 1590 308 1637; x_wconf 88' lang='lat' dir='ltr'>sub</span> <span class='ocrx_word' id='word_1_136' title='bbox 334 1602 457 1654; x_wconf 89' lang='lat' dir='ltr'>patre</span> <span class='ocrx_word' id='word_1_137' title='bbox 476 1590 693 1636; x_wconf 83' lang='lat' dir='ltr'>Cretione</span> <span class='ocrx_word' id='word_1_138' title='bbox 717 1588 948 1652; x_wconf 87' lang='lat' dir='ltr'>quondam</span> <span class='ocrx_word' id='word_1_139' title='bbox 972 1590 1138 1637; x_wconf 85' lang='lat' dir='ltr'>comite</span> <span class='ocrx_word' id='word_1_140' title='bbox 1156 1593 1367 1642; x_wconf 83' lang='lat' dir='ltr'>educatus</span> <span class='ocrx_word' id='word_1_141' title='bbox 1386 1633 1401 1656; x_wconf 88' lang='lat'>‚</span> 
     </span>
     <span class='ocr_line' id='line_1_22' title="bbox 119 1660 1401 1730; baseline 0.005 -20"><span class='ocrx_word' id='word_1_142' title='bbox 119 1663 309 1726; x_wconf 58' lang='lat' dir='ltr'>suspefila</span> <span class='ocrx_word' id='word_1_143' title='bbox 336 1673 531 1710; x_wconf 84' lang='lat' dir='ltr'>noverat</span> <span class='ocrx_word' id='word_1_144' title='bbox 566 1660 867 1725; x_wconf 76' lang='lat' dir='ltr'>loca3hisque</span> <span class='ocrx_word' id='word_1_145' title='bbox 899 1664 947 1710; x_wconf 85' lang='lat'>&amp;</span> <span class='ocrx_word' id='word_1_146' title='bbox 980 1663 1213 1712; x_wconf 82' lang='lat' dir='ltr'>scutarium</span> <span class='ocrx_word' id='word_1_147' title='bbox 1239 1668 1401 1730; x_wconf 82' lang='lat' dir='ltr'>adjun-</span> 
     </span>
     <span class='ocr_line' id='line_1_23' title="bbox 120 1734 1402 1798; baseline 0.006 -16"><span class='ocrx_word' id='word_1_148' title='bbox 120 1736 187 1782; x_wconf 79' lang='lat' dir='ltr'>xit</span> <span class='ocrx_word' id='word_1_149' title='bbox 213 1735 517 1794; x_wconf 75' lang='lat' dir='ltr'>Gaudentium</span> <span class='ocrx_word' id='word_1_150' title='bbox 541 1772 554 1793; x_wconf 92' lang='lat'><strong><em>,</em></strong></span> <span class='ocrx_word' id='word_1_151' title='bbox 589 1735 700 1782; x_wconf 86' lang='lat' dir='ltr'>olim</span> <span class='ocrx_word' id='word_1_152' title='bbox 745 1734 823 1780; x_wconf 88' lang='lat' dir='ltr'>fibi</span> <span class='ocrx_word' id='word_1_153' title='bbox 858 1735 1088 1798; x_wconf 83' lang='lat' dir='ltr'>cognitum</span> <span class='ocrx_word' id='word_1_154' title='bbox 1124 1739 1173 1784; x_wconf 85' lang='lat'>&amp;</span> <span class='ocrx_word' id='word_1_155' title='bbox 1210 1738 1402 1795; x_wconf 85' lang='lat' dir='ltr'>fidelem.</span> 
     </span>
     <span class='ocr_line' id='line_1_24' title="bbox 120 1806 1401 1874; baseline 0.005 -20"><span class='ocrx_word' id='word_1_156' title='bbox 120 1807 240 1869; x_wconf 82' lang='lat' dir='ltr'>Quia</span> <span class='ocrx_word' id='word_1_157' title='bbox 269 1806 406 1871; x_wconf 83' lang='lat' dir='ltr'>igitur</span> <span class='ocrx_word' id='word_1_158' title='bbox 423 1824 516 1854; x_wconf 90' lang='lat' dir='ltr'>uno</span> <span class='ocrx_word' id='word_1_159' title='bbox 538 1807 787 1870; x_wconf 83' lang='lat' dir='ltr'>eodemque</span> <span class='ocrx_word' id='word_1_160' title='bbox 812 1820 1016 1871; x_wconf 85' lang='lat' dir='ltr'>tempore</span> <span class='ocrx_word' id='word_1_161' title='bbox 1042 1810 1284 1874; x_wconf 86' lang='lat' dir='ltr'>utrobique</span> <span class='ocrx_word' id='word_1_162' title='bbox 1304 1827 1401 1861; x_wconf 87' lang='lat' dir='ltr'>tur-</span> 
     </span>
     <span class='ocr_line' id='line_1_25' title="bbox 122 1878 1400 1950; baseline 0.005 -22"><span class='ocrx_word' id='word_1_163' title='bbox 122 1881 249 1928; x_wconf 86' lang='lat' dir='ltr'>bines</span> <span class='ocrx_word' id='word_1_164' title='bbox 270 1880 467 1928; x_wconf 86' lang='lat' dir='ltr'>exarsere</span> <span class='ocrx_word' id='word_1_165' title='bbox 486 1878 772 1936; x_wconf 77' lang='lat' dir='ltr'>moestissimi,</span> <span class='ocrx_word' id='word_1_166' title='bbox 799 1881 1073 1942; x_wconf 83' lang='lat' dir='ltr'>competenti</span> <span class='ocrx_word' id='word_1_167' title='bbox 1097 1881 1203 1931; x_wconf 91' lang='lat' dir='ltr'>loco</span> <span class='ocrx_word' id='word_1_168' title='bbox 1230 1885 1400 1950; x_wconf 79' lang='lat' dir='ltr'>singula</span> 
     </span>
     <span class='ocr_line' id='line_1_26' title="bbox 123 1952 1401 2018; baseline 0.002 -19"><span class='ocrx_word' id='word_1_169' title='bbox 123 1954 394 2018; x_wconf 83' lang='lat' dir='ltr'>digeremus,</span> <span class='ocrx_word' id='word_1_170' title='bbox 413 1972 533 2001; x_wconf 89' lang='lat' dir='ltr'>nunc</span> <span class='ocrx_word' id='word_1_171' title='bbox 552 1966 720 2017; x_wconf 84' lang='lat' dir='ltr'>partem</span> <span class='ocrx_word' id='word_1_172' title='bbox 742 1952 787 1999; x_wconf 86' lang='lat' dir='ltr'>in</span> <span class='ocrx_word' id='word_1_173' title='bbox 808 1953 996 1999; x_wconf 83' lang='lat' dir='ltr'>Oriente</span> <span class='ocrx_word' id='word_1_174' title='bbox 1016 1953 1237 2017; x_wconf 85' lang='lat' dir='ltr'>gestorum</span> <span class='ocrx_word' id='word_1_175' title='bbox 1253 1996 1266 2018; x_wconf 91' lang='lat'><em>‚</em></span> <span class='ocrx_word' id='word_1_176' title='bbox 1279 1962 1401 2008; x_wconf 89' lang='lat' dir='ltr'>dein.</span> 
     </span>
     <span class='ocr_line' id='line_1_27' title="bbox 124 2022 1402 2094; baseline 0.006 -23"><span class='ocrx_word' id='word_1_177' title='bbox 124 2025 179 2072; x_wconf 87' lang='lat' dir='ltr'>de</span> <span class='ocrx_word' id='word_1_178' title='bbox 209 2022 322 2072; x_wconf 89' lang='lat' dir='ltr'>bella</span> <span class='ocrx_word' id='word_1_179' title='bbox 346 2025 573 2073; x_wconf 86' lang='lat' dir='ltr'>barbarica</span> <span class='ocrx_word' id='word_1_180' title='bbox 601 2024 850 2080; x_wconf 84' lang='lat' dir='ltr'>narraturi3</span> <span class='ocrx_word' id='word_1_181' title='bbox 876 2027 1093 2089; x_wconf 82' lang='lat' dir='ltr'>quoniam</span> <span class='ocrx_word' id='word_1_182' title='bbox 1123 2028 1331 2094; x_wconf 85' lang='lat' dir='ltr'>pleraque</span> <span class='ocrx_word' id='word_1_183' title='bbox 1352 2036 1402 2083; x_wconf 73' lang='grc' dir='ltr'>δε</span> 
     </span>
     <span class='ocr_line' id='line_1_28' title="bbox 125 2099 1402 2154; baseline 0.007 -9"><span class='ocrx_word' id='word_1_184' title='bbox 125 2100 174 2145; x_wconf 85' lang='lat' dir='ltr'>in</span> <span class='ocrx_word' id='word_1_185' title='bbox 203 2100 468 2146; x_wconf 86' lang='lat' dir='ltr'>occidentali</span> <span class='ocrx_word' id='word_1_186' title='bbox 492 2100 603 2147; x_wconf 86' lang='lat' dir='ltr'>&amp;in</span> <span class='ocrx_word' id='word_1_187' title='bbox 624 2102 726 2145; x_wconf 83' lang='lat' dir='ltr'>Eoo</span> <span class='ocrx_word' id='word_1_188' title='bbox 751 2099 862 2145; x_wconf 87' lang='lat' dir='ltr'>orbe</span> <span class='ocrx_word' id='word_1_189' title='bbox 883 2099 1033 2146; x_wconf 87' lang='lat' dir='ltr'>iisdem</span> <span class='ocrx_word' id='word_1_190' title='bbox 1061 2102 1279 2151; x_wconf 83' lang='lat' dir='ltr'>mensibus</span> <span class='ocrx_word' id='word_1_191' title='bbox 1303 2106 1402 2154; x_wconf 89' lang='lat' dir='ltr'>sunt</span> 
     </span>
     <span class='ocr_line' id='line_1_29' title="bbox 127 2171 1400 2232; baseline 0.005 -14"><span class='ocrx_word' id='word_1_192' title='bbox 127 2172 318 2221; x_wconf 84' lang='lat' dir='ltr'>excitata</span> <span class='ocrx_word' id='word_1_193' title='bbox 337 2191 348 2221; x_wconf 93' lang='lat'><strong>:</strong></span> <span class='ocrx_word' id='word_1_194' title='bbox 368 2191 451 2232; x_wconf 88' lang='lat' dir='ltr'>ne,</span> <span class='ocrx_word' id='word_1_195' title='bbox 470 2173 574 2220; x_wconf 91' lang='lat' dir='ltr'>dum</span> <span class='ocrx_word' id='word_1_196' title='bbox 595 2189 650 2219; x_wconf 83' lang='lat' dir='ltr'>ex</span> <span class='ocrx_word' id='word_1_197' title='bbox 670 2172 778 2218; x_wconf 91' lang='lat' dir='ltr'>loco</span> <span class='ocrx_word' id='word_1_198' title='bbox 800 2171 986 2218; x_wconf 87' lang='lat' dir='ltr'>subinde</span> <span class='ocrx_word' id='word_1_199' title='bbox 1009 2173 1227 2222; x_wconf 86' lang='lat' dir='ltr'>saltuatim</span> <span class='ocrx_word' id='word_1_200' title='bbox 1257 2179 1400 2225; x_wconf 84' lang='lat' dir='ltr'>redire</span> 
     </span>
     <span class='ocr_line' id='line_1_30' title="bbox 128 2243 1401 2315; baseline 0.005 -25"><span class='ocrx_word' id='word_1_201' title='bbox 128 2243 381 2292; x_wconf 85' lang='lat' dir='ltr'>festinamus</span> <span class='ocrx_word' id='word_1_202' title='bbox 418 2245 464 2292; x_wconf 90' lang='lat' dir='ltr'>in</span> <span class='ocrx_word' id='word_1_203' title='bbox 486 2245 640 2292; x_wconf 89' lang='lat' dir='ltr'>locum</span> <span class='ocrx_word' id='word_1_204' title='bbox 658 2280 671 2300; x_wconf 92' lang='lat'><em>‚</em></span> <span class='ocrx_word' id='word_1_205' title='bbox 700 2244 853 2290; x_wconf 89' lang='lat' dir='ltr'>omnia</span> <span class='ocrx_word' id='word_1_206' title='bbox 873 2244 1225 2315; x_wconf 73' lang='lat' dir='ltr'>confundentes,</span> <span class='ocrx_word' id='word_1_207' title='bbox 1243 2249 1401 2313; x_wconf 86' lang='lat' dir='ltr'>squali-</span> 
     </span>
     <span class='ocr_line' id='line_1_31' title="bbox 129 2319 1196 2383; baseline 0.004 -18"><span class='ocrx_word' id='word_1_208' title='bbox 129 2319 263 2366; x_wconf 85' lang='lat' dir='ltr'>ditate</span> <span class='ocrx_word' id='word_1_209' title='bbox 296 2319 488 2366; x_wconf 83' lang='lat' dir='ltr'>maxima</span> <span class='ocrx_word' id='word_1_210' title='bbox 513 2337 662 2367; x_wconf 87' lang='lat' dir='ltr'>rerum</span> <span class='ocrx_word' id='word_1_211' title='bbox 693 2319 873 2365; x_wconf 84' lang='lat' dir='ltr'>ordines</span> <span class='ocrx_word' id='word_1_212' title='bbox 904 2319 1196 2383; x_wconf 81' lang='lat' dir='ltr'>implicemuS.</span> 
     </span>
    </p>
   </div>
   <div class='ocr_carea' id='block_1_3' title="bbox 196 2393 1403 2458">
    <p class='ocr_par' dir='ltr' id='par_1_3' title="bbox 196 2393 1403 2458">
     <span class='ocr_line' id='line_1_32' title="bbox 196 2393 1403 2458; baseline 0.004 -18"><span class='ocrx_word' id='word_1_213' title='bbox 196 2394 271 2440; x_wconf 92' lang='lat' dir='ltr'>VI.</span> <span class='ocrx_word' id='word_1_214' title='bbox 307 2393 467 2457; x_wconf 82' lang='lat' dir='ltr'>Insigni</span> <span class='ocrx_word' id='word_1_215' title='bbox 497 2410 655 2458; x_wconf 85' lang='lat' dir='ltr'>genere</span> <span class='ocrx_word' id='word_1_216' title='bbox 681 2393 934 2457; x_wconf 82' lang='lat' dir='ltr'>Procopius</span> <span class='ocrx_word' id='word_1_217' title='bbox 956 2395 1002 2441; x_wconf 90' lang='lat' dir='ltr'>in</span> <span class='ocrx_word' id='word_1_218' title='bbox 1027 2396 1184 2444; x_wconf 88' lang='lat' dir='ltr'>Cilicia</span> <span class='ocrx_word' id='word_1_219' title='bbox 1207 2408 1331 2444; x_wconf 81' lang='lat' dir='ltr'>natus</span> <span class='ocrx_word' id='word_1_220' title='bbox 1353 2398 1403 2445; x_wconf 86' lang='lat'>&amp;</span> 
     </span>
    </p>
   </div>
  </div>
 </body>
</html>
