1626 2917
778 91 784 119 l

318 235 538 282 RERUM
572 228 909 283 GESPARUM
946 236 1047 281 LlB.
1081 236 1210 283 XXI.
1311 254 1400 299 255

129 340 301 402 spefito,
320 339 605 403 Imperatoris
632 341 888 386 recordatus
919 340 978 386 est
1002 341 1137 386 verba
1154 375 1168 398 ,
1189 339 1405 387 causatus-

130 429 218 475 que
238 430 328 459 rem
355 413 503 459 seriam
524 415 572 460 &
590 425 819 476 urgentem
835 449 847 470 ,
867 413 920 459 ad
938 412 1231 460 diversorium
1251 413 1405 459 rediit:

130 483 390 547 scriptisque
410 485 529 532 lestis
555 486 735 542 dofitus,
757 485 865 549 quid
883 485 955 549 agi
974 486 1270 543 conveniret,
1293 502 1407 533 con-

127 558 274 606 festim
306 560 508 606 reversus
543 560 762 606 discubuit
794 561 910 607 inter
946 574 1132 608 ceteros.
1166 561 1405 624 Finitisque

127 632 272 693 epulis
287 668 301 690 ,
325 632 647 678 Vadomarium
672 631 850 679 fortiter
874 634 1223 696 apprehensum,
1241 634 1405 681 rectori

127 704 321 751 militum
353 706 467 752 εἴθε
498 706 831 753 custodiendum
862 706 979 769 apud
1009 706 1125 770 sigua
1156 708 1404 766 commisit,

126 787 253 822 textu
281 777 397 824 lecto
424 777 666 840 jussorum,
695 779 934 826 comitibus
966 779 1062 842 ejus
1085 781 1140 828 ad
1169 780 1241 828 sua
1261 781 1406 829 redire

126 852 400 914 compulsis,
433 853 561 915 super
595 853 758 915 quibus
794 853 905 899 nihil
948 853 1091 901 fuerat
1124 854 1406 918 imperatum.

126 924 363 973 Exhibitus
386 938 533 973 tamen
553 927 667 972 idem
694 943 772 972 rex
795 928 848 972 ad
876 928 1091 990 Principis
1112 929 1246 975 castra
1261 964 1274 988 ,
1294 929 1406 991 jam-

126 1011 215 1058 que
250 996 323 1060 spe
356 998 502 1045 veniae
540 997 667 1044 omni
697 997 933 1058 praeclusa,
971 1016 1073 1046 cum
1108 1000 1404 1064 interceptum

126 1069 351 1116 notarium
367 1105 380 1128 ‚
402 1071 453 1117 &
480 1087 578 1132 quae
608 1068 835 1131 scripserat
855 1069 909 1115 ad
932 1071 1244 1118 Constantium
1274 1088 1405 1118 com-

123 1140 298 1201 perisset
327 1141 412 1201 jam
441 1140 695 1204 publicata,
723 1157 777 1187 ne
807 1142 1029 1190 convicio
1061 1143 1242 1207 quidem
1274 1157 1405 1191 tenus

93 1277 95 1279 ¹
125 1213 439 1274 compellatus,
468 1213 618 1259 missus
640 1212 700 1259 est
722 1214 778 1259 ad
803 1214 1050 1277 Hispanias.
1086 1217 1134 1262 Id
1162 1217 1282 1264 enim
1310 1217 1403 1265 stu-

124 1286 203 1332 dio
224 1288 461 1334 curabatur
480 1287 673 1350 ingenti,
692 1304 771 1345 ne,
791 1289 968 1336 Juliano
988 1290 1235 1338 discedente
1253 1310 1275 1338 a
1297 1294 1403 1340 Gal-

122 1358 196 1405 liis
211 1394 223 1414 ,
246 1358 577 1406 immanissimus
596 1360 736 1406 homo
758 1361 1094 1423 provinciarum
1114 1363 1269 1410 statum
1289 1383 1404 1428 aegre

124 1432 424 1492 compositum
441 1432 646 1479 licentius
667 1433 972 1479 conturbaret.
1006 1435 1109 1481 Hoc
1128 1435 1226 1482 casu
1245 1437 1403 1484 elatior

125 1500 347 1560 Julianus,
382 1503 496 1566 regis
533 1504 752 1566 opinione
787 1504 918 1551 citius
956 1505 1223 1569 intercepti,
1265 1525 1400 1572 quem

122 1572 406 1638 Profecturus
435 1576 489 1622 ad
519 1576 766 1638 longinqua
792 1575 1085 1635 formidabat,
1115 1579 1229 1626 nihil
1246 1583 1403 1628 remit-

124 1648 320 1694 tentibus
341 1649 455 1696 curis
474 1649 682 1695 barbaros
704 1648 871 1694 adoriri
891 1649 1120 1711 disposuit,
1138 1668 1253 1714 quos
1272 1670 1402 1715 pere-

124 1720 249 1768 miss‘e
273 1721 542 1768 Libinonem
571 1721 782 1768 comitem
807 1721 854 1767 in
889 1721 1120 1784 congressu
1150 1740 1252 1771 cum
1281 1726 1402 1772 mili-

125 1793 253 1842 tibus·
273 1795 505 1842 docuimus
534 1796 698 1858 paucis.
736 1799 790 1842 Et
821 1813 876 1843 ne
904 1813 1058 1842 rumor
1086 1798 1303 1846 adventus
1335 1800 1400 1847 sui

88 1902 91 1905 -
124 1884 205 1914 eos
224 1869 276 1915 ad
293 1869 538 1917 remotiora
553 1870 829 1927 traduceret,
850 1870 1054 1933 superato
1075 1872 1236 1919 Rheno
1256 1875 1400 1921 noffis

0 1932 1 1940 ¹
60 1996 70 2001 „
124 1941 218 1988 alto
239 1941 412 1988 silentio
426 1978 439 2001 ,
459 1960 559 1989 cum
582 1942 852 1989 auxiliorum
873 1943 1201 2006 expeditiffimis
1220 1945 1367 2008 globis
1383 1983 1398 2006 ‚

124 2014 240 2061 nihil
264 2027 508 2062 metuentes
536 2015 788 2076 hujusmodi
810 2016 1137 2063 circumvenit:
1157 2018 1398 2066 excitatos·

124 2103 213 2149 que
240 2086 464 2134 hostilium
495 2088 672 2152 fragore
697 2105 924 2135 armorum
942 2124 955 2144 ‚
980 2089 1083 2136 dum
1109 2091 1280 2153 gladios
1307 2093 1397 2138 cir-

125 2159 424 2222 cumspectant
456 2163 502 2209 &
531 2162 645 2219 tela,
667 2161 866 2208 celeriter
886 2162 1146 2210 involavit:
1181 2165 1231 2211 &
1257 2166 1397 2229 quos-

125 2232 225 2277 dam
244 2233 437 2293 occidit,
463 2248 637 2280 orantes
661 2234 796 2291 alios,
818 2235 1100 2298 praedamque
1131 2237 1396 2297 offerentes,

125 2303 352 2351 dedititios
395 2306 542 2369 cepit:
574 2306 785 2368 reliquis,
812 2307 889 2369 qui
925 2307 1202 2366 remansere,
1239 2326 1394 2372 pacem

124 2379 405 2441 precantibus
430 2381 576 2434 dedit,
607 2380 800 2445 quietem
824 2381 1040 2443 pollicitis
1061 2380 1246 2429 firmam.

191 2453 247 2496 V.
281 2453 396 2511 Quae
425 2454 527 2501 dum
560 2455 784 2501 mentibus
817 2468 1008 2517 aguntur
1037 2456 1220 2514 ereffis,
1241 2455 1396 2516 conje-

124 2521 269 2581 stans,
295 2537 475 2586 quantas
511 2523 726 2572 intestinae
755 2524 892 2573 cladis
920 2525 1196 2578 excitaverat
1228 2528 1398 2586 moles,
