1626 2917
221 75 223 79 r
291 65 510 111 RERUM
544 35 879 113 GESTARUM
914 31 1018 115 ΠΒ.
1050 69 1200 117 XXV.
1317 73 1374 133 63

98 171 225 219 velut
249 172 421 220 offenso
456 173 670 232 nurnine,
701 175 838 222 multa
874 175 1133 223 visebantur
1167 179 1216 225 ὅ(
1250 177 1378 226 dira:

98 263 295 309 quorum
323 259 511 294 eventus
541 247 640 294 fore
663 246 880 296 luffificos
899 251 1020 313 gnari
1040 267 1187 297 rerum
1221 253 1382 314 prodi-

97 319 276 381 gialium
319 320 638 383 praecinebant.
682 323 799 367 Nam
839 324 888 370 &
932 322 1195 370 Maximiani
1241 324 1382 371 statua

100 389 283 437 Caesaris
299 427 311 450 ,
334 409 433 454 quae
455 393 602 439 locata
634 393 696 440 est
720 393 765 439 in
798 394 1023 441 vestibulo
1062 395 1194 459 regiae
1210 431 1222 454 ,
1241 397 1382 443 amifit

99 476 281 524 repente
300 463 514 526 sphaeram
536 482 708 523 aeream,
722 464 961 513 formatam
981 467 1025 513 in
1046 466 1234 530 speciem
1256 470 1382 531 poli,

98 550 232 598 quam
264 536 490 599 gestabat:
525 538 575 584 &
598 553 700 583 cum
734 538 965 586 horrendo
999 539 1185 586 stridore
1215 539 1382 587 sonuem

97 622 205 654 runt
236 608 283 655 in
316 609 587 656 confistorio
622 609 799 657 trabes:
835 612 884 658 &
920 611 1014 658 visa
1051 612 1151 659 sunt
1185 611 1381 660 interdiu

97 680 236 727 fidera
271 676 546 729 ⁸cometarum
567 718 581 739 ‚
615 682 743 745 super
777 699 972 746 quorum
1007 698 1159 732 natura
1192 687 1381 733 ratioci-

98 766 255 798 nantes
273 752 447 816 physici
481 753 669 801 variant.
701 753 897 814 Quidam
927 755 1044 801 enim
1075 772 1154 802 eos
1181 757 1270 803 hoc
1292 775 1381 803 no-

98 826 219 872 mine
259 826 361 873 ideo
390 826 643 874 existimant
677 828 914 890 appellari,
935 830 1060 892 quod
1091 843 1238 877 tortos
1259 831 1382 893 ignes

99 899 340 963 spargunt,
371 912 419 960 ut
449 900 592 946 crines
612 936 625 957 ,
649 901 694 946 in
732 918 870 946 unum
895 901 1025 947 stellis
1057 902 1382 965 multiplicibus

101 973 397 1036 congregatis.
424 973 514 1019 Alii
541 988 618 1019 eos
648 972 920 1019 arbitrantur
949 990 1004 1019 ex
1032 973 1173 1020 halitu
1194 975 1381 1023 sicciore

98 1058 314 1093 terrarum
345 1045 567 1109 ignescere
585 1083 599 1105 ,
627 1047 838 1109 paulatim
860 1047 904 1093 in
926 1047 1182 1094 sublimiora
1200 1048 1382 1113 surgen-

98 1131 155 1164 te.
183 1118 379 1178 Quidam
408 1133 635 1166 currentes
666 1120 814 1167 radios
845 1119 947 1167 solis
970 1156 983 1178 ‚
1019 1121 1224 1167 densiore
1261 1124 1382 1170 nube

96 1191 268 1253 objeEta
297 1191 465 1256 digredi
502 1194 556 1239 ad
587 1192 802 1239 inferiora
837 1193 1124 1255 prohibitos,
1144 1194 1382 1255 splendore

97 1264 247 1312 infuso
273 1266 472 1327 ‘corpori
517 1266 657 1313 craffo
678 1300 692 1324 ,
723 1265 869 1311 lucem
902 1266 1027 1312 velut
1064 1266 1197 1312 stellis
1229 1267 1382 1312 distin-

98 1339 211 1385 &am
239 1338 420 1384 mortali
454 1339 696 1399 conspeE'ru
726 1338 987 1384 monstrare.
1023 1338 1144 1384 Sedit
1175 1355 1382 1401 quorun-

98 1410 199 1455 dam
232 1408 475 1472 opinioni,
496 1410 611 1455 hanc
642 1408 831 1471 speciem
870 1421 976 1455 tunc
1007 1426 1215 1472 apparere
1234 1446 1248 1469 ,
1278 1429 1381 1459 cum

98 1482 241 1528 erecta
271 1481 408 1527 solito
443 1481 599 1528 celsius
631 1481 772 1527 nubes
798 1492 1068 1528 aeternorum
1100 1481 1270 1545 ignium
1304 1485 1380 1530 vi-

100 1555 284 1602 cinitate
304 1555 528 1601 colluceat
547 1572 557 1600 :
579 1555 653 1601 vel
671 1566 789 1601 certe
810 1554 950 1601 stellas
973 1555 1056 1601 effe
1075 1555 1281 1619 quasdam
1305 1575 1381 1604 ce-

101 1629 208 1676 teris
240 1628 400 1676 fimiles
415 1663 428 1685 ,
456 1646 649 1692 quarum
678 1643 806 1676 ortus
830 1629 1092 1693 obitusque,
1112 1631 1275 1695 quibus
1295 1633 1380 1681 [πη

100 1703 381 1765 temporibus
407 1701 637 1765 praestituti
657 1738 672 1760 ‚
692 1702 897 1749 humanis
918 1703 1140 1750 mentibus
1166 1705 1379 1768 ignorari.

99 1766 231 1822 Plu'ra
254 1775 338 1822 alia
367 1775 421 1821 de
445 1775 633 1822 cometis
659 1776 775 1837 apud
796 1775 963 1837 peritos
983 1777 1219 1824 mundanae
1237 1779 1381 1827 ratio-

101 1848 172 1894 nis
206 1848 306 1896 sunt
340 1850 480 1898 lessa:
510 1867 611 1913 quae
643 1851 840 1913 digerere
867 1867 987 1898 nunc
1019 1863 1140 1897 vetat
1167 1852 1379 1900 aliorsum

103 1919 252 1966 oratio
290 1938 551 1984 properans.
586 1923 812 1968 Moratum
856 1921 1078 1984 paulisper
1120 1924 1378 1972 Antiochiae

101 1993 356 2057 Principem
377 2030 390 2052 ,
418 2011 714 2058 curarumque
748 1994 1025 2056 ponderibus
1055 1994 1239 2042 diversis
1267 1997 1377 2043 affli-

105 2067 222 2113 &um
246 2103 259 2124 ,
288 2069 482 2114 exeundi
524 2067 636 2114 mira
669 2067 888 2129 cupiditas
934 2067 1154 2130 agitabat:
1184 2070 1377 2132 proinde

106 2155 191 2184 nec
217 2137 419 2200 jumento
447 2156 658 2203 parcens,
681 2157 762 2185 nec
797 2140 927 2185 militi
950 2175 962 2197 ‚
991 2140 1202 2202 'flagrante
1229 2142 1375 2188 hieme

106 2211 210 2256 inde
230 2212 467 2273 profefflis,
487 2214 634 2276 signis,
652 2225 703 2259 ut
722 2212 884 2259 diE'cum
908 2214 986 2272 est,
999 2214 1251 2260 vetantibus
1272 2215 1375 2276 plu-

105 2283 228 2328 rimis
247 2320 260 2338 ,
283 2284 466 2331 Tarsum
481 2321 494 2341 ,
514 2287 668 2331 urbem
696 2285 890 2331 Cilicum
911 2284 1109 2332 nobilem
1131 2322 1144 2345 ,
1163 2286 1339 2332 introiit
1360 2321 1376 2342 ‚

105 2354 231 2418 cujus
263 2356 481 2421 originem
505 2358 738 2406 docuimus
762 2356 903 2422 supra.
937 2357 1199 2424 Exindeque
1227 2358 1375 2423 egredi
