1626 2917
198 267 294 317 340
429 254 765 302 AMMiANl
800 256 1278 307 MARCELLINI

202 383 363 413 namus
383 384 394 413 ε
417 365 543 427 cujus
563 382 702 429 opera
732 366 942 413 diuturna
962 368 1220 417 Demetrius
1235 405 1249 427 ‚
1266 361 1489 433 Antigoni

201 437 321 484 filius
340 438 474 501 regis,
494 438 665 484 Rhodo
686 438 869 502 aliisque
891 440 1075 485 urbibus
1090 442 1374 505 oppugnatis,
1396 445 1488 487 Po-

200 512 409 558 liorcetes
435 511 496 558 est
520 512 780 575 appellatus.
807 512 1069 560 AEdisicatur
1091 528 1240 561 autem
1270 516 1361 563 hoc
1388 532 1486 562 mo³

200 586 276 632 do.
310 584 510 632 Testudo
529 588 874 649 compaginatur
907 586 1139 647 immanis,
1160 587 1314 635 axibus
1338 589 1485 634 robo-

199 670 297 704 rata
316 657 611 721 longiffimss,
641 657 884 721 ferreisque
912 658 1051 705 clavis
1082 672 1257 721 aptata,
1287 662 1337 708 δι
1366 678 1484 708 con-

198 732 363 794 tegitur
391 731 528 778 coriis
550 732 727 778 bubulis
750 733 1066 795 virgarumque
1088 734 1257 780 recenti
1279 747 1482 791 textura,

196 818 329 868 atque
369 806 479 853 limo
521 807 819 871 asperguntur
865 808 958 869 ejus
1000 808 1201 870 suprema
1224 844 1238 865 ,
1263 821 1314 855 ut
1356 807 1483 854 flam-

196 897 324 927 meos
340 881 547 926 detrectet
566 881 617 927 &
633 881 810 928 miffiles
832 880 966 927 casus.
998 880 1311 927 Conseruntur
1333 894 1482 927 autem

195 953 291 1015 ejus
324 952 595 1000 frontalibus
621 953 813 1000 trisulcae
845 953 1056 1016 cuspides
1070 967 1303 1016 praeacutae
1322 987 1335 1011 ‚
1363 970 1481 1015 pon-

194 1026 374 1072 deribus
396 1025 548 1072 ferreis
567 1042 724 1089 graves
742 1061 757 1085 ‚
779 1026 928 1090 qualia
952 1018 1086 1073 nobis
1111 1025 1303 1088 pictores
1327 1024 1485 1071 osten·-¹

193 1099 307 1145 dunt
326 1098 513 1144 fulmina
536 1099 610 1146 vel
632 1097 824 1157 fictores,
847 1112 893 1144 ut
913 1098 1132 1162 quidquid
1154 1099 1349 1162 petierit,
1372 1116 1479 1146 acu-

190 1171 273 1218 leis
294 1171 476 1216 exsertis
495 1171 744 1232 abrumpat.
766 1172 895 1217 Hanc
919 1172 979 1217 ita
1001 1172 1194 1217 validam
1214 1173 1381 1217 molem
1403 1188 1478 1217 ro-

190 1245 249 1291 tis
285 1246 334 1292 &
356 1243 536 1290 funibus
568 1259 721 1306 regens
746 1242 1010 1289 numerosus
1029 1242 1293 1289 intrinsecus
1319 1242 1444 1289 miles
1460 1278 1477 1300 ‚

191 1319 467 1383 languidiori
493 1335 730 1364 murorum
764 1318 881 1380 parti
908 1318 1080 1364 viribus
1109 1318 1326 1365 admovet
1357 1334 1477 1365 con·

188 1393 291 1441 citis
315 1412 324 1440 z
346 1396 394 1440 &
408 1429 420 1449 ‚
436 1392 515 1439 nisi
537 1390 720 1454 desuper
741 1390 1122 1454 propugnantium
1152 1390 1375 1437 valuerint
1401 1391 1475 1437 vi-

190 1485 292 1526 res,
338 1467 504 1514 collisis
540 1467 779 1529 parietibus
825 1465 972 1512 aditus
1006 1463 1213 1527 patefacit
1257 1465 1474 1528 ingentes,

189 1540 396 1589 Malleoli
417 1554 565 1587 autem
584 1576 598 1597 ,
623 1539 701 1586 teli
727 1556 867 1602 genus
889 1575 902 1595 ‚
922 1537 1174 1602 ¹figurantur
1196 1538 1279 1585 hac
1314 1538 1474 1601 specie.

188 1615 349 1679 Sagitta
385 1613 446 1660 est
482 1629 650 1660 cannea
666 1649 680 1671 ‚
717 1612 833 1659 inter
873 1611 1093 1674 spiculum
1124 1612 1174 1658 &
1208 1611 1473 1660 arundinem

188 1686 414 1734 multifido
441 1685 562 1732 ferro
583 1697 895 1749 coagmentata
914 1720 928 1742 ‚
950 1701 1050 1746 quae
1069 1684 1115 1731 in
1132 1684 1360 1731 muliebris
1379 1682 1472 1732 coli

187 1758 381 1805 formam
401 1795 414 1815 ,
447 1774 540 1822 quo
572 1774 734 1804 nentur
765 1756 901 1803 lintea
938 1755 1154 1814 stamina,
1187 1770 1471 1804 concavatur

187 1845 347 1878 ventre
381 1831 598 1878 subtiliter
638 1833 687 1879 &
723 1829 998 1892 plurifariam
1041 1841 1195 1892 patens
1218 1865 1230 1885 ‚
1261 1841 1392 1892 atque
1421 1829 1469 1881 in.

186 1907 322 1953 alveo
352 1905 448 1968 ipso
474 1906 624 1969 ignem
649 1921 751 1952 cum
775 1904 930 1967 aliquo
957 1902 1133 1965 suscipit
1162 1902 1392 1949 alimento.
1413 1905 1471 1950 Et

184 1977 218 2023 fi
240 1976 388 2024 emiffa
409 1976 569 2023 lentius
593 1992 699 2022 arcu
719 1974 945 2032 invalido,
965 1973 1079 2039 (ictu
1102 1974 1220 2020 enim
1243 1974 1468 2036 rapidiore

184 2048 515 2113 exstinguitur)
550 2048 725 2096 haeserit
761 2048 941 2111 usquam
962 2083 975 2104 ‚
1010 2046 1225 2094 tenaciter
1267 2061 1467 2106 cremat,

185 2123 400 2189 aquisque
424 2123 657 2186 conspersa
683 2124 879 2169 acriores
900 2121 1062 2169 excitat
1081 2120 1209 2167 aestus
1229 2122 1465 2170 incendio-

182 2214 285 2244 rum
301 2232 315 2254 ,
339 2213 422 2243 nec
447 2195 646 2242 remedio
673 2196 792 2252 ullo,
815 2212 950 2259 quam
974 2192 1216 2257 superjacto
1244 2195 1432 2257 pulvere
1448 2228 1463 2254 ,

184 2268 466 2331 consopitur.
505 2269 726 2315 Haeremus
756 2268 812 2315 de
847 2267 1148 2315 instrumentis
1183 2268 1425 2314 muralibus
1446 2302 1462 2326 ,

183 2359 209 2389 e
234 2341 396 2404 quibus
435 2358 575 2402 pauca
610 2340 710 2388 sunt
745 2340 857 2387 dista
885 2357 897 2387 ε
931 2355 1054 2386 nunc
1082 2339 1136 2385 ad
1164 2355 1310 2386 rerum
1340 2339 1462 2387 ordi-

179 2432 285 2463 nem
301 2426 591 2461 revertamur.

246 2489 304 2534 V.
320 2485 507 2534 Adscitis
527 2487 847 2535 Saracenorum
864 2483 1041 2532 auxiliis
1053 2521 1065 2543 ,
1087 2502 1186 2548 quae
1203 2483 1361 2532 animis
1376 2483 1462 2531 ob-

182 2563 322 2612 tulere
336 2561 642 2626 promtiffimis
660 2598 675 2622 ,
697 2562 882 2610 tendens
900 2563 1144 2624 Imperator
1163 2559 1267 2623 agili
1285 2558 1422 2622 gradu
1440 2591 1460 2617 ,
