1626 2917
156 190 243 236 312
378 169 709 217 AMMIANI
752 168 1204 215 MARCELLINI

152 289 220 324 tra
258 277 493 324 utilitatem
538 275 655 321 suam
694 274 848 338 reique
900 276 1155 323 communis
1195 275 1434 339 episcopus

153 350 433 397 Alexandriae
454 347 515 394 est
534 348 769 396 ordinatus
787 384 799 404 ,
833 348 879 395 in
907 347 1115 408 civitate,
1142 367 1244 410 quae
1274 349 1434 411 suopte

152 435 310 477 motu,
339 424 387 468 &
423 420 501 467 ubi
540 420 679 468 causae
711 437 807 467 non
839 420 1078 484 suppetunt
1099 457 1114 480 ‚
1145 420 1436 469 seditionibus

154 494 321 541 crebris
348 492 534 557 agitatur
550 493 888 541 &turbulentis
902 529 916 552 ‚
934 507 984 540 ut
1000 495 1291 542 oraculorum
1311 511 1435 558 quo-

155 584 242 629 que
276 567 479 629 loquitur
503 565 625 615 fides.
647 567 728 614 His
749 567 939 615 efferatis
958 567 1194 616 hominum
1214 569 1439 616 mentibus

156 640 384 703 Georgius
403 638 588 704 quoque
607 639 696 703 ipse
716 657 851 705 grave
877 640 1109 689 accesserat
1128 641 1438 700 incentivum,

155 714 274 775 apud
295 714 466 777 patulas
492 730 618 761 aures
645 714 898 761 Constantii
929 715 1098 762 multos
1123 715 1284 762 exinde
1307 715 1438 762 incu-

158 785 254 831 sans
274 820 288 843 ‚
316 798 368 831 ut
399 776 494 847 ejus
519 786 848 835 recalcitrantes
873 786 1070 850 imperiis
1095 806 1105 835 :
1129 785 1439 851 profeffionis-

156 874 246 920 que
271 856 358 904 suae
381 859 549 905 oblitus
568 893 582 917 ,
619 875 718 922 quae
753 859 868 905 nihil
905 859 987 906 nisi
1021 859 1182 920 justum
1209 859 1360 906 suadet
1389 859 1441 906 &

157 929 285 988 lene,
309 931 364 977 ad
397 931 651 978 delatorum
682 931 782 979 ausa
805 931 960 980 feralia
990 932 1266 979 desciscebat.
1295 931 1454 978 Etina

157 1014 226 1049 ter
260 1016 405 1050 cetera
443 1003 674 1051 dicebatur
715 1005 760 1051 id
795 1022 983 1068 quoque
1017 1005 1206 1068 maligne
1240 1002 1438 1050 docuisse

159 1075 476 1122 Constantium
494 1111 509 1134 ‚
539 1077 664 1138 quod
685 1076 732 1122 in
762 1078 870 1123 urbe
891 1078 1097 1138 praedic'ia
1121 1075 1308 1123 aedificia
1324 1092 1440 1122 cun-

158 1150 227 1198 &a
256 1149 355 1196 solo
391 1149 699 1207 cohaerentia,
731 1169 755 1198 a
792 1151 1034 1198 conditore
1064 1150 1324 1198 Alexandro
1349 1166 1441 1194 ma·

158 1221 393 1286 gnitudine
425 1221 723 1284 impensarum
743 1223 1021 1285 publicarum
1043 1223 1283 1279 exstr11&a‚
1312 1238 1442 1268 emo-

159 1293 371 1341 lumentis
399 1293 541 1339 :erarii
576 1292 796 1354 proficere
839 1294 1003 1340 debent
1037 1312 1092 1341 ex
1121 1294 1231 1355 jure.
1257 1295 1326 1341 Ad
1347 1295 1444 1343 haec

161 1367 278 1414 mala
310 1367 355 1413 id
386 1382 569 1431 quoque
605 1366 833 1412 addiderat
853 1403 868 1423 ‚
901 1368 1019 1413 unde
1039 1368 1177 1430 paulo
1209 1368 1308 1430 post
1342 1380 1442 1414 tru-

161 1439 233 1488 sus
263 1440 323 1486 est
353 1439 399 1486 in
420 1439 609 1486 exitium
647 1456 861 1502 praeceps,
892 1440 1116 1487 Reversus
1142 1457 1198 1486 ex
1228 1441 1448 1487 comitatu

159 1511 379 1578 principis
401 1547 415 1570 ,
450 1528 554 1559 cum
579 1511 783 1558 transiret
800 1528 878 1574 per
901 1510 1147 1574 speciosum
1168 1511 1304 1559 Genii
1325 1525 1442 1559 tem-

160 1587 314 1651 plum,
331 1585 617 1632 multitudine
640 1584 816 1647 stipatus
835 1601 891 1631 ex
907 1601 1034 1631 more
1047 1621 1060 1643 ‚
1079 1584 1208 1631 flexis
1229 1585 1283 1631 ad
1304 1585 1445 1631 aedem

162 1660 301 1723 ipsam
334 1658 575 1705 luminibus
593 1693 605 1715 ‚
634 1659 883 1718 Quamdiu,
910 1656 1085 1720 inquit,
1100 1658 1334 1718 sepulcrum
1369 1659 1445 1704 lzoc

150 1735 326 1804 flabit?
351 1735 462 1793 Quo
491 1731 667 1787 audito,
699 1731 824 1777 velut
845 1729 1033 1777 fulmine
1063 1730 1192 1776 multi
1219 1730 1402 1793 perculsi
1425 1764 1441 1787 ‚

162 1807 525 1870 metuentesque,
544 1822 599 1852 ne
628 1805 740 1851 illud
761 1821 944 1868 quoque
979 1815 1169 1851 tentaret
1203 1816 1406 1849 evertere
1425 1838 1442 1861 ‚

162 1878 385 1944 quidquid
416 1888 658 1941 poterant,
684 1875 732 1922 in
754 1876 848 1938 ejus
885 1876 1127 1939 perniciem
1163 1873 1446 1921 clandestinis

163 1950 333 1998 insidiis
371 1949 677 1998 concitabant.
719 1949 836 1996 Ecce
875 1960 1021 1995 autem
1056 1959 1238 2009 repente
1270 1945 1445 2008 perlato

141 2026 350 2074 ·laetabili
383 2025 547 2072 nuntio
581 2024 811 2071 indicante
851 2022 1113 2070 exstinffiium
1151 2019 1404 2067 Artemium
1429 2054 1445 2078 ,

165 2101 293 2165 plebs
315 2099 464 2146 omnis
494 2099 608 2146 elata
646 2097 807 2162 gaudio
843 2096 1097 2159 insperato,
1116 2095 1310 2142 vocibus
1331 2095 1447 2140 hor-

166 2171 316 2220 rendis
342 2171 600 2219 infrendens
617 2206 632 2229 ‚
655 2168 904 2232 Georgium
921 2169 1031 2231 petit
1051 2186 1062 2214 t
1088 2180 1354 2230 raptumque
1375 2165 1447 2211 di-

169 2246 309 2294 versis
333 2245 572 2299 mulctandi
596 2243 830 2308 generibus
850 2254 1083 2306 proterens
1103 2242 1151 2288 &
1174 2239 1448 2287 conculcans
1490 2304 1503 2309 ..

166 2320 423 2370 divaricatis
453 2319 655 2381 pedibus.
675 2320 880 2381 Cumque
905 2333 960 2364 eo
982 2314 1261 2363 Dracontius
1283 2329 1447 2360 mone-

171 2406 231 2440 1ae
250 2391 512 2455 praepositus
532 2427 545 2449 ,
568 2392 616 2438 ὅ(
638 2390 874 2440 Diodorus
890 2387 1067 2452 quidam
1094 2385 1234 2433 veluti
1253 2401 1406 2432 comes
1429 2419 1446 2443 ,

169 2465 341 2529 injeffls
375 2481 456 2530 per
493 2480 625 2514 crura
663 2462 846 2512 funibus
884 2460 1013 2510 fimul
1049 2457 1292 2508 exanimati
1312 2457 1446 2506 sunt:
