1626 2917
305 206 525 253 RERUM
560 206 898 254 GESTARUM
933 205 1036 253 Lm.
1072 207 1199 269 xvii
1305 224 1386 269 ως

114 311 330 360 Hortario
359 347 374 370 ‚
401 312 445 359 in
480 330 619 358 unum
658 313 826 360 robore
861 312 1026 372 virium
1060 312 1229 359 suarum
1265 313 1393 360 omni

116 386 338 444 comedo,
370 385 609 432 consedere
648 403 793 448 prope
823 386 979 432 urbem
1010 389 1356 450 Argentoratum
1378 419 1395 444 ,

114 469 311 502 extrema
330 468 599 502 metuentem
625 457 844 503 Caesarem
869 458 1069 504 arbitrati
1090 457 1395 515 retroceffiffe‚

114 541 216 570 cum
247 524 322 575 ille
350 537 444 572 tum
484 525 618 572 etiam
652 525 914 588 perficiendi
942 526 1210 573 munimenti
1249 527 1395 573 studio

112 595 412 660 stringeretur.
446 597 598 644 Erexit
631 615 778 645 autem
808 598 1129 647 confidentiam
1165 611 1298 661 caput
1330 599 1396 645 al-

112 669 203 722 tius
235 670 537 716 attollentium
560 669 776 732 ¹scutarius
806 670 1018 734 perfuga:
1045 670 1148 734 qui,
1178 670 1396 717 commiffi

114 741 316 791 criminis
344 753 545 787 metuens
566 758 748 803 poenam
766 777 779 798 ‚
800 741 1081 805 transgressus
1102 743 1158 788 ad
1186 758 1265 789 eos
1293 743 1395 804 post

115 813 239 860 ducis
268 813 405 876 fugati
441 812 666 863 discessum
687 848 701 870 ‚
735 826 1007 859 armatorum
1042 814 1254 861 tredecim
1290 814 1395 864 mil-,

115 886 175 932 lia
195 898 366 933 tantum
385 886 630 933 remansisse
653 902 753 932 cum
774 886 948 933 Iuliano
972 887 1161 933 docebat
1183 906 1194 933 :
1220 888 1256 933 is
1275 887 1394 933 enim

118 975 330 1009 numerus
359 976 459 1006 eum
494 958 760 1021 sequebatur
784 994 798 1015 ‚
826 959 1011 1005 barbara
1045 958 1218 1006 feritate
1250 973 1396 1009 certa->

115 1033 287 1083 minum
321 1031 485 1082 rabiem
518 1030 718 1094 undique
752 1032 1024 1078 concitante.
1058 1031 1197 1094 Cujus
1229 1033 1398 1079 affeve-

119 1103 319 1161 ratione,
354 1103 505 1149 eadem
536 1102 718 1148 subinde
747 1102 1000 1165 replicantis
1018 1138 1032 1161 ‚
1061 1104 1114 1150 ad
1134 1104 1302 1166 majora
1324 1105 1397 1150 sli-

116 1176 273 1222 mulati
301 1175 490 1232 fiducia,
510 1175 643 1226 miffis
669 1175 823 1238 legatis
854 1175 953 1221 satis
974 1193 1058 1238 pro
1078 1176 1270 1237 imperio
1292 1179 1397 1224 Cae-

116 1249 197 1296 sari
226 1249 550 1300 mandaverunt
574 1285 587 1306 ‚
620 1260 670 1294 ut
688 1249 814 1294 terris
847 1248 1100 1297 abscederet
1124 1251 1293 1299 virtute
1314 1251 1395 1299 fibi

116 1321 375 1385 quaesitis&
395 1321 529 1368 ferro.
560 1320 661 1384 qui,
678 1321 854 1383 ignarus
873 1323 1097 1384 pavendi,
1119 1340 1202 1370 nec
1227 1324 1292 1372 ira
1310 1342 1396 1372 nec

117 1394 282 1440 dolore
310 1393 535 1456 perculsus
555 1429 568 1451 ‚
588 1394 658 1438 sed
678 1392 809 1438 fastus
840 1393 1096 1442 barbaricos
1126 1395 1301 1452 ridens,
1323 1398 1398 1446 de·⁴

118 1465 252 1514 tentis
282 1465 435 1527 legatis
469 1464 658 1526 adusque
690 1463 933 1526 perfec‘mm
972 1481 1088 1527 opus
1122 1466 1398 1524 castrorum,

120 1537 168 1584 in
207 1537 367 1584 eodem
393 1537 526 1600 gradu
557 1536 817 1583 constantiae
847 1537 963 1583 stetit
994 1538 1251 1587 immobilis.
1288 1529 1402 1604 tagi-f

120 1610 241 1659 tabat
269 1622 414 1664 autem
444 1609 744 1672 miscebatque
777 1609 930 1660 omnia
969 1610 1059 1656 fine
1093 1611 1266 1669 modo,
1297 1613 1400 1664 ubi*

121 1699 211 1745 que
240 1682 661 1743 sesediffunditans,
691 1685 739 1730 &
768 1683 974 1747 princeps
1001 1685 1195 1731 audendi
1227 1686 1401 1749 pericu-

123 1754 218 1819 losa
247 1772 325 1809 rex
355 1754 721 1815 Chnodomarius
742 1790 754 1811 ‚
793 1755 926 1802 ardua
955 1756 1181 1821 subrigens
1210 1758 1398 1821 superci-

121 1826 206 1883 lia,
227 1839 274 1872 ut
299 1825 410 1890 saepe
432 1826 630 1874 secundis
658 1829 787 1875 rebus
813 1829 967 1876 elatus.
999 1832 1114 1877 Nam
1136 1833 1186 1879 &
1213 1833 1400 1879 Decenv

122 1899 233 1945 tium
267 1899 485 1953 Caesarem
518 1900 741 1963 superavit
769 1919 899 1965 aequo
934 1905 1077 1951 Marte
1109 1904 1364 1968 congressus
1384 1938 1400 1959 ,

123 1971 174 2030 &
213 1971 418 2019 civitates
451 1986 595 2018 erutas
630 1973 789 2020 multas
821 1973 1010 2021 vastavit
1039 1976 1087 2022 &
1119 1976 1353 2038 opulentas
1379 2010 1395 2031 ,

124 2043 414 2106 licentiusque
433 2044 532 2102 diu,
551 2045 679 2092 nullo
700 2045 946 2110 refragante
959 2083 974 2105 ‚
1004 2047 1173 2095 Gallias
1191 2048 1400 2112 persulta-

123 2113 208 2170 vit.
235 2116 306 2166 Ad
332 2116 455 2180 cujus
485 2117 786 2164 roborandam
813 2119 1022 2166 fiduciam
1042 2136 1198 2168 recens
1215 2138 1400 2185 quoque

124 2185 227 2250 fuga
251 2189 374 2236 ducis
403 2191 605 2251 acceflh,
626 2208 815 2239 numero
850 2193 1093 2254 praestantis
1131 2196 1181 2242 &
1213 2195 1400 2243 viribus.

125 2259 362 2307 Alamanni
380 2263 496 2308 enim
507 2299 526 2323 ‚b
546 2263 774 2319 scutorum
795 2265 978 2330 insignia
999 2280 1264 2315 contuentes
1280 2304 1294 2325 ,
1317 2286 1398 2315 no·

123 2344 223 2392 rant
250 2348 327 2379 eos
356 2334 518 2381 milites
550 2337 786 2398 permififl'e
817 2338 969 2400 paucis
1002 2338 1187 2387 suorum
1209 2341 1398 2389 latroni-

124 2403 206 2468 bus
234 2416 419 2464 terram,
449 2424 642 2470 quorum
673 2422 796 2456 metu
826 2411 1063 2474 aliquoties
1085 2430 1185 2461 cum
1214 2415 1397 2478 gradum

124 2476 420 2543 conferrent,
456 2481 616 2546 amiffis
643 2481 846 2546 pluribus
883 2484 1030 2533 abiere
1062 2486 1253 2550 disperfi.
1294 2504 1396 2551 quae
