1626 2917
186 191 248 252 46
381 187 728 236 AMMlANI
782 185 1271 232 MARCELLINI

185 298 352 344 dantes.
372 297 503 342 Tunc
523 292 641 340 enim
663 291 880 340 laudanda
905 292 966 340 est
992 292 1208 349 brevitas,
1229 309 1330 340 cum
1356 307 1456 338 mo-

185 387 255 418 ras
290 386 497 433 rumpens
526 365 886 430 intempestivas,
916 366 1030 414 nihil
1061 366 1271 413 subtrahit
1303 365 1461 430 cogni·

184 445 302 492 tioni
331 444 568 508 gestorum.

253 520 285 564 Ι.
313 515 532 563 Nondum
552 514 670 577 apud
700 512 921 561 Noricum
938 527 1078 562 exuto
1101 515 1278 578 penitus
1296 514 1457 572 Gallo,

188 589 484 655 Apodemius,
507 588 659 652 quoad
678 587 870 645 vixerat,
889 588 1042 652 igneus
1059 590 1287 636 turbarum
1308 589 1461 635 incen-

186 678 262 710 tor
276 699 291 720 ‚
311 674 463 725 raptos
483 660 576 723 ejus
596 661 772 708 calceos
792 662 962 708 vehens
987 679 1205 725 equorum
1232 675 1460 725 permuta-

187 736 315 783 tione
332 733 507 792 veloci‚
526 745 576 781 ut
595 733 821 780 nimietate
841 734 1031 797 cogendi
1059 735 1271 797 quosdam
1294 733 1462 780 exstin-

187 818 371 870 gueret,
391 805 712 869 praecursorius
741 805 877 853 index
908 806 1216 853 Mediolanum
1249 806 1464 853 advenit:

187 878 489 943 ingressusque
508 879 671 942 regiam
694 891 795 925 ante
819 879 951 940 pedes
971 878 1162 943 projecit
1181 878 1465 937 Constantii,

187 952 319 999 velut
335 950 475 1014 spolia
495 952 607 1014 regis
625 950 761 998 occisi
780 952 1044 998 Parthorum
1062 970 1072 998 ε
1093 953 1143 999 &
1160 951 1332 1014 perlato
1351 967 1466 997 nun-

187 1023 257 1070 tio
277 1022 538 1085 repentino,
558 1022 752 1068 docente
779 1038 871 1068 rem
894 1022 1152 1085 insperatam
1178 1025 1227 1071 &
1252 1023 1433 1070 arduam
1450 1059 1465 1082 ,

188 1096 245 1142 ad
280 1094 538 1141 sententiam
573 1105 669 1141 tota
703 1093 915 1141 facilitate
947 1096 1247 1158 completam,
1281 1095 1357 1152 hi,
1386 1095 1466 1159 qui

191 1168 406 1216 summam
432 1167 575 1214 aulam
597 1168 834 1227 tenebant,
862 1168 988 1215 omni
1010 1168 1211 1230 placendi
1242 1167 1387 1214 studio
1418 1169 1466 1214 in

192 1238 495 1286 adulationem
515 1254 570 1283 ex
591 1254 717 1294 more
737 1237 932 1293 collato,
952 1237 1166 1284 virtutem
1187 1237 1469 1286 felicitatem-

191 1328 282 1374 que
304 1310 585 1372 Imperatoris
605 1309 882 1356 extollebant
901 1310 946 1356 in
966 1311 1133 1357 coelum
1152 1328 1162 1356 :
1185 1309 1310 1370 cujus
1330 1322 1469 1369 nutu,

192 1386 241 1432 in
259 1385 445 1431 modum
469 1382 771 1446 gregariorum
797 1383 990 1429 militum
1003 1382 1141 1440 ,licet
1161 1382 1342 1431 diversis
1361 1396 1472 1430 tem-

192 1458 407 1521 poribus,
427 1457 517 1502 duo
542 1456 815 1502 exatufitorati
834 1455 931 1502 sunt
951 1456 1176 1518 principes
1191 1490 1205 1512 ,
1223 1455 1472 1517 Veteranio

195 1532 408 1577 nimirum
441 1532 491 1578 &
521 1530 693 1578 Gallus.
733 1532 844 1590 Quo
877 1530 953 1577 ille
982 1521 1126 1577 studio
1156 1530 1470 1578 blanditiarum

195 1603 417 1667 exquisito
445 1603 660 1662 sublatus,
686 1602 1019 1667 immunemque
1045 1602 1086 1650 se
1104 1602 1260 1649 deinde
1288 1603 1387 1650 fore
1414 1604 1470 1650 ab

196 1679 323 1724 omni
351 1676 631 1724 mortalitatis
657 1677 954 1724 incommodo
977 1675 1167 1724 fidenter
1188 1677 1469 1736 existimans,

197 1750 434 1798 confestim
469 1767 494 1796 a
528 1748 689 1810 justitia
721 1749 961 1797 declinavit
1001 1749 1063 1796 ita
1094 1750 1471 1813 intemperanter,
1500 1779 1517 1794 .

198 1837 248 1871 ut
269 1825 557 1871 aeternitatem
581 1840 677 1870 eam
698 1823 936 1888 aliquoties
961 1824 1163 1871 assereret
1188 1823 1278 1886 ipse
1303 1825 1474 1871 dietan-

198 1900 287 1956 do,
307 1898 630 1960 scribendoque
653 1897 833 1960 propria
851 1914 987 1945 manu
1015 1897 1137 1945 orbis
1162 1898 1300 1944 totius
1320 1897 1360 1944 se
1385 1899 1473 1945 do-

201 1971 371 2018 minum
390 1970 658 2033 appellaret:
680 1971 804 2033 quod
826 1969 1072 2018 dicentibus
1096 1969 1213 2027 aliis,
1234 1970 1473 2033 indignan-

201 2056 271 2090 ter
292 2045 529 2090 admodum
549 2041 664 2089 ferre
686 2043 866 2089 deberet
884 2042 920 2090 is
934 2078 947 2101 ,
965 2041 1041 2105 qui
1063 2042 1117 2088 ad
1140 2043 1474 2089 aemulationem

203 2118 409 2166 civilium
432 2116 684 2179 principum
706 2116 848 2164 vitam
873 2114 1067 2163 formar'e
1090 2116 1327 2179 moresque
1347 2116 1474 2175 suos,

203 2203 254 2238 ut
286 2190 577 2252 praedicabat,
602 2188 830 2252 diligentia
856 2188 1085 2236 laborabat
1111 2187 1242 2235 enisa.
1273 2189 1477 2252 Namque

205 2263 373 2311 etiamsi
409 2262 680 2308 mundorum
716 2260 956 2309 infinitates
987 2260 1243 2308 Democriti
1281 2273 1478 2325 regeret,

206 2351 323 2398 quos
341 2334 613 2381 Anaxarcho
634 2332 844 2380 incitante
863 2335 1052 2397 Magnus
1070 2331 1317 2379 somniabat
1335 2333 1477 2380 Alex-

209 2407 346 2453 ander
363 2441 376 2464 ,
414 2405 458 2451 id
491 2404 724 2466 reputasset
745 2404 895 2468 legens
920 2404 995 2451 vel
1023 2403 1229 2462 audiens,
1246 2405 1370 2466 quod
1395 2403 1477 2468 (ut

211 2482 377 2529 docent
413 2477 716 2529 mathematici
750 2474 1076 2540 concinentes)
1117 2476 1306 2525 ambitus
1350 2488 1477 2525 terrae
