1626 2917
88 157 238 205 NOT.
258 158 364 204 LIT.
384 157 482 203 DE
501 159 789 204 AMMJAN.
807 159 1119 207 MARCELL.
1156 172 1294 209 XXX)

20 263 183 311 stantio
201 268 251 314 &
275 265 494 328 proximis
522 267 863 328 Imperatoribus
893 267 1028 330 usque
1050 270 1105 315 ad
1131 271 1294 317 Theo-³

20 337 195 384 dofium
223 338 366 385 vixit:
397 338 588 399 scriptor
619 339 772 385 doetus
797 356 848 386 ac
878 339 1091 403 diligens,
1117 359 1198 388 nec
1216 343 1295 389 ab·

19 410 154 457 surdo
193 409 392 474 judicio,
430 411 630 460 veritatis
676 425 824 459 autem
866 421 880 443 ¹
920 413 1298 483 studiofiffimus3

19 567 138 606 vitam
162 566 322 617 putabat
344 566 417 606 esse
437 567 622 607 Dukerus.

19 622 122 662 Nam
147 624 181 661 δι
207 621 340 660 Cicero
366 622 413 661 de
441 632 519 660 arte
544 636 624 662 ora·

17 676 116 714 toria
171 677 205 715 ἃ
250 675 360 714 claris
398 676 623 715 Oratoribus

17 728 173 779 scripsit.
195 729 298 768 Alius
323 729 374 768 est
388 730 623 769 Marcellinus

20 785 58 823 &
81 783 227 832 Junior‚
258 784 306 822 de
333 796 407 832 quo
438 784 572 823 Suidas
600 797 622 822 e

15 837 217 876 Damascio
256 850 265 876 ε
313 848 356 876 ut
399 846 619 887 praeteream

17 890 289 930 Marcellinum
320 892 530 938 notarium,
553 893 617 940 qui

18 945 118 994 gesta
163 944 376 983 collationis
423 942 616 995 Carthagi-

15 997 153 1036 niensis
194 998 340 1037 calamo
380 999 561 1048 excepit,
597 1011 618 1037 e

17 1051 154 1101 quibus
178 1051 502 1100 contractasunt,
534 1064 616 1102 quae

15 1104 134 1144 hodie
153 1105 349 1144 habemus.
365 1118 399 1144 v.
424 1104 559 1144 Poffid.
576 1106 616 1145 in

12 1158 91 1198 vita
113 1158 330 1210 Augustini,
351 1171 384 1198 e.
418 1172 476 1212 13,
497 1161 533 1198 ἃ
549 1157 616 1199 Ba-

12 1211 90 1252 luz.
123 1213 170 1253 T.
199 1228 232 1253 1.
270 1212 416 1253 Concil.
453 1226 490 1263 p.
528 1227 612 1265 117.

11 1266 118 1307 Alios
148 1266 332 1317 quosdam
368 1265 614 1308 Marcellinos

10 1321 126 1359 refert
138 1321 196 1369 Jo.
212 1321 466 1371 Glandorpius
477 1333 512 1370 p.
529 1334 614 1375 575.

12 1375 208 1414 Onomast.
224 1376 335 1414 Rom.
347 1375 535 1415 Undecim
550 1388 614 1413 no-

9 1433 68 1466 tat
92 1428 188 1467 Dan.
214 1428 313 1469 Guil.
331 1427 517 1468 Mollerus
533 1428 614 1468 diss.

12 1481 62 1520 d'e
93 1483 290 1521 Ammiano
319 1481 489 1521 Marcell.
528 1481 543 1531 §
578 1481 614 1522 8.

11 1535 176 1576 Altdorf.
193 1551 206 1575 1
215 1536 263 1575 68
273 1549 304 1589 5.
313 1535 371 1574 De
385 1535 499 1574 Tullio
511 1537 614 1573 Mar-

9 1590 135 1628 cellino
151 1591 294 1629 Seneca
320 1589 384 1640 Ep.
406 1604 471 1641 77.
490 1602 612 1639 neque

10 1643 106 1683 alius
122 1642 272 1682 fortasse
290 1643 524 1684 Marcellinus
535 1675 546 1691 ‚
564 1645 611 1682 de

10 1710 87 1748 quo
98 1697 208 1748 Epist.
227 1697 506 1751 29.Ammianus
521 1699 545 1738 P
549 1711 611 1736 oe-

8 1758 47 1791 ta
70 1751 121 1790 est
145 1751 244 1801 apud
268 1750 435 1791 Coelium
460 1752 606 1792 Rhodi-

7 1806 142 1855 ginum
170 1803 252 1844 Lib.
274 1799 406 1853 XVII,
430 1819 488 1846 11.
518 1807 608 1856 Ejus

6 1858 86 1899 hoc
105 1859 156 1898 est
183 1858 444 1910 Epigramma:

7 1968 162 2008 Θῖιττον
186 1965 246 2007 ἕης
271 1967 427 2008 λευκοὺς
439 1967 606 2020 κόρακα-ς

200 2019 400 2062 πτηνάστε
422 2023 606 2075 χελώνας

69 2071 190 2129 Εὖρεῖν
204 2105 216 2124 ,
235 2076 254 2116 ἢ
278 2075 432 2126 Mamor
454 2076 604 2130 Ῥήτοροι

319 2129 604 2172 Καππαδόκην.

5 2235 63 2275 De
75 2236 286 2275 Marcellino
299 2239 519 2289 Narbonensi
530 2238 603 2277 Ad-

5 2299 141 2329 vocato
157 2290 338 2330 Ausonius
358 2292 524 2330 carmine
538 2305 600 2343 23,

7 2344 44 2381 δε
59 2343 234 2383 Sidonius
247 2344 287 2385 L.
303 2345 333 2392 Ι,
350 2345 416 2395 Ep.
435 2359 492 2397 13.
513 2347 601 2384 Am-

3 2396 171 2435 mianum
189 2399 356 2437 nostrum
376 2398 598 2450 diligentem

3 2448 241 2502 Thuycdidis
273 2452 503 2494 imitatorem
531 2467 596 2505 ap·

686 568 804 619 pellat
821 568 871 608 H.
889 565 1052 608 Valesius
1072 568 1119 609 ad
1143 568 1208 609 lib.
1228 580 1294 620 21;

687 635 770 672 cap,
782 623 852 664 ult,
865 623 997 663 Paffim
1008 625 1176 673 quaedam
1193 623 1291 664 sum-

686 676 765 714 fiss'e
788 690 807 715 a
823 676 968 724 Solin0,
985 677 1196 717 observavit
1209 678 1292 718 Sal.

685 731 838 770 mafius:
853 731 1192 780 pertinacissimum
1205 731 1293 772 Gel-

685 784 724 822 lii
745 785 977 823 imitatorem
997 794 1109 824 vocat
1128 786 1294 826 Pricaeus

682 850 718 887 p.
746 838 824 888 487
860 838 908 876 ad
933 837 1096 878 milefias
1118 840 1284 890 Apuleji.

683 892 777 939 Quae
809 903 898 930 vero
933 890 1033 930 sacra
1065 906 1149 932 eum
1181 895 1292 938 secu-j

681 953 764 983 tum
780 945 1010 994 opinemur?
1034 946 1287 989 Christianum

680 1011 761 1036 non
791 998 924 1046 fuisse,
949 999 1011 1037 vix
1043 1000 1203 1040 dubium
1233 1003 1288 1040 vi·-

660 1063 662 1067 ’
682 1053 833 1091 debitur
852 1052 1005 1103 legenti.
1024 1054 1092 1093 Pro
1110 1054 1286 1094 Christia-

679 1119 730 1145 no
756 1115 885 1145 tamen
917 1106 1084 1146 habuere
1115 1110 1183 1148 viri
1214 1110 1281 1149 do-

680 1160 827 1199 stiffimi
852 1161 887 1199 P.
911 1160 1079 1200 Pithoeus
1094 1193 1103 1210 ‚
1120 1164 1153 1202 ἃ
1171 1162 1285 1203 Clau,

679 1215 762 1253 dius
798 1214 1022 1256 Chiffletius.
1068 1216 1209 1255 Confer
1241 1219 1284 1259 P,

677 1267 780 1308 Baelii
812 1269 980 1308 Lexicon
1009 1271 1047 1308 in
1090 1270 1284 1311 Marcelli-

677 1335 729 1360 no
753 1330 843 1361 nota
872 1323 911 1361 B.
936 1326 984 1362 At
1004 1323 1029 1362 fi
1052 1323 1283 1365 Christianus

677 1375 826 1422 fuisset,
859 1377 922 1426 qui
960 1376 1027 1416 sub
1063 1376 1282 1419 Christianis

678 1429 866 1468 scribebat
892 1431 1187 1480 Imperatoribus
1203 1464 1212 1478 ,
1237 1434 1280 1473 in

679 1482 841 1522 Historia
861 1497 939 1522 non
954 1485 1006 1524 ita
1021 1485 1280 1527 diffimulaffet

675 1535 779 1575 suam
803 1535 1048 1587 religionem,
1075 1549 1115 1578 ut
1148 1541 1283 1580 Ethni-

676 1590 794 1629 cismo
810 1592 934 1630 favere
948 1593 1061 1632 etiam
1075 1594 1278 1636 videretur.

674 1645 805 1684 Homo
822 1645 1001 1685 Ethnicus
1013 1658 1153 1697 autem,
1170 1648 1279 1688 Chri.

673 1698 875 1737 stianorum
906 1699 1123 1751 Principum
1150 1705 1278 1743 aneio-

672 1753 780 1792 ritate
806 1762 1025 1803 permotus,
1048 1755 1196 1795 facilins
1209 1771 1278 1807 po-

673 1807 745 1845 tuit
758 1820 778 1845 a
792 1807 828 1845 se
845 1807 1063 1858 impetrare,
1086 1820 1127 1847 ut
1142 1811 1188 1849 ab
1205 1813 1277 1850 ini-

672 1860 804 1910 quiore
819 1862 867 1900 de
890 1862 1106 1902 Christianis
1125 1866 1273 1912 judicio

671 1914 881 1955 abstineret.
934 1918 1069 1967 Neque
1103 1918 1272 1968 probant

670 1967 1028 2019 semichristianum,
1049 1971 1133 2010 loca
1158 1972 1272 2014 allata

669 2023 728 2070 Jo.
783 2023 984 2063 Laurentio
1046 2025 1272 2067 Moshemio

670 2080 996 2117 commentatione
1032 2080 1079 2118 de
1117 2081 1272 2122 turbata

667 2144 734 2180 per
782 2133 1011 2172 recentiores
1055 2133 1273 2175 Platonicos

667 2184 805 2224 Eccles.
830 2186 846 2234 ξ
874 2199 921 2238 30
940 2187 978 2224 in
995 2186 1076 2226 diff.
1094 2188 1141 2226 ad
1168 2189 1268 2229 Hist.

667 2238 809 2280 Eccles.
834 2253 917 2290 pag.
946 2240 1017 2293 163
1044 2241 1095 2291 sq.

727 2307 743 2331 1
772 2293 936 2332 Gabrieli
960 2295 1130 2334 Naudaeo
1146 2326 1157 2342 ‚
1182 2296 1264 2336 viro

665 2346 900 2395 doctissimo,
918 2350 952 2387 ἃ
969 2359 1056 2387 ante
1069 2363 1156 2388 eum
1169 2351 1265 2393 Lud.

662 2400 745 2438 Vivi
772 2401 870 2440 visus
895 2402 946 2440 est
966 2404 1184 2442 Ammianus
1207 2404 1264 2442 in-

659 2455 810 2495 terdum
827 2456 1000 2508 quaedam
1017 2457 1130 2499 nimis
1151 2470 1266 2510 exag-
