1626 2917
199 103 258 155 86
417 108 753 155 AMMIANI
795 107 1266 155 MARCELLINI

199 232 256 264 ne
291 215 402 279 quid
437 215 770 262 formidandum
806 215 1123 274 omitteretur,
1156 232 1260 264 cum
1301 213 1476 261 festina-

198 290 327 337 tione
356 289 595 336 Nebridius
625 289 670 336 in
698 290 852 337 locum
881 289 1073 336 Sallustii
1102 290 1334 352 praefefilus
1364 306 1481 351 prae-

199 362 326 409 torio
358 361 553 410 faElione
573 362 774 410 Petronii
800 379 954 411 recens
980 375 1215 426 promotus
1235 399 1250 421 ,
1267 365 1317 410 &
1336 361 1483 410 Caesa-

201 435 291 482 rius
326 435 847 499 Constantinopolitanae
885 436 1007 483 urbis
1035 434 1265 499 praefeclus
1291 435 1338 482 in
1375 434 1483 482 vin-

205 509 307 557 cula
338 510 693 575 compinguntur
725 528 736 558 ε
766 512 817 558 &
850 509 1028 573 jubetur
1067 510 1295 558 civitatem
1328 525 1483 557 curare

203 581 332 628 solita
365 582 583 644 potestate
608 583 933 641 Phronemius,
955 584 1130 648 effeque
1158 582 1358 648 magister
1378 583 1485 629 offi-

206 656 384 704 ciorum
418 657 686 720 Euphrasius
705 694 718 716 ‚
740 658 873 704 ambo
908 658 1030 705 Galli
1051 694 1064 716 ‚
1101 656 1308 705 institutis
1338 658 1485 705 bona-

204 746 304 776 rum
330 730 492 777 artium
518 731 812 793 speflatiffimi
830 751 841 779 ι
862 733 912 780 &
932 731 1253 779 administratio
1273 729 1488 794 negotio-

206 819 305 849 rum
338 804 618 851 castrenfium
639 805 896 851 Gomoario
916 807 965 853 &
994 803 1179 867 Agiloni
1197 802 1421 850 revocatis
1442 801 1489 847 in

207 876 530 924 sacramentum
559 876 856 925 committitur
875 876 1156 932 inconsulte,
1175 888 1224 922 ut
1245 875 1399 923 docuit
1420 890 1490 921 re·

205 967 306 998 rum
339 951 485 998 exitus
518 951 739 1014 proditor.
767 951 887 1013 Quia
909 951 1042 1014 igitur
1072 950 1212 998 Julius
1232 966 1383 997 comes
1411 965 1490 1011 per

207 1022 421 1070 Thracias
454 1023 600 1085 copiis
623 1021 890 1069 militaribus
920 1021 1186 1084 praefidens,
1206 1021 1490 1083 oppressurus

207 1093 395 1141 rebelles
415 1129 428 1152 ‚
454 1094 484 1140 fi
515 1092 798 1156 comperisset
820 1104 981 1139 conata
1003 1128 1016 1151 ,
1042 1109 1097 1139 ex
1120 1092 1386 1155 propinquis
1407 1093 1492 1140 sta·-

209 1166 412 1214 tionibus
451 1165 721 1222 timebatur,
751 1181 1056 1212 commentum
1093 1165 1396 1228 excogitatum
1431 1165 1493 1213 est

209 1239 409 1288 validum
432 1257 443 1285 :
472 1241 522 1286 &
541 1237 658 1301 quasi
681 1236 793 1296 jussu
820 1238 1021 1284 Valentis
1041 1237 1149 1285 seria
1178 1238 1306 1300 super
1334 1238 1493 1286 barba-

209 1313 315 1361 ricis
355 1312 555 1359 motibus
596 1311 857 1358 tractaturus
879 1348 894 1368 ,
934 1310 1136 1358 Nebridii
1171 1311 1311 1358 literis
1343 1312 1493 1359 adhuc

210 1385 346 1433 clausi
365 1385 591 1433 violenter
612 1384 820 1449 expreffis
839 1384 1006 1433 accitus
1024 1384 1495 1447 Constantinopolim,

208 1458 398 1507 strictius
428 1458 675 1506 tenebatur.
706 1459 888 1521 Hacque
914 1458 1072 1505 callida
1103 1458 1256 1504 fraude
1293 1457 1494 1505 bellatri-

210 1549 284 1579 ces
312 1532 520 1580 Thraciae
556 1544 708 1596 gentes
745 1531 834 1577 fine
874 1548 1035 1578 cruore
1068 1530 1292 1594 acquifitae
1312 1566 1327 1587 ,
1351 1529 1494 1577 adrni-

211 1605 312 1652 cula
333 1604 444 1651 ausis
476 1604 776 1652 tumultuariis
805 1604 1000 1650 maxima
1026 1615 1357 1666 compararunt.
1390 1602 1493 1649 Post

211 1694 315 1740 quae
336 1676 396 1723 ita
416 1690 586 1724 eventu
617 1677 788 1725 laetiore
810 1677 1033 1740 completa
1052 1713 1066 1734 ‚
1091 1676 1277 1723 Araxius
1296 1675 1494 1723 exambi-

212 1761 258 1795 ta
283 1748 403 1813 regia
433 1748 650 1812 praetorio
683 1748 916 1812 praefeffiis
948 1748 1153 1806 accessit,
1184 1747 1311 1794 velut
1332 1748 1490 1812 Agilo-

214 1839 271 1869 ne
302 1838 472 1886 genero
502 1821 764 1885 suffragante
783 1840 793 1868 :
812 1821 978 1885 aliique
1000 1820 1146 1883 plures
1184 1820 1239 1867 ad
1267 1819 1378 1866 aulae
1414 1837 1494 1868 va-

214 1895 307 1941 rios
333 1895 451 1941 ailus
477 1896 526 1942 &
546 1894 913 1941 administrandas
945 1893 1201 1956 provincias
1220 1892 1318 1945 sunt
1337 1892 1493 1939 admis-

213 1968 244 2013 fi
264 2003 277 2024 ‚
298 1966 478 2030 quidam
506 1966 676 2025 inviti,
699 1967 772 2013 alii
800 1967 921 2014 ultro
953 1967 1086 2014 semet
1117 1967 1353 2014 offerentes
1391 1983 1494 2013 cum

212 2038 425 2102 praemiis.
458 2041 611 2102 thue
644 2038 692 2084 in
724 2039 1036 2086 certaminibus
1057 2037 1272 2085 intestinis
1310 2037 1390 2084 usu
1415 2054 1497 2085 ve-

217 2112 315 2158 nire
351 2112 602 2175 contingit,
623 2112 909 2175 emergebant
936 2128 991 2159 ex
1023 2110 1198 2173 vulgari
1235 2110 1343 2157 faece
1374 2125 1496 2155 non-

219 2184 331 2230 nulli
349 2219 362 2241 ,
386 2184 695 2246 desperatione
717 2182 999 2246 consiliisque
1026 2181 1302 2230 duElantibus
1334 2180 1462 2227 caecis
1485 2197 1497 2226 :

219 2267 469 2321 contraque
506 2257 686 2319 quidam
727 2257 817 2305 orti
858 2255 1083 2319 splendide
1109 2290 1123 2314 ,
1160 2272 1184 2302 a
1224 2253 1498 2302 culminibus

215 2330 396 2377 summis
430 2330 626 2392 adusque
653 2331 832 2377 mortes'
853 2331 902 2378 &
923 2329 1071 2375 exsilia
1101 2328 1381 2376 corruebant.
1405 2325 1495 2373 Ubi
1524 2382 1528 2386 ι

210 2419 290 2466 per
325 2403 422 2452 haec
469 2403 517 2450 ὅ(
555 2402 709 2451 similia
747 2401 879 2452 faeno
916 2399 1101 2448 firmiter
1141 2400 1374 2449 videbatur
1413 2398 1497 2446 effe
