1626 2917
177 210 269 256 §16
395 205 732 254 AMMIANI
778 206 1245 253 MARCELLINI

172 313 307 362 tiavit
332 314 451 361 caede
474 311 715 373 multiplici
740 311 990 371 dexteram,
1009 313 1086 360 vel
1104 313 1330 360 miseratus
1350 311 1454 373 sup-

173 389 417 451 plicantem
432 385 640 432 absceffit.
657 385 865 432 Iacebant
884 386 1031 449 itaque
1052 388 1232 449 plurimi
1252 385 1454 434 transfixi

173 463 363 509 letaliter
381 497 393 518 ‚
424 459 615 506 remedia
649 460 808 507 mortis
839 461 1114 523 compendio
1143 461 1414 524 postulantes
1439 480 1452 509 τ

169 536 248 582 alii
281 534 540 590 semineces,
575 533 749 579 labente
779 532 865 594 jam
905 533 1091 596 spiritu,
1126 534 1239 582 lucis
1276 534 1452 581 usuram

172 609 320 656 oculis
341 607 634 654 morientibus
655 607 943 671 inquirebant
963 626 973 653 :
995 608 1276 671 quorundam
1305 606 1452 670 capita

170 681 340 728 discissa
367 680 608 728 trabalibus
631 680 728 726 telis
748 715 760 737 ,
780 682 828 728 &
849 679 1088 742 pendentia
1114 678 1278 742 jugulis
1296 679 1450 726 cohae·

168 754 357 799 rebant:
377 769 476 814 pars
498 768 575 814 per
606 751 799 797 lutosum
820 752 869 798 &
889 750 1108 796 lubricum
1139 749 1282 796 solum
1312 749 1357 794 in
1381 749 1450 796 so«-

169 824 349 871 ciorum
388 840 548 870 cruore
589 824 727 886 lapsi,
766 823 939 869 intactis
984 821 1104 868 ferro
1143 821 1408 884 corporibus
1433 857 1448 879 ‚

164 897 340 945 acervis
359 897 711 960 superruentium
736 896 889 944 obruti
916 897 1203 944 necabantur.
1234 897 1352 956 Quae
1373 895 1450 942 ubi

165 970 267 1017 satis
297 985 491 1016 evenere
511 969 806 1032 prosperrime
822 1005 836 1027 ,
870 968 1063 1016 validius
1089 969 1277 1015 instante
1300 968 1449 1014 visto-

163 1060 215 1089 τε
226 1079 241 1100 ,
256 1043 461 1090 acumina
481 1043 622 1090 denfis
642 1043 799 1091 iffibus
817 1043 1134 1100 hebescebant,
1151 1043 1448 1105 splendentes-

165 1130 257 1178 que
276 1114 407 1176 galeae
430 1113 507 1160 sub
530 1114 715 1176 pedibus
733 1114 1040 1160 volvebantur
1056 1150 1069 1171 ‚
1091 1116 1138 1162 &
1158 1114 1282 1161 scuta
1303 1132 1313 1160 ε
1334 1114 1445 1160 ulti-

164 1203 245 1234 mo
264 1187 457 1250 denique
476 1187 682 1233 trudente
703 1186 972 1244 discrimine,
995 1187 1196 1243 barbari,
1218 1204 1318 1233 cum
1340 1187 1444 1234 elati

165 1260 437 1306 cadaverum
469 1275 647 1322 aggeres
677 1259 824 1306 exitus
850 1258 1118 1321 impedirent
1136 1294 1149 1317 ‚
1176 1259 1230 1304 ad
1257 1259 1443 1306 subsidia

161 1332 361 1378 fluminis
379 1332 580 1393 petivere
598 1367 610 1388 ‚
634 1348 733 1393 quae
754 1331 846 1378 sola
863 1331 1082 1378 restabant
1096 1369 1110 1389 ,
1143 1348 1299 1378 eorum
1321 1345 1443 1395 terga

160 1402 249 1464 jam
281 1402 626 1466 perstringentis.
645 1403 700 1447 Et
730 1401 835 1463 quia
856 1401 985 1448 cursu
1002 1401 1082 1448 sub
1104 1402 1236 1448 armis
1254 1402 1442 1449 concito

160 1475 381 1538 fugientes
407 1475 533 1521 miles
568 1473 802 1520 indefessus
831 1475 1041 1538 urgebat,
1068 1474 1273 1537 quidam,
1305 1476 1440 1522 nandi

160 1549 320 1612 peritia
346 1547 482 1595 eximi
506 1547 548 1594 se
580 1547 702 1610 poffe
738 1547 1064 1595 discriminibus
1099 1548 1326 1606 arbitrati,
1347 1549 1441 1596 ani-

158 1638 252 1668 mas
282 1622 488 1668 fluffibus
509 1619 843 1667 commiserunt.
870 1622 972 1680 Qua
996 1620 1122 1667 causa
1144 1620 1275 1667 celeri
1301 1621 1439 1668 corde

155 1694 307 1741 futura
337 1694 591 1757 praevidens
619 1693 765 1740 Caesar
785 1730 800 1751 ,
829 1711 931 1740 cum
962 1694 1150 1740 tribunis
1173 1696 1222 1741 ὃ(
1250 1694 1439 1741 ducibus

155 1767 358 1814 clamore
391 1766 703 1830 objurgatorio
733 1766 1024 1829 prohibebat,
1052 1784 1107 1813 ne
1137 1767 1306 1812 hostem
1337 1767 1437 1813 avi-

153 1841 256 1887 dius
291 1840 482 1904 sequens
523 1839 780 1886 nostrorum
833 1839 1066 1903 quisquam
1103 1839 1146 1885 se
1188 1839 1434 1902 gurgitibus

153 1914 461 1959 committeret
484 1913 731 1959 verticosis.
750 1912 882 1959 Unde
904 1912 947 1958 id
968 1912 1252 1959 observatum
1273 1912 1334 1958 est
1350 1949 1364 1968 ‚
1384 1925 1435 1959 ut

151 1987 426 2049 marginibus
457 1987 699 2033 insistente’s
729 1985 1025 2033 confoderent
1057 1986 1251 2032 telorum
1286 1987 1433 2033 varie-

151 2069 242 2102 tate
271 2059 558 2104 Germanos:
588 2073 782 2120 quorum
806 2057 836 2103 fi
871 2073 1004 2119 quem
1036 2056 1174 2102 morti
1210 2057 1432 2104 velocitas

149 2128 426 2176 subtraxifi'et
444 2167 455 2187 ,
475 2129 574 2191 jacli
607 2130 812 2193 corporis
831 2130 1029 2192 pondere
1051 2130 1104 2174 ad
1126 2130 1214 2176 ima
1233 2130 1430 2176 fluminis
1496 2123 1498 2126 ⁵

117 2199 412 2248 ·'subfidebat.
438 2205 491 2247 Et
511 2202 637 2248 velut
663 2203 707 2247 in
730 2202 925 2264 quodam
955 2202 1156 2246 theatrali
1176 2201 1428 2263 spectaculo

115 2268 117 2271 Α
149 2275 302 2321 aulaeis
329 2276 527 2321 miranda
562 2275 941 2331 monstrantibus,
975 2274 1109 2320 multa
1147 2275 1307 2320 licebat
1342 2273 1426 2333 jam

149 2347 241 2393 fine
272 2361 391 2393 metu
417 2349 599 2394 videre:
634 2348 766 2393 nandi
789 2346 975 2393 strenuis
1008 2346 1219 2408 quosdam
1252 2347 1425 2392 nescios

149 2420 424 2467 adhaercntes
452 2437 466 2476 3
498 2421 720 2466 fluitantes
755 2421 899 2477 alios,
938 2436 1037 2466 cum
1076 2420 1425 2481 expeditioribus

147 2491 486 2556 linquerentur,
509 2506 555 2539 ut
590 2493 794 2556 stipitem
828 2495 874 2541 δι’
905 2493 1028 2540 velut
1063 2491 1250 2539 ludlante
1285 2491 1425 2540 amnis
