1626 2917
206 160 293 202 ¹24
414 144 742 190 AMMIANI
789 145 1254 191 MARCELLINI

194 248 362 310 spodos
391 266 546 294 eorum
583 266 729 295 mores
751 286 763 306 ,
785 267 904 296 nunc
934 249 1189 298 infimorum
1223 255 1270 298 δέ
1307 250 1476 313 suppli-

194 340 293 368 cum
314 359 325 377 ,
355 324 489 385 paulo
522 323 618 384 post
651 323 802 368 ultima
823 323 1126 370 minitantium
1150 361 1163 382 ,
1188 326 1318 370 nullae
1347 326 1477 385 quie-

195 395 341 441 scendi
373 395 809 440 dabanturindutiae.
841 397 1084 442 Contra&a
1115 397 1253 459 igitur
1279 398 1476 459 undique

192 467 311 512 mole
344 467 537 512 maxima
571 478 850 512 catervarum
877 504 888 524 ,
918 468 1049 515 armis
1088 470 1136 515 δέ
1175 468 1370 514 subsidiis
1411 469 1475 514 rei

194 538 372 586 cibariae
404 539 639 602 diligenter
674 539 877 585 instrti&a
903 575 916 595 ‚
942 541 1181 604 accitoque
1217 541 1477 586 Sebastiano

193 612 361 659 comite
401 630 501 658 cum
537 612 702 676 Illyriis
733 615 782 659 &
820 613 980 660 Italicis
1014 616 1236 671 numeris,
1257 631 1372 677 quos
1404 631 1478 660 re-

193 687 323 749 gebat
349 723 362 742 ,
402 687 507 732 anni
545 700 747 748 tempore
785 687 873 750 jiim
910 701 1090 751 tepente
1136 690 1479 736 Valentinianus

195 779 298 807 cum
330 762 547 807 Gratiano
576 763 780 807 Rhenum
817 763 1100 826 transgressus
1139 764 1359 809 resistente
1400 781 1479 809 ne-

196 837 317 882 mine
338 854 351 892 ;
372 837 522 882 divisis
555 836 804 898 agminibus
833 839 1057 898 quadratis
1090 837 1176 899 ipse
1207 839 1374 883 medius
1406 839 1479 882 in-

194 909 405 965 cedebat,
436 909 606 956 Jovino
636 911 682 956 ὅ(
713 911 883 956 Severo
913 911 1128 973 magistris
1158 912 1218 956 rei
1257 911 1481 957 castrensis

195 981 453 1027 altrinsecus
483 983 693 1029 ordinum
725 983 855 1029 latera
892 983 1199 1038 servantibus,
1237 1000 1290 1028 ne
1324 1000 1483 1044 repen-

195 1056 294 1100 tino
321 1056 636 1102 invaderentur
655 1056 826 1103 assultu.
847 1058 1144 1118 Protinusque
1166 1058 1269 1102 inde
1299 1057 1482 1102 duc'lan-

195 1129 314 1175 tibus
342 1130 552 1176 itinerum
589 1130 758 1176 callidis
778 1166 790 1185 ‚
814 1131 1060 1190 exploratis
1094 1131 1360 1186 accessibus,
1401 1146 1479 1191 per

197 1202 400 1264 regiones
432 1203 573 1265 longo
603 1203 667 1247 itu
697 1203 921 1264 porreRas
951 1201 1102 1247 sensim
1126 1202 1326 1264 gradiens
1356 1202 1481 1247 miles

197 1274 409 1321 irritatior
445 1277 497 1321 ad
543 1276 829 1337 pugnandum
855 1311 867 1331 ‚
897 1275 1023 1320 velut
1061 1276 1244 1336 repertis
1282 1275 1479 1320 barbaris

196 1348 428 1394 minaciter
459 1347 753 1395 infrendebat.
788 1350 842 1392 Et
868 1347 1082 1409 quoniam
1123 1348 1296 1410 aliquot
1327 1348 1479 1394 diebus

199 1420 383 1466 emensis
404 1420 548 1465 nullus
571 1421 750 1482 potuit,
772 1418 847 1481 qui
868 1419 1105 1473 resisteret,
1129 1420 1347 1476 inveniri,
1371 1438 1481 1466 cun-

198 1491 263 1536 ἃᾶ
297 1491 488 1538 satorum
510 1494 558 1539 &
579 1493 799 1538 tedomm
826 1527 838 1548 ‚
870 1507 968 1553 quae
996 1491 1250 1537 visebantur
1286 1492 1444 1538 intach
1467 1528 1483 1550 ‚

203 1565 461 1610 cohortium
491 1583 625 1612 manu
668 1582 815 1610 vorax
849 1563 1026 1609 flamma
1061 1564 1258 1609 vallabat
1280 1599 1292 1620 ,
1324 1578 1484 1625 praeter

200 1637 408 1684 alimenta
431 1674 443 1692 ‚
472 1655 573 1700 quae
599 1636 752 1698 colligi
787 1635 945 1681 dubius
979 1651 1127 1680 rerum
1165 1648 1353 1680 eventus
1387 1636 1485 1681 adi-

201 1711 331 1774 gebat
365 1714 412 1759 &
451 1712 678 1758 custodiri.
708 1710 810 1756 Post
843 1711 937 1756 haec
970 1710 1140 1756 leniore
1179 1710 1314 1773 greffu
1355 1712 1484 1756 Prin-

203 1801 306 1844 ceps
341 1786 526 1831 ulterius
560 1785 744 1831 tendens
764 1820 775 1839 ‚
798 1801 896 1829 cum
919 1799 1060 1845 prope
1090 1783 1243 1828 locum
1266 1782 1483 1841 venisset,

203 1858 276 1903 cui
301 1858 524 1905 Solicinio
553 1876 721 1905 nomen
752 1857 839 1913 est,
864 1856 988 1903 velut
1013 1857 1201 1918 quadam
1236 1856 1366 1901 obice
1397 1855 1483 1902 ste—

201 1931 255 1977 tit
275 1969 290 1988 ‚
308 1932 465 1979 doetus
491 1931 849 1994 procursantium
868 1929 1084 1976 relatione
1106 1929 1327 1974 verissima
1345 1965 1357 1985 ‚
1388 1930 1483 1974 bar-

201 2003 336 2050 baros
367 2004 499 2066 longe
534 2003 815 2065 conspeetos.
855 2002 948 2062 Qui
985 2002 1146 2046 nullam
1185 2002 1237 2046 ad
1273 2002 1482 2048 tuendam

203 2073 383 2120 salutem
427 2077 545 2122 viam
593 2075 806 2136 superesse
851 2091 1117 2130 cernentes,
1157 2074 1233 2118 nis1
1268 2073 1307 2119 se
1349 2075 1483 2120 celeri

204 2147 494 2194 defendissent
534 2148 759 2204 occursu,
791 2148 1000 2194 locorum
1042 2147 1256 2209 gnaritate
1293 2145 1445 2192 consili
1468 2182 1482 2204 ,

204 2239 341 2266 unum
370 2222 634 2283 spirantibus
665 2222 821 2268 animis
843 2234 1041 2267 montem
1065 2236 1349 2280 occupavere
1370 2237 1484 2281 prae-

205 2293 366 2339 celsum
386 2329 398 2347 ,
418 2311 494 2354 per
516 2294 806 2356 confragosos
836 2294 973 2340 colles
993 2293 1189 2353 undique
1212 2305 1484 2353 praeruptum

205 2368 254 2412 &
286 2366 460 2411 invium
483 2402 495 2422 ‚
525 2367 684 2428 absque
713 2365 1059 2428 septemtrionali
1082 2365 1213 2410 latere
1234 2400 1246 2419 ‚
1271 2366 1388 2410 unde
1417 2363 1483 2410 fa-

207 2439 338 2486 cilem
361 2440 492 2487 habet
528 2440 917 2497 devexitatem&
952 2439 1152 2486 mollem.
1184 2439 1328 2502 Signis
1358 2438 1486 2486 illico
