1626 2917
332 178 552 225 RERUM
589 177 926 235 GESTARUM
960 175 1064 222 LIss.
1096 153 1201 222 ΞΝ.
1352 174 1407 221 σι

140 286 325 352 negotio
345 285 442 350 ipso
467 285 694 342 cervice3‚
714 285 901 332 adorare
917 282 1174 330 solemniter
1199 281 1417 329 anhelan-

139 356 228 408 tem
249 360 402 408 celsius
423 371 716 422 purpuratum
734 395 748 417 ,
767 371 815 404 ut
837 359 861 405 s
855 357 1080 421 perflabilis
1098 356 1326 405 colebatur
1340 392 1354 413 ,
1371 359 1422 404 &

139 434 349 481 intimus:
371 432 583 481 facilitate
607 432 751 480 aditus
768 468 780 488 ,
797 432 1063 495 honoreque
1084 428 1247 477 mensae
1264 429 1422 493 regalis

139 508 252 555 adeo
285 506 558 570 antepositus
588 506 712 564 aliis,
742 518 792 552 ut
820 505 908 568 jam
945 505 1148 552 secretius
1183 505 1236 551 de
1272 521 1421 550 rerum

137 581 304 628 summa
340 579 682 627 consultaretur.
722 580 853 643 AEgre
893 578 1063 625 serebat
1098 578 1333 637 Silvanus,
1366 578 1423 624 ad

138 653 418 700 consulatum
455 651 778 715 potestatesque
812 651 1014 697 sublimes
1042 651 1165 698 elatis
1198 650 1421 714 indignis,

140 726 180 772 se
203 729 252 774 ὅ(
273 726 526 773 Urficinum
559 724 703 783 solos,
728 723 827 786 post
856 724 1093 770 exsudatos
1121 740 1306 786 magnos
1337 740 1424 785 pro

140 798 369 861 republica
396 798 572 844 labores
603 798 652 844 &
686 796 895 852 crebros,
917 796 976 841 ita
1009 795 1134 842 fuisse
1166 797 1423 858 despectos,

140 883 188 916 ut
211 870 298 933 ipse
323 870 505 934 quidem
531 886 610 932 per
631 868 898 932 quaestiones
925 868 1210 915 familiarium
1234 869 1314 916 sub
1340 869 1425 915 dis-

140 943 395 1006 ceptatione
425 942 616 1007 ignobili
641 941 880 988 crudeliter
914 941 1125 1005 agitatus,
1157 943 1424 990 commisisse

139 1015 185 1061 in
221 1015 483 1078 majestatem
518 1014 833 1061 arcefferetur:
864 1014 974 1060 alter
1006 1031 1120 1061 vero
1145 1014 1200 1060 ab
1232 1017 1425 1063 Oriente

137 1102 313 1151 raptus,
337 1089 452 1135 odiis
474 1087 766 1135 inimicorum
793 1088 1074 1134 addiceretur
1094 1107 1103 1134 :
1129 1090 1179 1135 &
1200 1089 1294 1136 baec
1325 1090 1423 1135 assi-

138 1162 225 1206 due
251 1160 362 1208 clam
397 1159 665 1224 querebatur
698 1161 747 1206 &
775 1159 933 1221 palam.
965 1161 1217 1207 Terrebant
1245 1178 1328 1208 nos
1360 1175 1426 1209 ta-

135 1249 267 1292 men,
297 1250 398 1280 cum
437 1233 693 1280 dicerentur
723 1232 821 1279 haec
857 1234 908 1280 ὅ(
937 1233 1122 1291 fimilia,
1158 1235 1426 1282 circumfre-

138 1310 306 1356 mentia
325 1309 525 1373 undique
546 1326 772 1356 murmura
791 1309 1008 1357 causantis
1030 1310 1229 1372 inopiam
1251 1311 1426 1367 militis,

140 1386 191 1432 ὅ(
218 1384 369 1446 rapida
397 1383 621 1430 celeritate
654 1384 849 1430 ardentis
879 1383 1096 1447 angustias
1116 1385 1301 1448 Alpium
1325 1405 1427 1450 per-

140 1473 346 1518 rumpere
365 1455 634 1502 Cottiarunl.
656 1458 704 1500 In
728 1455 817 1502 hoc
840 1455 944 1501 aestu
964 1455 1124 1502 mentis
1144 1457 1350 1520 ancipiti,
1372 1460 1427 1505 ad

141 1529 344 1577 effectum
371 1529 556 1576 tendens
576 1528 812 1576 confilium
833 1528 1015 1575 occulta
1034 1528 1337 1578 scrutabamur
1357 1533 1428 1578 in-

142 1601 326 1666 dagine:
346 1600 603 1665 sederatque
624 1602 801 1647 tandem
817 1637 829 1658 ‚
851 1602 1026 1648 mutatis
1047 1619 1138 1664 prae
1161 1603 1325 1651 timore
1345 1604 1426 1652 sae-

142 1690 198 1737 pe
218 1673 443 1720 sententiis
458 1710 470 1730 ‚
496 1686 545 1719 ut
569 1673 759 1736 quaefitis
781 1689 938 1736 magna
960 1672 1174 1720 industria
1199 1675 1338 1721 cautis
1360 1676 1427 1723 rei

142 1745 374 1802 ministris„
403 1745 616 1792 obstri&o
653 1745 921 1807 religionum
954 1745 1295 1794 consecratione
1327 1749 1426 1795 col—

142 1818 332 1881 loquio,
353 1818 552 1866 Braccati
576 1817 917 1864 sollicitarentur
937 1830 1068 1880 atque
1089 1820 1310 1878 Cornuti,
1336 1821 1426 1868 ssu-

143 1889 289 1937 xioris
320 1889 454 1948 fidei,
484 1892 535 1937 δέ
572 1891 771 1936 ubertate
805 1890 1021 1937 mercedis
1050 1892 1105 1937 ad
1139 1906 1425 1942 momentum

144 1979 281 2010 omne
320 1963 575 2011 versabiles.
610 1964 807 2009 Firmato
838 1964 990 2027 itaque
1020 1965 1209 2028 negotio
1248 1983 1328 2027 per
1357 1967 1426 2013 se-

143 2035 339 2098 questres
360 2036 576 2100 quosdam
603 2036 856 2100 gregarios,
888 2037 1157 2084 obscuritate
1185 2037 1277 2100 ipsa
1297 2040 1352 2085 ad
1379 2040 1424 2087 id

143 2109 406 2172 patrandum
435 2109 652 2166 idoneos,
682 2109 971 2172 praemiorum
1003 2110 1328 2172 exspectatione
1351 2130 1425 2159 ac-

146 2181 332 2241 censos,
367 2181 471 2229 solis
508 2195 612 2229 ortu
653 2182 740 2244 jam
774 2181 912 2228 rutilo
949 2180 1113 2229 subitus
1148 2195 1425 2231 armatorum

146 2253 309 2316 globus
341 2254 514 2317 erupit:
535 2268 694 2319 atque,
724 2267 774 2302 ut
796 2255 908 2303 solet
933 2255 979 2302 in
1012 2256 1157 2305 dubiis
1185 2258 1316 2304 rebus
1345 2275 1424 2304 au-

148 2322 350 2383 dentior,
371 2328 488 2376 caefis
509 2329 764 2377 custodibus
785 2328 898 2392 regia
920 2342 1148 2392 penetrata
1163 2366 1175 2387 ,
1195 2330 1425 2378 Silvanum

148 2399 394 2446 extractum
421 2401 605 2448 aedicula
619 2438 631 2460 ,
656 2417 749 2466 quo
771 2401 1045 2448 exanimatus
1066 2402 1352 2466 confugerat,
1372 2401 1427 2448 acl

149 2472 519 2522 conventiculum
553 2474 663 2523 ritus
700 2473 940 2524 Christiani
970 2474 1256 2534 tendentem,
1288 2473 1428 2521 densis
