1626 2917
173 224 260 273 118
384 225 719 271 AMMMNI
772 226 1248 273 MARCELLINt

166 330 320 378 servus
345 332 499 378 alienae
528 332 775 378 voluntatis
803 333 1057 380 trahebatur
1084 335 1254 397 pallore
1284 333 1449 381 confu-

167 403 236 450 sus
254 441 267 462 ‚
301 403 531 450 claudente
566 420 786 450 noxarum
809 405 1082 452 conscientia
1110 406 1302 470 linguam
1327 425 1336 453 :
1367 406 1448 453 im-

165 477 364 523 mensum
400 487 617 539 quantum
653 477 707 522 ab
727 494 783 523 eo
814 477 1021 525 differens
1041 515 1053 536 ‚
1089 478 1165 542 qui
1197 479 1296 541 post
1328 478 1450 527 feros

165 547 464 612 lugubresque
484 561 677 595 terrores
699 549 924 597 cineribus
943 552 1189 597 Galliarum
1211 551 1450 609 insultans,

163 623 304 669 multa
333 621 585 668 minabatur
610 624 659 670 &
686 622 814 671 saeva.
843 624 1026 683 Quibus
1049 625 1105 670 ita
1125 624 1284 671 favore
1303 624 1450 688 super-

164 694 213 741 ni
236 693 430 741 numinis
463 695 710 742 terminatis
730 731 742 751 ‚
775 696 874 759 post
897 698 1100 744 exailum
1123 697 1209 759 jam
1233 697 1348 744 diem
1370 715 1452 746 oc-

163 767 345 817 cinente
377 768 549 816 liticine
579 782 818 816 revocatus
839 769 1147 817 inviffiffimus
1175 771 1326 828 miles,
1344 789 1453 834 pro-

163 858 223 905 pe
251 841 482 904 supercilia
509 842 655 888 Rheni
681 842 915 901 tendebat,
938 842 1257 907 scutorumque
1290 844 1452 890 ordine

166 915 472 978 multiplicato
505 917 695 963 vallatus
719 953 733 975 ‚
769 916 892 964 vifitu
925 916 1153 964 fruebatur
1185 920 1233 966 &
1273 917 1450 966 somnO.

166 989 446 1037 Ceciderunt
481 1002 629 1037 autem
667 990 713 1037 in
746 990 827 1036 hac
863 1007 1011 1053 pugna
1046 990 1236 1036 Romani
1270 990 1452 1054 quidem

166 1078 302 1111 CCXL
323 1066 373 1112 &
393 1079 474 1123 111,
496 1065 689 1111 redimes
714 1080 826 1110 vero
852 1079 903 1109 tv
920 1100 932 1121 ‚
953 1065 1259 1111 Bainobaudes
1284 1081 1452 1111 cornu-

164 1149 318 1184 torum
337 1137 546 1184 tribunus
561 1173 573 1195 ,
591 1137 774 1199 adaeque
794 1136 977 1197 Laipso,
1000 1139 1048 1183 ὅ(
1069 1137 1361 1183 Innocentius
1382 1155 1452 1183 ca-

163 1209 483 1271 taphraRarios
517 1210 683 1256 ducens
706 1245 721 1267 ‚
742 1209 791 1256 &
822 1226 983 1256 vacans
1005 1209 1183 1271 quidam
1215 1209 1417 1256 tribunus
1436 1246 1450 1268 ,

163 1281 295 1340 cujus
324 1299 418 1330 non
439 1284 630 1345 suppetit
664 1299 830 1330 nomen
852 1303 861 1329 :
889 1301 942 1330 ex
966 1283 1224 1330 Alamannis
1245 1301 1358 1331 vero
1378 1285 1451 1331 sex

163 1353 307 1400 millia
330 1370 574 1417 corporum
598 1355 781 1401 inventa
811 1353 908 1401 sunt
936 1354 981 1400 in
1009 1372 1169 1417 campo
1201 1356 1448 1411 constrata,

163 1428 215 1474 ὃ(
235 1426 561 1474 inaestimabiles
585 1439 870 1473 mortuorum
903 1426 1052 1473 acervi
1082 1444 1160 1489 per
1189 1428 1328 1474 undas
1361 1428 1451 1475 flu-

162 1500 298 1548 minis
326 1500 599 1548 ferebantur.
636 1500 769 1546 Tunc
800 1499 997 1547 Julianus
1024 1536 1037 1557 ‚
1070 1514 1118 1546 ut
1147 1512 1238 1546 erat
1268 1500 1452 1549 fortuna

163 1573 229 1620 sui
245 1572 494 1636 spe&atior,
518 1571 774 1636 meritisque
801 1572 956 1635 magis,
976 1589 1111 1634 quam
1133 1573 1343 1636 imperiO,
1363 1589 1451 1635 po·

162 1657 264 1693 tens
282 1681 296 1705 ,
323 1644 544 1709 Augustus
567 1643 891 1692 acclamatione
917 1646 1136 1691 concordi
1157 1647 1296 1692 totius
1325 1663 1453 1693 exer-

162 1719 277 1768 citus
309 1720 554 1783 appellatus
571 1756 584 1777 ,
608 1733 658 1767 ut
687 1733 866 1784 agentes
893 1719 1163 1783 petulantius
1193 1721 1356 1769 milites
1376 1722 1451 1768 in-

161 1795 374 1856 crepabat
393 1830 408 1853 ,
431 1793 475 1839 id
505 1793 545 1840 se
568 1810 651 1840 nec
683 1793 876 1856 sperare,
907 1809 990 1839 nec
1016 1793 1199 1856 adipisci
1238 1794 1355 1840 velle
1374 1793 1449 1855 ju-

160 1867 309 1914 rando
346 1865 628 1914 confirmans,
658 1869 714 1913 Et
749 1879 798 1912 ut
832 1879 1007 1929 augeret
1035 1880 1225 1912 eventus
1264 1866 1444 1914 secundi

161 1939 362 1986 laetitiam
386 1975 398 1998 ,
420 1939 621 1986 concilio
650 1938 1043 1986 Chnodomarium
1068 1937 1185 1999 juffit
1213 1939 1289 1985 sibi
1310 1940 1447 1986 offer-

160 2014 231 2060 ri:
266 2013 343 2078 qui
368 2014 515 2077 primo
549 2027 762 2062 curvatus
788 2049 802 2071 ‚
832 2013 990 2060 deinde
1021 2014 1146 2060 humi
1188 2013 1446 2076 suppliciter

160 2086 284 2134 fusus
303 2123 316 2143 ‚
335 2086 581 2151 gentilique
609 2103 741 2150 prece
762 2085 939 2133 veniam
964 2085 1150 2148 poscens
1170 2122 1181 2141 ,
1202 2085 1330 2131 bono
1351 2085 1444 2132 ani-

157 2175 237 2206 mo
265 2158 347 2204 effe
377 2158 436 2204 est
467 2157 614 2217 jussus.
650 2161 705 2204 Et
728 2158 884 2205 diebus
918 2158 1067 2220 postea
1102 2158 1256 2221 paucis
1287 2159 1442 2204 duetus

159 2232 215 2278 ad
245 2230 507 2278 comitatum
545 2231 860 2292 Imperatoris,
883 2230 1122 2294 missusque
1153 2231 1314 2277 exinde
1346 2233 1446 2279 Ro-

159 2322 278 2353 mam
293 2342 306 2361 ,
330 2304 374 2350 in
398 2303 545 2351 castris
574 2304 818 2368 peregrinis
835 2341 848 2363 ,
866 2321 965 2367 quae
984 2303 1030 2349 in
1050 2320 1205 2350 monte
1227 2304 1323 2349 sunt
1345 2306 1446 2351 Cae-

159 2379 226 2425 lio
247 2414 261 2437 ‚
293 2379 458 2424 morbo
491 2379 666 2423 veterni
686 2377 944 2426 consumtus
967 2376 1040 2423 est.
1074 2377 1153 2424 His
1176 2390 1246 2423 tot
1270 2395 1320 2424 ac
1341 2378 1444 2425 tali-

157 2451 240 2498 bus
270 2450 488 2514 prospero
517 2451 699 2512 peraflis
731 2464 929 2506 eventu,
953 2450 996 2495 in
1020 2451 1188 2512 palatio
1215 2450 1443 2497 Constan-

157 2524 209 2572 tii
230 2523 406 2588 quidam
423 2523 644 2572 Julianum
667 2524 897 2589 culpantes
912 2559 926 2584 ,
944 2536 994 2570 ut
1011 2523 1218 2587 princeps
1249 2522 1338 2586 ipse
1366 2522 1441 2569 de·
