1626 2917
190 211 283 271 326
415 208 748 256 AMMtANl
785 208 1257 256 MARCELLINI

193 315 365 364 brevia.
396 316 624 379 AEgyptus
652 314 743 378 ipsa
760 351 774 373 ‚
795 331 894 378 quae
920 315 1008 377 jam
1031 315 1163 374 inde,
1182 315 1247 363 uti
1267 316 1482 362 Romano

191 389 388 451 imperio
421 387 568 448 innita
611 387 672 434 est
693 425 708 446 ,
738 389 906 450 regitur
935 405 959 435 a
993 387 1210 450 praefeffis
1231 424 1244 447 ‚
1282 388 1483 451 exceptis

193 461 450 510 minoribus
489 462 643 509 multis
665 499 681 520 ‚
718 461 932 520 Athribi,
970 463 1021 509 &
1056 463 1359 527 Oxyryncho
1382 498 1395 519 ,
1435 464 1487 509 δε

193 535 385 590 Thmui,
409 537 458 584 ὅ(
484 535 686 599 Memphi
705 534 910 582 maximis
931 535 1118 582 urbibus
1136 535 1260 582 nitet.
1283 536 1483 583 Alexan-

194 610 288 655 dria
309 608 429 654 enim
447 623 609 655 vertex
631 609 835 656 omnium
855 608 915 655 est
932 608 1192 668 civitatum,
1207 626 1341 673 quam
1361 608 1484 656 mul-

193 694 240 730 ta
263 683 531 740 nobilitant,
551 686 600 732 &
620 683 951 747 magnificentia
981 683 1234 730 conditoris
1264 683 1488 740 altissimi,

199 757 251 803 &
283 756 512 802 architeffi
547 756 745 803 sollertia
777 756 1077 804 Dinocratis:
1113 757 1190 820 qui
1227 755 1361 820 [cum
1393 767 1491 802 am*

198 828 273 892 pla
307 829 481 875 moenia
503 828 710 875 fundaret
729 830 781 876 &
801 828 990 891 pulchra
1008 864 1024 887 ‚
1054 829 1240 892 penuria
1273 827 1404 876 calcis
1434 826 1491 874 ad

199 915 492 956 momentum>
525 921 684 966 parum
714 907 931 966 repertae]
953 919 1111 951 omnes
1128 902 1320 950 ambitus
1346 902 1492 948 linea-

199 976 264 1024 les
297 976 440 1024 farina
472 977 705 1040 respersit:
740 978 866 1041 quod
895 977 1127 1025 civitatem
1153 977 1252 1040 post
1286 978 1386 1024 haec
1407 975 1494 1022 ali-

200 1063 459 1098 mentorum
487 1050 614 1098 uberi
637 1051 770 1114 cOpia
793 1050 1105 1099 circumfluere
1135 1050 1329 1098 fortuito
1355 1065 1494 1096 mon-

201 1122 376 1170 stravit.
410 1122 524 1170 Inibi
557 1140 677 1170 aurae
711 1122 942 1169 salubriter
978 1122 1191 1185 spirantes
1211 1159 1226 1182 ,
1255 1139 1330 1169 aer
1367 1134 1494 1168 tran*-

203 1197 370 1259 quillus
401 1197 450 1244 &
471 1196 697 1244 clemens:
724 1208 857 1260 atque
882 1207 931 1242 ut
953 1195 1203 1259 periculum
1236 1194 1395 1243 docuit
1415 1210 1495 1257 per

203 1269 352 1318 varias
383 1270 624 1317 colleffiim
657 1281 806 1316 aetates
826 1306 841 1326 ,
871 1269 999 1316 nullo
1025 1286 1152 1332 paene
1184 1269 1255 1316 die
1285 1267 1495 1316 incolen-

204 1354 271 1391 tes
292 1343 408 1390 hanc
438 1342 671 1390 civitatem
692 1341 832 1387 solem
854 1341 1056 1387 serenum
1078 1357 1173 1387 non
1194 1340 1365 1387 vident.
1388 1341 1495 1387 Hoc

204 1415 310 1462 litus
344 1431 444 1461 cum
474 1413 708 1460 fallacibus
733 1412 1016 1461 &insidiosis
1047 1413 1288 1460 acceffibus
1325 1413 1497 1476 afflige-

206 1502 276 1534 ret
308 1487 496 1534 antehac
529 1486 792 1550 navigantes
814 1481 1399 1548 discriminibus*plurimis,
1419 1502 1497 1533 ex-

206 1560 432 1624 cogitavit
451 1560 498 1606 in
523 1573 661 1622 portu
681 1559 926 1621 Cleopatra
947 1558 1106 1605 turrim
1126 1557 1343 1605 excelsam
1358 1593 1372 1616 ‚
1396 1574 1498 1622 quae

207 1637 383 1684 Pharos
401 1653 424 1683 a
447 1636 556 1684 loco
588 1635 686 1698 ipso
717 1633 1096 1699 cognominatur,
1120 1634 1390 1696 praelucendi
1415 1646 1499 1681 na-‘

208 1710 347 1756 vibus
380 1710 600 1756 nosiurna
630 1708 869 1772 suggerens
906 1706 1178 1754 ministeria:
1211 1723 1312 1753 cum
1348 1722 1498 1769 quon-

208 1783 309 1829 dam
341 1800 397 1829 ex
425 1781 667 1829 Parthenio
700 1782 859 1845 pelago
892 1780 1126 1828 venientes
1165 1792 1240 1827 aut
1281 1778 1459 1842 Libyco
1480 1814 1498 1838 ,

209 1873 291 1918 per
327 1856 494 1918 pandas
522 1871 620 1902 oras
648 1855 698 1902 &
732 1853 904 1916 patulas
923 1889 936 1910 ‚
962 1852 1188 1899 montium
1220 1851 1363 1898 nullas
1396 1850 1501 1913 spe-·

211 1927 336 1973 culas
373 1927 448 1974 vel
473 1927 660 1974 collium
696 1925 816 1988 figna
854 1937 1117 1983 cernentes,
1142 1939 1373 1971 arenarum
1406 1923 1499 1969 illi-

213 1998 272 2044 sae
296 1997 533 2061 glutinosae
552 1997 759 2044 mollitiae
785 1995 1107 2059 frangerentur.
1133 1997 1243 2043 Haec
1261 1995 1414 2042 eadem
1429 2011 1498 2042 re·

210 2071 312 2134 gina
344 2072 666 2135 heptastadium
688 2107 703 2130 ,
734 2070 847 2118 ficut
880 2069 963 2117 vix
989 2069 1205 2118 credenda
1237 2068 1494 2127 celeritate,

210 2144 271 2191 ita
303 2145 612 2208 magnitudine
644 2143 757 2191 mira
786 2142 1031 2206 construxit
1055 2142 1117 2189 ob
1139 2140 1312 2189 causam
1341 2155 1498 2187 notam

211 2218 262 2265 Sc
302 2217 600 2264 necessariam.
644 2215 788 2264 lnsula
832 2216 1033 2273 Pbaros,
1070 2214 1148 2261 ubi
1196 2215 1357 2262 Protea
1394 2231 1498 2261 cum

212 2292 460 2353 phocarum
491 2290 698 2354 gregibus
726 2289 994 2338 diversatum
1020 2289 1244 2335 Homerus
1276 2287 1499 2334 fabulatur

211 2363 407 2410 inflatius
429 2399 442 2420 ‚
473 2381 497 2410 a
530 2363 726 2411 civitatis
756 2362 889 2408 litore
925 2361 1046 2408 mille
1074 2362 1265 2424 paffibus
1300 2359 1495 2422 dispara-

216 2450 260 2484 ta
279 2473 293 2496 ,
325 2437 613 2485 Rhodiorum
635 2450 728 2484 erat
746 2436 948 2485 obnoxia
979 2434 1203 2499 veffigali.
1234 2433 1374 2495 Quod
1393 2449 1496 2480 cum

212 2510 261 2558 in
299 2510 369 2558 die
403 2511 601 2575 quodam
639 2511 827 2558 nimium
864 2522 1080 2574 quantum
1125 2507 1309 2572 petituri
1344 2503 1495 2556 venis-
