1626 2917
289 207 510 254 RERUM
546 204 886 251 GESTARUM
922 205 1024 250 LIB.
1057 203 1207 251 XXII.
1310 221 1400 268 317

120 313 341 379 pellavst,
368 312 536 375 probra
571 310 767 359 civitatis
802 308 1154 374 infensa-mente
1193 308 1402 356 dinume-

117 405 244 444 rans,
269 385 521 447 addensque
540 384 720 432 veritati
737 383 998 446 complura:
1023 383 1123 445 post
1146 400 1245 446 quae
1263 384 1403 432 multa

119 461 167 507 in
192 460 235 507 ·se
262 459 409 507 facere
435 459 546 506 djeca
581 458 893 520 comperiens,
925 456 1106 504 coactus
1134 456 1402 504 diffimulare

118 551 205 597 pro
242 546 448 595 tempore
480 568 494 591 ‚
532 531 597 578 ira
631 531 885 577 sufflabatur
926 530 1113 578 interna.
1156 529 1403 577 Ridebatur

118 607 238 655 enim
263 621 312 653 ut
340 608 543 669 Cercops
562 643 576 663 ,
608 607 752 652 homo
780 604 932 652 brevis
953 642 967 662 ,
1000 606 1211 652 humeros
1245 617 1403 652 exten-

118 692 218 729 tans
245 680 453 745 angustos
472 717 487 738 ,
503 681 552 727 &
574 680 754 726 barbam
782 696 874 741 prae
906 678 947 725 se
976 677 1121 725 ferens
1144 677 1362 725 hircinam
1387 717 1402 738 ,

118 753 390 819 grandiaque
410 753 621 800 incedens
650 764 864 817 tanquam
891 751 973 799 Oti
996 750 1129 798 frater
1152 753 1202 799 ὅ(
1223 753 1404 815 Ephial-

117 827 175 874 tis
197 864 212 884 ,
243 843 440 890 quorum
463 825 780 889 proceritatem
803 826 1028 871 Homerus
1057 824 1102 870 in
1136 824 1401 872 immensum

117 900 241 946 tollit
264 917 274 946 :
304 899 547 963 itidemque
574 899 848 946 victimarius
868 915 950 961 pro
975 897 1189 945 sacricola
1219 898 1402 945 diceba-

116 983 191 1019 tur
206 1007 220 1029 ‚
249 971 303 1018 ad
325 970 606 1018 crebritatem
626 969 867 1017 hostiarum
890 970 1189 1017 alludentibus
1222 971 1402 1017 multis:

118 1046 169 1091 δέ
205 1043 466 1105 culpabatur
499 1042 605 1088 hinc
631 1053 891 1104 opportune
912 1078 924 1100 ‚
954 1060 1055 1089 cum
1086 1042 1401 1089 ostentationis

117 1117 256 1181 gratia
289 1116 456 1164 vehens
485 1115 669 1162 licenter
704 1131 788 1177 pro
825 1115 1125 1162 sacerdotibus
1161 1114 1305 1173 sacra,
1328 1115 1400 1161 sti-

115 1190 334 1254 patusque
365 1188 638 1235 mulierculis
665 1188 908 1235 laetabatur.
938 1188 992 1234 Et
1020 1205 1292 1252 quamquam
1333 1189 1400 1236 his

115 1262 395 1326 paribusque·
415 1263 469 1309 de
508 1261 646 1308 caulis
685 1260 1026 1324 indignaretur,
1063 1274 1214 1308 tacens
1251 1274 1400 1307 tamen

116 1349 386 1400 motumque
411 1336 457 1382 in
490 1335 628 1382 animi
671 1335 867 1381 retinens
902 1333 1119 1396 potestate
1138 1369 1151 1390 ‚
1182 1333 1400 1382 solemnia

116 1411 381 1458 celebrabat.
398 1410 611 1471 Denique
633 1409 880 1470 praestituto
899 1407 1107 1454 feriarum
1131 1407 1201 1454 die
1222 1408 1401 1455 Casium

117 1496 321 1531 montem
353 1482 550 1529 ascendit
582 1481 895 1538 nemorosum,
916 1482 965 1528 &
994 1480 1122 1526 tereti
1160 1480 1330 1527 ambitu
1356 1482 1401 1527 in

117 1556 303 1604 sublime
330 1555 586 1618 porrectum
604 1589 616 1612 ,
637 1555 755 1600 unde
784 1554 986 1601 secundis
1016 1553 1250 1616 galliciniis
1270 1556 1401 1602 vide-

117 1641 192 1676 tur
219 1629 369 1692 primo
398 1628 500 1675 solis
524 1640 722 1674 exortus.
752 1628 962 1689 Cumque
993 1627 1100 1674 Jovi
1118 1626 1283 1675 faceret
1307 1645 1400 1676 rem

118 1701 321 1749 divinam
344 1737 359 1760 ,
389 1712 572 1763 repente
601 1699 839 1762 conspexit
869 1699 1090 1762 quendam
1127 1699 1251 1745 humi
1288 1717 1401 1763 pro-

117 1775 320 1832 stratum,
340 1773 528 1837 supplici
549 1789 668 1820 voce
688 1772 830 1818 vitam
859 1784 1113 1833 precantem
1137 1772 1186 1819 &
1206 1772 1403 1820 veniam.

118 1847 508 1912 Interrogantique
534 1845 601 1903 ei,
629 1844 707 1908 qui
738 1844 864 1902 effet,
890 1843 1147 1907 responsum
1167 1844 1227 1890 est
1247 1844 1400 1890 Praesi-

118 1921 264 1968 ‹lalem
289 1921 374 1968 effe
403 1920 698 1967 Theodotum
728 1918 1112 1980 Hierapolitanum
1139 1934 1151 1965 t
1179 1918 1256 1981 qui
1289 1935 1401 1981 pro-

118 1993 284 2042 feftum
319 2011 343 2041 a
378 1994 563 2041 civitate
593 1992 668 2039 sua
701 1991 1014 2039 Constantium
1046 1991 1163 2037 inter
1197 1991 1399 2037 honora-

118 2078 194 2114 tos
213 2067 460 2123 deducens,
485 2064 706 2112 adulando
727 2063 992 2110 deformiter
1007 2098 1021 2121 ‚
1043 2075 1252 2125 tanquam
1273 2062 1396 2109 futu-

119 2155 220 2186 rum
249 2138 338 2185 fine
364 2138 588 2185 dubietate
607 2137 855 2192 viciorem,
879 2135 1062 2194 orabat,
1082 2135 1283 2182 lacrimas
1313 2133 1397 2182 fin-

119 2228 227 2276 gens
248 2213 297 2259 &
316 2211 529 2274 gemitum
551 2246 565 2268 ‚
585 2224 632 2256 ut
659 2209 819 2258 Iuliani
846 2209 900 2255 ad
931 2224 1009 2254 eos
1040 2207 1233 2253 mitteret
1261 2219 1398 2269 caput

58 2327 63 2334 ,
120 2283 359 2346 perduellis
390 2281 580 2345 ingrati,
602 2281 744 2342 specie
772 2281 846 2325 illa
867 2315 880 2336 ,
907 2297 997 2342 qua
1026 2279 1271 2343 Magnentii
1306 2279 1396 2325 cir-

49 2410 54 2416 ·
120 2355 360 2403 cumlatum
398 2355 660 2401 meminerat
683 2354 948 2399 membrum.
983 2352 1162 2412 Quibus
1198 2351 1397 2407 auditis,

119 2433 276 2490 Accepi
309 2431 434 2486 olim,
455 2428 636 2492 inquit,
668 2429 741 2473 hoc
774 2428 955 2482 dietum,
986 2429 1258 2487 Imperator,
1290 2429 1398 2470 rela-

121 2503 229 2549 tione
258 2506 477 2549 multorum
491 2503 596 2564 :secl
609 2504 681 2548 abi
695 2503 868 2563 J'iecutus
886 2503 946 2564 ad
962 2504 1092 2559 lares,
1112 2515 1260 2546 exutus
1281 2496 1398 2543 omni
