1626 2917
332 197 580 245 ‚RERUM
617 199 955 246 GESTARUM
992 199 1094 244 ΠΒ.
1130 199 1254 245 XVI.
1364 218 1454 265 119

162 304 396 352 lediaretur
414 340 427 362 ‚
462 304 637 351 irrisive
667 304 953 350 Viciorinum
979 303 1082 364 ideo
1116 303 1412 357 nominabant
1435 341 1451 366 ‚

162 377 288 440 quod
311 379 568 426 verecunde
586 375 788 423 referens
803 412 815 433 ‚
836 375 1015 440 quoties
1032 375 1270 439 imperaret
1285 413 1299 434 ‚
1319 377 1450 440 supe-

159 462 282 496 ratos
306 449 534 497 indicabat
558 448 672 512 saepe
697 450 965 495 Germanos.
984 450 1189 511 Interque
1210 466 1450 514 exaggera-

158 520 331 568 tionem
359 520 559 568 inanium
593 520 774 568 laudum
797 555 811 575 ‚
833 519 1270 584 ostentationemque
1297 537 1450 584 aperte

159 593 406 640 lucentium
427 629 442 650 ‚
481 592 699 639 inflabant
732 609 788 639 ex
818 592 898 639 usu
939 595 1259 656 Imperatorem
1291 595 1449 659 suopte

158 664 343 728 ingenio
371 664 557 711 nimium
578 700 592 723 ‚
619 663 837 728 quidquid
849 680 942 745 “per
971 681 1153 711 omnem
1189 678 1318 714 terrae
1349 684 1447 714 am-

159 739 300 786 bitum
322 739 566 802 agebatur,
589 738 795 786 felicibus
821 737 913 800 ejus
939 738 1138 802 auspiciis
1167 741 1449 805 assignantes.

157 812 393 871 Quocirca
424 811 808 876 magniloquentia
838 812 977 858 elatus
1003 812 1315 873 adulatorum,
1334 827 1446 864 tunc

158 885 210 931 &
243 884 402 931 deinde
432 885 584 932 edictis
612 884 854 947 propositis
884 899 1146 948 arroganter
1170 885 1269 933 satis
1302 888 1445 936 multa

157 957 484 1015 mentiebatur,
508 957 549 1004 se
572 957 717 1004 solum
731 993 746 1016 ‚
765 973 867 1004 cum
890 956 1017 1020 gestis
1041 974 1135 1004 non
1165 959 1375 1018 affuisset,
1395 963 1445 1010 &

156 1029 381 1077 dimicasse
402 1066 417 1087 ,
448 1031 498 1077 &
533 1028 714 1087 vicisse,
750 1031 800 1078 &
831 1029 1049 1092 supplices
1085 1047 1209 1094 reges
1243 1032 1442 1095 gentium

155 1103 338 1150 erexiffe
367 1102 606 1166 aliquoties
634 1101 826 1150 scribens
850 1121 860 1150 :
886 1104 935 1151 &
958 1104 1014 1161 fi,
1043 1104 1171 1151 verbi
1192 1106 1358 1169 gratia,
1384 1123 1442 1154 eo

155 1191 309 1240 agente
342 1190 450 1224 tunc
481 1178 526 1224 in
559 1177 712 1235 ltalia,
743 1177 835 1224 dux
861 1178 1040 1241 quidam
1077 1179 1228 1243 egifl'et
1264 1179 1443 1228 fortiter

123 1279 129 1285 ·
156 1263 316 1298 contra
336 1251 505 1309 Persas,
525 1252 646 1298 nulla
672 1251 765 1311 ejus
785 1251 1017 1298 mentione
1037 1269 1114 1314 per
1139 1264 1313 1300 textum
1337 1254 1441 1300 lon-

156 1323 376 1386 giffimum
413 1323 549 1381 facia,
586 1324 801 1370 laureatas
836 1324 983 1370 literas
1010 1325 1065 1370 ad
1098 1325 1441 1387 provinciarum

153 1397 313 1444 damna
343 1398 547 1444 mittebat
567 1431 583 1457 ,
612 1397 653 1443 se
689 1397 804 1444 inter
833 1397 1053 1457 primores
1085 1397 1307 1445 versatum
1337 1416 1441 1447 cum

156 1469 315 1515 odiosa
355 1469 418 1514 sui
462 1467 701 1530 jafflatione
729 1468 994 1531 fignificans.
1032 1469 1211 1516 Exstant
1246 1471 1441 1535 denique

155 1538 248 1599 ejus
279 1540 419 1588 edicta
458 1540 505 1585 in
542 1538 768 1585 tabulariis
800 1538 1015 1601 principis
1054 1539 1244 1602 publicis
1275 1542 1441 1588 condi-

152 1626 198 1661 ta
232 1647 533 1662 .......
565 1613 708 1659 delata
744 1614 978 1668 narrandi,
1006 1614 1347 1679 extollendique
1373 1615 1439 1663 se-

153 1698 245 1734 met
280 1686 327 1732 in
367 1686 550 1733 coelum.
592 1686 648 1732 ab
680 1688 984 1749 Argentorato
1027 1703 1128 1733 cum
1167 1701 1442 1751 pugnaretur

151 1757 384 1805 mansione
404 1759 730 1822 quadragesima
752 1758 1018 1820 disparatus,
1044 1759 1293 1808 describens
1314 1779 1439 1824 proe-

150 1831 263 1878 lium
284 1865 298 1889 ,
318 1831 459 1878 aciem
486 1831 707 1878 ordinasse
730 1867 743 1889 ,
776 1833 826 1879 &
852 1831 1010 1879 stetisse
1039 1833 1157 1879 inter
1178 1834 1438 1897 signiferos,

151 1906 202 1953 δι
219 1905 428 1953 barbaros
452 1905 613 1969 fugaffe
633 1906 886 1969 praecipites
906 1943 919 1964 ‚
940 1906 1108 1971 fibique
1133 1908 1333 1956 oblatum
1354 1909 1437 1957 fal-

151 1977 201 2024 so
226 1977 395 2025 indicat
418 1978 812 2025 Chnodomarium
830 2014 843 2036 ,
877 1979 1031 2042 (proh
1051 1997 1198 2027 rerum
1234 1981 1435 2046 indigni-

151 2047 283 2112 tasl)
317 2048 446 2111 super
470 2050 633 2097 Juliani
667 2049 870 2113 gloriosis
891 2049 1062 2099 aclibus
1093 2053 1401 2101 conticescens
1421 2072 1435 2101 ε

151 2137 270 2183 quos
303 2121 531 2184 sepelierat
562 2123 737 2185 penitus
756 2159 770 2182 ,
804 2123 851 2169 ni
871 2124 985 2171 fama
1017 2141 1086 2172 res
1116 2127 1329 2175 maximas
1357 2127 1434 2177 vel

154 2193 528 2244 obumbrantibus
547 2195 755 2259 plurimis
778 2196 901 2244 silere
928 2197 1131 2246 nesciret«.

479 2386 1100 2421 W·-

1052 2575 1162 2635 H4
