1626 2917
289 190 511 241 RERUM
547 191 887 240 GESTARUM
924 192 1025 239 Lm.
1061 193 1185 239 xvt.
1320 192 1377 255 ες

94 300 312 350 'occurrit-
344 301 555 364 Cumque
587 299 634 346 in
654 298 890 346 bicornem
917 297 1103 363 figuram
1141 297 1239 346 acie
1263 298 1383 346 divi-

96 377 141 425 sa
158 413 172 436 ‚
195 376 365 425 collato
394 376 505 440 pede
532 392 600 423 res
621 375 689 438 agi
722 374 925 437 coepisset
940 410 954 432 ,
980 368 1210 438 exitioque
1230 375 1382 422 hostes

96 461 360 513 urgerentur
389 447 604 512 ancipiti,
638 447 779 511 captis
801 446 1034 493 nonnullis
1056 482 1068 505 ‚
1097 447 1194 494 aliis
1213 448 1260 493 in
1282 447 1383 510 ipso

97 522 253 587 proelii
277 521 462 570 fervore
479 521 696 569 truncatis
716 555 730 581 ,
747 519 909 567 residui
931 519 1156 568 discessere
1176 521 1384 569 celerita-

97 597 154 645 tis
185 596 389 660 praefidio
421 595 537 642 teeti.

162 673 234 719 111.
263 671 406 719 Nullo
427 671 576 734 itaque
595 668 694 732 post
719 668 815 716 haec
839 680 1115 733 repugnante
1130 705 1145 728 ‚
1164 670 1219 716 ad
1244 686 1381 718 recu-

97 746 336 809 perandam
367 745 430 792 ire
457 745 623 808 placuit
645 743 935 807 Agrippinam
955 779 968 801 ,
991 756 1093 790 ante
1126 744 1312 792 Caesaris
1331 746 1381 792 in

99 818 269 866 Gallias
303 818 549 864 adventum
587 816 809 863 excisam:
843 833 922 877 per
947 832 1062 878 quos
1091 818 1255 863 tra&us
1294 834 1381 864 nec

97 890 259 939 civitas
289 890 381 937 ulla
407 890 566 938 visitur
581 924 598 945 ,
621 904 702 934 nec
734 886 960 934 castellum
980 921 994 943 ,
1015 887 1095 933 nifi
1115 889 1240 950 quod
1261 890 1382 952 apud

99 963 400 1010 Confluentes
417 998 432 1020 ‚
452 962 603 1009 locum
630 961 688 1007 ita
709 961 1086 1024 cognominatum
1101 997 1116 1020 ‚
1139 961 1217 1008 ubi
1237 964 1383 1010 amnis

98 1035 290 1082 Mosella
321 1034 617 1083 confunditur
656 1033 820 1080 Rheno
854 1069 871 1090 ,
914 1034 1218 1098 Rigomagum
1245 1036 1381 1099 oppi-

33 1100 38 1103 ’
99 1109 205 1156 dum
256 1109 353 1168 est,
392 1111 441 1157 &
482 1125 570 1156 una
603 1125 747 1172 prope
781 1107 918 1171 ipsam
946 1108 1193 1165 Coloniam
1231 1107 1384 1159 turr‘is.

95 1183 238 1247 Igitur
270 1183 564 1248 Agrippinam
599 1182 812 1247 ingressus
831 1219 846 1242 ,
880 1199 976 1228 non
1004 1172 1106 1229 ante
1138 1195 1289 1230 motus
1318 1184 1381 1231 est

95 1256 293 1316 exinde,
327 1274 493 1321 quam,
527 1260 802 1304 Francorum
839 1256 1017 1319 regibus
1052 1255 1207 1303 furore
1247 1257 1381 1304 mite-

99 1330 249 1378 scente
270 1333 516 1394 perterritis
543 1369 557 1390 ,
584 1349 739 1396 pacem
752 1330 948 1377 firmaret
967 1331 1226 1393 reipublicae
1257 1332 1380 1379 inte-

99 1402 184 1449 rim
205 1402 483 1464 profuturam
502 1439 516 1460 ‚
545 1405 595 1450 &
620 1404 776 1451 urbem
797 1403 1013 1466 reciperet
1031 1403 1383 1453 munitiflimam.

100 1475 279 1535 Quibus
295 1475 510 1524 vincendi
529 1475 737 1538 primitiis
759 1475 911 1532 laetus,
933 1491 1012 1537 per
1031 1475 1262 1523 Treveros
1281 1476 1384 1524 hie-

98 1558 296 1594 maturus
323 1548 442 1610 apud
470 1540 670 1595 Senonas
690 1545 907 1610 oppidum
926 1560 1035 1594 tunc
1065 1542 1380 1609 opportunum

98 1614 315 1665 absceflit.
340 1616 419 1663 ubi
436 1617 668 1669 bellorum,
684 1616 999 1663 inundantium
1033 1618 1199 1663 molem
1219 1618 1380 1664 hume-

97 1688 158 1736 ris
177 1687 289 1747 suis,
309 1689 435 1752 quod
460 1688 649 1746 dicitur,
668 1689 838 1736 vehens
855 1724 870 1747 ,
894 1688 1172 1737 scindebatur
1190 1690 1238 1736 in
1257 1689 1384 1737 mul-

98 1759 274 1821 tiplices
311 1776 438 1808 curas
466 1777 479 1811 z
516 1773 564 1806 ut
591 1759 754 1806 milites
771 1795 786 1818 ‚
821 1759 901 1823 qui
927 1777 951 1806 a
986 1759 1127 1807 solitis
1153 1759 1380 1808 descivere

97 1829 309 1893 praefidiis
328 1866 343 1889 ‚
368 1831 687 1879 reducerentur
708 1831 764 1878 ad
793 1831 895 1879 loca
921 1831 1117 1895 suspecta
1137 1867 1150 1889 ,
1181 1834 1231 1879 ὃ(
1266 1849 1381 1879 con-

99 1905 282 1968 spiratas
316 1919 470 1971 gentes
505 1907 552 1953 in
586 1923 752 1954 noxam
785 1906 980 1953 Romani
1013 1906 1214 1954 nominis
1252 1905 1381 1967 disje=¹

99 1979 234 2026 &aret
247 2015 264 2037 ‚
283 1997 332 2027 ac
354 1980 649 2043 provideret,
665 1997 720 2027 ne
746 1979 954 2029 alimenta
984 1980 1178 2028 deeffent
1201 1980 1381 2027 exerci-

98 2051 167 2098 tui
191 2068 272 2114 per
302 2052 429 2100 varia
457 2051 721 2100 discursuro.

164 2126 242 2171 lv.
260 2125 371 2173 Haec
403 2125 594 2173 sollicite
626 2123 964 2187 perpensantem
984 2123 1156 2172 hostilis
1177 2123 1385 2188 aggredi=

103 2208 174 2243 tur
203 2198 449 2246 multitudo
476 2235 494 2258 ,
523 2199 683 2262 oppidi
713 2198 927 2263 capiundi
956 2198 1030 2261 spe
1054 2197 1102 2245 in
1136 2198 1278 2259 majus
1305 2215 1382 2246 ac-

104 2270 233 2320 censa
266 2290 282 2320 z
311 2272 415 2320 ideo
446 2272 755 2331 confidentes,
787 2274 912 2336 quod
947 2274 989 2320 ei
1026 2289 1110 2321 nec
1152 2273 1385 2321 Scutarios

104 2344 246 2392 adeffe
259 2380 273 2403 ,
288 2347 337 2394 ὅτ
355 2347 535 2410 quidem
554 2347 846 2395 monentibus
866 2347 1086 2411 perfugis,
1104 2346 1350 2395 didicerant
1367 2382 1384 2403 ,

105 2434 191 2465 nec
217 2419 419 2466 Gentiles
437 2455 452 2478 ,
484 2437 564 2482 per
598 2420 845 2482 municipia
873 2420 1161 2478 distributos,
1180 2434 1229 2467 ut
1251 2437 1382 2468 com-

103 2489 288 2550 modius.
308 2490 602 2542 vescerentur.
623 2492 745 2540 Cum
771 2504 917 2540 autem
935 2527 949 2540 .
963 2527 974 2541 .
991 2493 1017 2517 ἥ
1034 2528 1042 2537 .
1064 2528 1074 2538 .
1096 2489 1254 2539 Clausa
1273 2506 1388 2556 ergo-
