1626 2917
225 166 316 215 128
449 165 776 212 AMMIANI
814 165 1285 212 MARCELLINI

223 275 316 321 sisse
337 310 349 325 ,
380 273 454 319 vel
488 272 575 333 ipsa
607 284 877 334 repugnante
908 270 1067 331 justitia
1088 307 1101 329 ‚
1132 290 1223 319 non
1261 271 1498 334 explorato

224 347 413 409 negorio
431 382 444 401 ‚
468 346 555 391 sine
583 346 777 408 respectu
807 346 915 391 boni
942 346 1204 409 honestique
1225 347 1501 392 defendebat.

224 421 368 481 Quod
396 420 557 465 vitium
589 420 912 481 reprehendens
939 419 994 465 ita
1024 420 1285 481 pronuntiat
1304 422 1500 466 Cicero:

226 496 350 555 Quid
365 497 471 538 enim
498 495 651 559 irztercst
673 494 994 553 intersitasbrem
1009 493 1119 549 Ιἧιῖίὶ
1143 491 1185 537 Θ
1205 496 1456 552 probatorem
1473 495 1497 536 ἓ

224 575 320 614 Aut
337 569 438 627 quid
452 565 568 624 refert
585 601 597 621 ‚
618 583 753 612 utrum
772 570 967 612 voluerim
987 569 1081 625 stari
1100 601 1112 620 ‚
1135 585 1190 610 cm
1206 569 1408 627 gaudeam
1425 565 1500 619 flc—

224 642 328 685 Hasm
346 642 369 684 ,ἓ
399 639 670 700 Suspiciosus
697 651 846 684 tamen
865 674 878 695 ‚
898 641 945 684 &
969 638 1160 683 munitus
1192 638 1348 699 suopte
1374 638 1501 699 inge—

223 713 304 760 nio
337 712 448 770 fuit,
471 714 520 759 &
547 713 820 758 subamarum
852 712 1070 765 arridens,
1091 711 1403 773 blandiensque
1430 711 1499 754 in-

223 787 423 842 terdum,
446 798 494 831 ut
522 798 696 832 noceat.
718 785 764 830 ld
782 797 926 831 autem
945 785 1223 847 perspicuum
1245 785 1302 830 est
1319 786 1362 830 in
1384 782 1500 843 ejus·-

223 859 350 907 modi
379 858 580 905 moribus
612 858 778 903 malum
801 893 814 914 ,
846 870 940 904 tum
978 857 1169 903 maxime
1188 893 1200 914 ,
1229 874 1329 903 cum
1367 855 1500 902 celari

223 932 349 995 posse
382 931 685 977 existimatur:
720 930 778 975 ita
804 929 1096 992 implacabilis
1118 931 1167 976 &
1203 930 1388 975 directus
1412 964 1425 983 ,
1454 940 1502 972 ut

224 1006 258 1052 ii
278 1006 434 1051 laedere
455 1020 723 1067 quemquam
743 1003 1012 1059 instituisset,
1034 1020 1113 1048 nec
1135 1003 1311 1048 exorari
1334 1000 1500 1063 poffet,

225 1096 310 1126 nec
341 1080 396 1125 ad
425 1077 743 1139 ignoscendum
778 1078 1004 1122 erroribus
1039 1076 1274 1122 inclinari:
1308 1076 1503 1138 ideoque

223 1169 355 1200 aures
384 1151 476 1212 ejus
512 1167 604 1197 non
630 1167 728 1196 cera
750 1182 763 1204 ‚
787 1149 858 1195 sed
895 1150 1085 1212 plumbis
1118 1150 1382 1204 videbantur
1417 1149 1502 1193 ob—

223 1225 411 1271 structae.
434 1227 480 1268 ln
500 1222 680 1268 summis
705 1221 960 1266 divitiarum
980 1220 1027 1265 &
1050 1219 1309 1282 dignitatum
1340 1219 1501 1264 culmi-

227 1297 357 1342 nibus
384 1294 540 1340 anxius
565 1295 614 1340 &
645 1293 884 1349 sollicitus,
907 1293 1098 1353 ideoque
1129 1293 1296 1352 semper
1328 1293 1500 1338 levibus

227 1368 399 1415 morbis
430 1367 627 1413 affliStus.
656 1367 733 1411 Hae
763 1382 839 1427 per
870 1364 1169 1410 occidentales
1192 1364 1339 1426 plagas
1375 1363 1502 1410 series

227 1459 379 1488 rerum
408 1439 534 1486 fuere
567 1439 796 1502 gestarum.

294 1516 394 1560 XM.
421 1513 519 1557 Rex
553 1528 666 1556 vero
699 1510 881 1557 Persidis
908 1510 1141 1573 longaevus
1170 1509 1241 1555 ille
1269 1510 1431 1570 Sapor,
1454 1509 1502 1554 Sc

227 1588 284 1634 ab
308 1586 407 1647 ipsis
433 1579 731 1648 imperitandi
753 1584 949 1631 exordiis
986 1584 1209 1630 dulcedini
1247 1584 1500 1646 rapinarum

228 1660 427 1706 addifilus
449 1695 461 1714 ,
483 1659 582 1720 post
609 1658 891 1719 Imperatoris
916 1657 1073 1704 Juliani
1097 1657 1316 1702 excessum
1349 1658 1397 1702 &
1424 1674 1503 1718 pu-

228 1732 386 1778 dendae
413 1733 530 1792 pacis
552 1731 633 1777 ieta
664 1730 833 1776 foedera
850 1766 861 1784 ,
891 1747 989 1777 cum
1015 1729 1097 1776 suis
1133 1729 1347 1791 paulisper
1372 1730 1502 1775 nobis

229 1804 352 1851 visus
381 1805 576 1862 amicus,
599 1805 761 1851 calcata
789 1802 873 1850 fide
906 1804 981 1849 sub
1011 1803 1206 1850 Joviano
1236 1803 1465 1863 pa&orum
1488 1831 1501 1856 ‚

230 1876 464 1939 inje&al)at
491 1877 711 1924 Armeniae
734 1894 935 1933 manum,
956 1892 1004 1921 ut
1023 1892 1115 1922 eam
1140 1911 1152 1932 ‚
1177 1875 1299 1919 velut
1318 1872 1502 1934 placito-

230 1969 329 1997 rum
358 1951 524 1996 abolira
545 1950 748 1996 firmitate
771 1987 783 2006 ‚
803 1950 963 1996 ditioni
984 1948 1181 2011 jungeret
1208 1947 1307 1992 suae.
1330 1948 1381 1990 Et
1408 1946 1502 2007 pri-

231 2041 311 2071 mo
342 2040 420 2085 per
449 2037 562 2069 artes
587 2023 783 2069 fallendo
820 2023 1042 2077 diversas,
1065 2022 1290 2067 nationem
1321 2036 1503 2064 omnem

231 2097 497 2143 renitentem
527 2096 762 2157 dispendiis
784 2095 955 2141 levibus
979 2093 1206 2140 afflictabat
1229 2128 1240 2148 ‚
1263 2091 1502 2137 sollicitans

232 2169 447 2233 quosdam
476 2169 742 2231 optimatum
778 2172 824 2215 ὅ(
857 2170 1054 2229 Satrapas
1077 2202 1089 2223 ,
1112 2166 1222 2211 alios
1250 2163 1502 2211 excursibus

235 2260 463 2303 occupans
485 2242 754 2304 improvisis.
782 2243 900 2288 Dein
926 2258 1003 2304 per
1023 2240 1248 2300 exquisitas
1283 2237 1501 2300 perjuriis—

231 2331 322 2378 que
357 2314 513 2361 mixtas
540 2315 767 2361 illecebras
805 2328 982 2376 captum
1016 2329 1159 2374 regem
1196 2311 1334 2372 ipsum
1368 2309 1499 2355 Arsa·—

234 2407 328 2436 cem
346 2425 358 2446 ‚
377 2389 714 2451 adhibitumque
735 2390 779 2435 in
815 2387 1084 2435 convivium
1104 2423 1113 2440 ‚
1141 2385 1254 2444 jussit
1274 2386 1326 2430 ad
1359 2385 1497 2430 laten·

229 2473 321 2508 tem
357 2462 469 2508 trahi
507 2462 752 2524 posticam:
780 2477 970 2525 eumque
1003 2459 1160 2507 effoffis
1200 2458 1369 2518 oculis,
1401 2457 1499 2504 vin·-
