1626 2917
228 101 448 149 RERUM
482 100 818 148 GESTARUM
853 99 957 146 LIB.
988 98 1163 146 XXVI.
1283 115 1340 163 93

137 213 215 260 IX.
234 212 343 257 Haec
369 210 515 256 adulta
550 209 693 255 hieme
714 245 726 266 ,
748 207 1071 268 Valentiniano
1093 208 1140 255 &
1160 206 1349 254 Valente

73 287 203 334 Coss.
225 285 476 349 agebantur.
503 283 742 330 Translato
777 299 890 328 vero
913 283 959 328 in
981 280 1248 328 Gratianum
1269 280 1349 326 ad-

73 361 161 406 huc
193 359 417 421 privatum
448 358 497 404 &
533 355 864 419 Dagalaiphum
904 353 1170 416 ampliffimo
1211 352 1350 416 magi-

71 432 204 479 stratu
224 467 237 487 ,
261 442 417 491 aperto
453 428 539 489 jam
572 445 678 474 vere
709 427 924 475 suscitatis
959 427 1134 473 viribus
1154 463 1166 483 ,
1187 427 1350 473 Valens

71 502 226 565 jun&o
245 502 321 549 fibi
340 502 565 563 Lupicino
586 518 686 548 cum
707 500 896 546 robustis
918 499 1095 546 auxiliis
1126 499 1351 546 Peffinun-

72 588 116 622 ta
148 576 266 639 signa
296 590 488 638 propere
527 573 659 631 tulit,
692 573 899 636 Pbrygiae
934 572 1161 635 quondam
1182 607 1195 629 ‚
1231 589 1352 619 nunc

72 648 259 696 Galatiae
286 647 518 711 oppidum.
550 649 660 707 Quo
687 645 898 708 praesidiis
929 645 1056 693 ocius
1093 645 1352 692 communi-

73 736 126 770 to
147 759 160 779 ,
182 738 237 768 ne
268 721 378 785 quid
411 720 646 780 inopinum
675 736 753 782 per
773 735 851 765 eos
887 730 1131 781 emergeret
1160 719 1352 776 tractus,

74 807 234 858 praeter
258 794 427 841 radices
453 792 648 855 Olympi
682 790 851 837 montis
879 790 1038 837 excelsi
1070 790 1354 854 tramitesque

75 869 278 932 fragosos
306 868 369 914 ire
405 867 612 913 tendebat
647 865 700 912 ad
736 865 925 928 Lyciam
949 900 961 921 ‚
991 864 1253 911 oscitantem
1290 865 1354 911 ibi

76 942 376 989 Gomoarium
398 939 696 1003 aggressurus.
743 937 828 983 Cui
871 937 1086 999 pertinaci
1124 939 1355 1002 conspira-

77 1017 204 1062 tione
236 1014 482 1061 multorum
514 1013 595 1059 hac
624 1010 817 1057 maxima
857 1011 1214 1058 consideratione
1248 1013 1356 1060 refi-

77 1089 271 1134 stebatur
286 1123 300 1145 ‚
314 1086 439 1149 quod
456 1085 592 1132 hostis
613 1084 722 1146 ejus,
740 1096 788 1130 ut
806 1096 904 1130 ante
925 1085 1111 1131 relatum
1131 1086 1210 1144 est,
1225 1088 1356 1133 Con-

77 1160 225 1208 stantii
252 1159 387 1206 filiam
416 1158 650 1221 parvulam
683 1175 786 1205 cum
821 1171 959 1204 matre
992 1159 1194 1206 Faustina
1230 1163 1277 1207 δι
1308 1160 1356 1206 in

79 1233 353 1296 agminibus,
381 1233 430 1278 &
457 1248 556 1277 cum
589 1246 730 1292 prope
764 1230 810 1276 in
841 1230 934 1276 acie
966 1230 1127 1277 starent
1150 1266 1164 1288 ‚
1202 1231 1358 1279 leffiica

81 1305 401 1351 circumferens
423 1304 568 1349 secum
591 1339 601 1360 ,
622 1316 669 1348 ut
689 1320 773 1365 pro
797 1302 1016 1365 imperiali
1037 1304 1260 1367 germine,
1284 1305 1356 1351 cui

80 1377 124 1424 se
150 1394 331 1439 quoque
357 1377 554 1438 junEtum
582 1375 796 1433 addebat,
821 1389 1072 1438 pugnarent
1095 1377 1328 1424 audentius
1347 1414 1363 1434 ,

80 1447 166 1493 iras
184 1448 372 1493 militum
394 1447 678 1494 accendebat.
700 1447 822 1493 Sicut
839 1446 1082 1509 aliquando
1105 1448 1360 1496 dimicaturi

82 1522 355 1569 Macedones
381 1539 482 1569 cum
511 1517 700 1585 Illyriis,
728 1537 873 1584 regem
900 1521 1044 1569 adhuc
1075 1521 1290 1569 infantem
1311 1524 1358 1570 in

83 1595 209 1643 cunis
231 1594 441 1641 locavere
463 1592 561 1656 post
588 1593 748 1650 aciem,
771 1592 895 1653 cujus
921 1606 1071 1649 metu,
1091 1611 1146 1640 ne
1166 1595 1358 1641 trahere-

82 1679 155 1714 tur
186 1667 387 1730 captivus
406 1703 420 1724 ,
451 1666 661 1713 adversos
692 1665 851 1712 fortius
881 1666 1204 1727 oppresserunt.
1227 1668 1359 1714 Con-

80 1752 148 1787 tra
172 1741 249 1788 has
276 1740 527 1788 calliditatis
553 1739 746 1804 argutias
780 1739 918 1803 sagaci
941 1739 1241 1802 opitulatione
1272 1758 1361 1787 nu-

82 1816 196 1862 tanti
227 1816 414 1878 negotio
434 1815 660 1862 consuluit
689 1819 935 1877 Imperator
957 1832 968 1861 :
990 1817 1039 1863 ὃ(
1065 1816 1360 1863 Arbetionem

82 1906 142 1936 ex
174 1889 359 1936 consule
379 1903 581 1953 agentem
602 1889 689 1951 jam
719 1890 884 1936 dudum
909 1891 953 1934 in
983 1890 1082 1944 otio
1103 1926 1117 1946 ‚
1140 1891 1194 1936 ad
1218 1892 1258 1937 se
1280 1908 1360 1937 ve-

86 1963 182 2008 nire
207 1962 410 2009 hortatus
429 1962 517 2020 est,
539 1976 588 2009 ut
606 1958 974 2010 ‘Constantiniani
994 1962 1118 2008 ducis
1137 1980 1360 2010 verecun-

87 2035 157 2082 dia
189 2047 333 2084 truces
376 2036 511 2083 animi
542 2036 786 2081 lenirentur
812 2053 824 2081 ε
862 2051 1007 2096 neque
1037 2034 1155 2082 secus
1189 2038 1360 2084 evenit.

89 2109 205 2153 Nam
241 2125 342 2159 cum
376 2108 588 2155 omnibus
626 2108 886 2170 provetffior
920 2124 1027 2153 natu
1067 2110 1114 2156 δέ
1146 2109 1360 2171 dignitate
1393 2121 1395 2124 ’

90 2180 352 2238 sublimior,
373 2182 576 2229 canitiem
607 2182 896 2228 reverendam
931 2182 1180 2235 ostenderet
1209 2183 1359 2228 multis

89 2255 144 2301 ad
178 2252 400 2315 perfidiam
420 2255 669 2314 inclinatis,
689 2255 913 2317 publicum
939 2256 1216 2319 grassatorem
1245 2257 1358 2301 Pro·

71 2327 309 2389 -copiumj
335 2328 494 2375 milites
524 2346 634 2375 vero
666 2328 841 2374 secutos
872 2326 966 2388 ejus
991 2345 1186 2374 errorem
1203 2363 1215 2385 ‚
1236 2326 1357 2372 filios

91 2401 141 2448 &
170 2399 374 2447 laborum
408 2401 641 2465 participes
673 2400 959 2465 pristinorum
993 2402 1217 2466 appellans
1251 2416 1379 2453 ora-e,
