1626 2917
255 175 371 294 ¹⁷⁰,

255 280 806 433 ΑΜΜΙΑΝΙῊ
816 364 1477 440 MARCE‘LLINI

251 562 759 675 RERUM
775 561 1521 655 GESTARUM

495 778 888 835 LIBER
954 778 1222 841 XXIX

246 1101 475 1144 Theodorus
506 1103 684 1143 notariu's‘
703 1104 904 1153 imperium
929 1099 1159 1151 affeet‘ai,'&
1191 1104 1291 1156 apud
1319 1105 1520 1146 Valentem

299 1163 509 1205 Antiochiae
533 1164 727 1203 accusatus
761 1165 985 1212 majestatis,
1010 1167 1280 1216 convic‘tusque
1298 1175 1395 1205 'cum
1426 1166 1519 1216 plu-

298 1225 401 1264 rimis
424 1226 588 1265 eriminis
615 1227 773 1266 consciis
798 1228 1030 1266 interficitur.
1061 1230 1095 1267 C.
1120 1229 1148 1267 I.
1174 1228 1287 1268 Multi
1311 1230 1348 1267 in
1372 1229 1517 1268 oriente

299 1288 570 1327 veneficiorum
605 1290 640 1328 Sc
665 1288 824 1327 aliorum
853 1290 1055 1328 criminum
1086 1291 1136 1328 rei
1167 1290 1304 1336 delati,
1328 1292 1518 1330 damnati·

297 1363 371 1400 que
387 1381 397 1398 ‚
413 1363 496 1400 pars
520 1353 726 1400 jure‚'1‘3ars
740 1350 888 1400 'injuria
912 1350 1145 1401 jugulantur.
1166 1352 1216 1390 II.
1240 1353 1282 1392 In
1305 1354 1516 1392 occidentis

297 1414 480 1453 tradkibus
502 1414 599 1453 varia
627 1413 877 1452 Valentiniani
901 1417 992 1464 Aug.
1020 1413 1163 1453 saevitiae
1185 1417 1220 1454 δε
1244 1415 1403 1455 efferatae
1427 1429 1518 1455 cru-

298 1468 464 1515 delitatis
494 1475 678 1527 exempla.
710 1477 780 1516 III.
807 1475 1093 1515 Valentinianus
1120 1476 1159 1515 A.
1194 1475 1370 1515 Rhenum
1395 1477 1517 1516 navali

297 1547 416 1589 ponte
442 1538 707 1588 transgressus,
731 1538 842 1589 culpa
869 1538 995 1577 militis
1020 1538 1257 1578 Macrianum
1281 1539 1518 1579 Alamanno-

297 1613 382 1640 rum
404 1613 530 1651 regem
548 1601 741 1640 incautum
767 1614 900 1652 capere
920 1615 996 1640 non
1021 1603 1156 1652 potuit.
1174 1603 1240 1641 IV.
1261 1602 1520 1653 Theodofius‚

296 1663 470 1713 magister
494 1665 663 1714 equitum
687 1677 754 1716 per
779 1664 939 1713 Gallias,
960 1664 1126 1704 Firmum
1153 1664 1330 1704 Maurum
1356 1666 1517 1706 Nubelis

298 1724 432 1775 Reguli
454 1725 598 1774 filium,
613 1726 675 1776 qui
690 1739 710 1765 a
727 1726 994 1765 Valentiniano
1018 1727 1249 1773 desciverat,
1270 1726 1396 1766 multis
1415 1741 1518 1778 proe-

295 1785 355 1825 liis
375 1787 520 1836 atterit,
542 1800 586 1826 ac
613 1788 768 1827 demum
794 1801 838 1826 eo
860 1788 908 1826 ad
936 1786 1189 1826 voluntariam
1218 1798 1378 1826 mortem
1405 1801 1518 1828 com-

295 1849 426 1900 pulso,
455 1863 587 1900 pacem
615 1852 745 1890 Africae
774 1851 911 1890 reddit.
945 1852 988 1889 V.
1017 1850 1165 1899 Quadi,
1196 1851 1337 1890 nefaria
1367 1851 1517 1892 Gabinii

297 1911 393 1960 regis
414 1911 464 1949 sui
488 1913 590 1951 ccede
606 1913 749 1951 incitati
766 1943 775 1960 ,
795 1913 1003 1952 Pannonias
1019 1914 1052 1951 &
1069 1911 1254 1951 Valeriam
1273 1913 1350 1962 igni
1370 1915 1403 1952 ἃ
1418 1913 1516 1953 ferro

296 1986 382 2014 cum
408 1975 586 2014 Sarmatis
602 1976 766 2022 vastant,
787 1977 819 2013 ἃ
844 1973 1013 2024 legiones
1030 1973 1122 2014 duas
1140 1986 1244 2024 paene
1259 1982 1359 2013 totas
1376 1973 1516 2018 delent.

295 2034 352 2074 De
375 2035 525 2075 Claudii
546 2036 770 2086 praefe&ura
791 2034 946 2075 urbana.
973 2034 1035 2073 VI.

243 2244 275 2289 1.
311 2179 403 2294 E
422 2254 625 2289 XACTA
652 2239 821 2296 hieme,
848 2257 927 2290 rex
956 2241 1176 2289 Persarum
1204 2242 1345 2306 gentis
1371 2245 1512 2307 Sapor

242 2333 489 2380 pugnarum
509 2314 668 2365 fiducia
697 2313 977 2376 pristinarum
1002 2315 1251 2362 immaniter
1278 2333 1514 2379 arrogans,

244 2389 448 2452 suppleto
476 2404 663 2433 numero
693 2387 871 2434 suorum
898 2387 1161 2449 abundeque
1182 2386 1383 2444 firmato,
1409 2405 1513 2434 eru-

244 2474 403 2526 pturos
429 2461 476 2508 in
507 2460 656 2506 nostra
685 2461 986 2524 cataphraiios
1007 2461 1054 2508 &
1074 2458 1318 2524 sagittarios
1338 2462 1385 2509 δε
1404 2477 1515 2508 con-
