1626 2917
243 172 464 222 RERUM
494 172 834 222 GESTARUM
864 173 968 221 ΠΒ.
994 172 1207 222 XXVIII.
1280 187 1364 237 145

86 293 223 339 ¹vert),
239 293 289 328 ut
307 281 594 328 continendae
613 281 720 329 vitae
743 280 862 345 spem
881 281 1050 329 firmam
1072 281 1209 329 dilato
1227 282 1372 345 poffet

86 354 253 404 habere
271 355 491 419 supplicio
505 391 518 413 ,
536 354 775 418 appetitam
797 354 839 401 se
857 354 1036 402 nefariis
1056 356 1225 404 artibus
1243 392 1258 414 ,
1273 355 1372 402 vim

88 425 138 476 in
168 429 309 476 domo
343 428 540 492 Aginatii
569 427 813 490 perpessam
850 428 1133 477 asseveravit.
1167 429 1374 487 Haec‚ut

89 502 208 566 gesta
222 501 346 559 sunt,
368 501 564 565 mugitus
580 501 634 547 ad
651 501 906 564 Principem
919 501 1170 564 Simplicius
1191 502 1345 549 retulit
1361 518 1376 549 ε

91 575 315 640 agensque
336 575 397 622 ibi
414 574 705 632 Maximinus,
728 574 913 622 infestus
931 576 993 620 ob
1014 574 1214 634 causam,
1238 593 1376 640 quam

91 649 222 712 supra
241 648 503 705 docuimus,
524 647 766 712 Aginatio,
786 648 1004 694 simultate
1023 665 1110 695 una
1128 666 1227 696 cum
1248 662 1379 712 pote-

91 722 202 769 state
221 722 267 769 in
288 720 429 783 majus
446 720 651 778 accensa,
666 720 687 784 [
704 721 885 787 oravit]
906 722 1129 784 impense,
1150 736 1200 769 ut
1222 723 1379 771 rescri-

94 795 276 843 beretur
298 812 400 842 eum
419 794 597 842 occidi:
615 795 664 842 &
690 794 949 857 impetravit
969 795 1096 842 facile
1116 797 1230 843 male
1252 797 1383 846 sanus

95 867 314 915 incitator
342 869 392 915 &
418 880 593 930 potens.
626 865 918 928 Metuensque
939 866 1163 929 gravioris
1193 870 1384 918 invidiae

97 941 308 1004 ponduS,
327 956 406 994 ne,
431 939 756 1001 pronuntiante
778 939 1013 1001 Simplicio
1041 942 1090 987 δέ
1119 941 1383 990 confiliario

97 1013 178 1060 suo
206 1014 255 1060 &
275 1013 445 1069 amico,
467 1012 632 1075 periret
653 1013 796 1058 homo
821 1011 1019 1073 patriciae
1044 1013 1211 1075 stirpis,
1242 1017 1388 1063 tenuit

99 1086 220 1148 apud
239 1085 281 1132 se
311 1084 530 1148 paulisper
560 1084 786 1147 imperiale
813 1098 1114 1147 praeceptum,
1138 1087 1311 1135 haerens
1332 1091 1385 1138 &

100 1159 353 1224 ambigens,
375 1175 614 1223 quemnam
637 1159 912 1223 potiffimum
931 1161 1240 1209 exsecutorem
1259 1176 1388 1210 atro-

100 1231 168 1278 'cis
186 1233 248 1278 rei
268 1230 405 1278 fidum
423 1232 651 1279 inveniret
669 1234 720 1280 &
737 1233 978 1280 efficacem.
999 1233 1315 1297 Tandemque,
1337 1248 1389 1285 ut

101 1302 248 1351 *solent
272 1321 398 1368 pares
426 1303 554 1352 facile
577 1305 841 1368 congregari
863 1322 966 1352 cum
988 1306 1167 1368 paribus
1182 1343 1195 1364 ,
1217 1306 1391 1373 Dory·-

103 1377 350 1442 phorianus
372 1378 550 1441 quidam
578 1393 777 1440 repertus
803 1377 865 1424 est
892 1378 1047 1424 Gallus
1063 1415 1075 1436 ,
1095 1381 1240 1426 audax
1257 1382 1392 1429 adus-

105 1468 197 1515 que
241 1451 452 1497 insaniam
484 1469 494 1498 ε
533 1451 609 1499 cui
645 1451 762 1497 hanc
801 1467 983 1512 operam
1025 1451 1210 1514 implere
1256 1454 1393 1503 brevi

108 1522 321 1586 pollicito
360 1521 520 1570 deferri
563 1522 768 1586 providit
809 1522 1026 1570 vicariam
1045 1559 1058 1582 ‚
1094 1526 1143 1572 &
1180 1542 1394 1575 commo-

109 1595 326 1642 nitorium
349 1611 451 1642 cum
468 1595 653 1658 Augusti
673 1594 810 1641 literis
829 1595 1037 1642 tradidit:
1067 1595 1285 1646 instruens
1302 1600 1394 1648 ho-

109 1667 278 1716 minem
307 1668 478 1716 saevum
499 1669 707 1734 quidem,
737 1667 810 1715 sed
841 1670 994 1716 rudem
1012 1706 1025 1728 ‚
1056 1688 1145 1735 qua
1165 1673 1393 1723 celeritate

110 1741 367 1805 Aginatium
404 1743 495 1789 fine
537 1742 633 1788 ullo
671 1741 836 1788 deleret
877 1741 1110 1789 obstaculo
1124 1780 1139 1801 ,
1175 1745 1395 1795 dilatione

109 1814 312 1878 qualibet
340 1813 527 1860 inventa
556 1813 741 1860 forsitan
769 1813 1022 1860 evasurum.
1054 1816 1322 1877 Festinavit,
1344 1835 1397 1869 ut

113 1889 372 1934 mandatum
406 1888 493 1945 est,
521 1888 912 1950 Doryphorianus
953 1890 1119 1951 magnis
1160 1891 1399 1943 itineribus

115 1961 308 2009 Romam
327 1980 341 2008 e
361 1963 410 2009 &
441 1963 559 2009 inter
580 1961 911 2008 administrandi
936 1962 1062 2009 initia
1088 1982 1244 2028 magna
1273 1986 1402 2030 quae-

116 2035 280 2082 ritabat
307 2035 544 2093 industria,
570 2052 657 2098 qua
674 2036 723 2081 vi
749 2035 997 2081 senatorem
1019 2034 1237 2099 perspicui
1257 2059 1399 2104 gene-

118 2109 179 2157 ris
197 2107 469 2157 interficeret
485 2109 747 2173 juvantibus
773 2110 918 2157 nullis.
951 2112 1272 2177 Cognitoque,
1294 2134 1400 2165 eum

120 2179 210 2246 jam
242 2182 413 2245 pridem
445 2196 671 2246 repertum
710 2183 755 2229 in
796 2183 904 2230 villa
942 2187 1125 2247 propria
1160 2189 1402 2250 custodiri,

121 2254 214 2319 ipse
240 2268 452 2321 tanquam
488 2270 621 2320 caput
649 2257 844 2304 sontium
878 2258 1131 2321 pariterque
1161 2263 1403 2325 Anepsiam

121 2329 315 2377 horrore
350 2330 500 2378 medio
533 2330 814 2377 tenebrarum
849 2332 1000 2378 audire
1030 2332 1273 2396 disposuit,
1307 2354 1403 2398 quo

124 2415 330 2466 tempore
357 2402 555 2450 hebetari
582 2402 725 2450 solent
751 2402 974 2462 obstrictae
999 2406 1244 2453 terroribus
1273 2424 1403 2455 men·⁸

124 2487 215 2537 tes,
241 2490 291 2523 ut
311 2476 426 2523 inter
451 2477 684 2524 innumera
713 2477 849 2523 multa
877 2473 988 2541 Aiax
1017 2496 1200 2545 quoque
1232 2483 1407 2543 Ηοηιε·1

191 2553 410 2602 Ammian.
435 2553 672 2606 Marcellin.
701 2556 799 2607 Vol.
818 2552 883 2605 ll,
1195 2551 1243 2605 K
