1626 2917
212 253 303 301 270
418 235 750 285 AMMIANI
799 236 1272 283 MARCELLINI

207 345 368 395 locitas
401 354 633 390 exemeratx
663 342 838 405 pedum.
878 342 945 388 Ad
996 342 1202 389 ultimum
1244 341 1485 390 certamine

211 418 438 483 protrafw
467 417 511 462 in
534 416 788 478 vesperam,
819 416 1015 479 datoque
1043 416 1166 479 signo
1191 416 1233 463 in
1254 427 1486 476 receptum

211 509 263 539 ex
288 506 440 546 more,
460 488 594 535 ambo
615 488 812 552 digreffi,
833 487 917 533 diei
937 488 1154 534 residuum
1181 489 1337 534 animis
1358 503 1486 549 cgere

211 563 468 626 disparibus.
502 561 783 608 Munitorum
816 561 934 607 enim
967 576 1217 619 moerores,
1244 561 1396 609 funera
1420 562 1489 606 lu·

213 637 412 699 gentium
444 634 626 696 propria
647 668 660 689 ,
692 633 998 695 prohibitores
1029 632 1099 695 spe
1124 633 1208 693 jam
1255 632 1489 696 superandi
1560 682 1572 684 ,

212 709 474 764 firmabant,
495 707 598 753 licet
621 707 699 769 ipfi
719 723 901 770 quoque
919 722 1084 769 paucos
1105 708 1336 769 gemebant
1356 707 1488 753 amis-

212 782 296 829 sos.
330 771 655 842 Properabatur
681 791 830 825 tamen
861 779 1182 827 nihilominus:
1205 784 1252 829 &
1273 793 1489 845 quantum

211 854 460 902 recreandis
482 851 656 899 viribus
681 852 831 915 quiete
851 854 899 900 &
928 853 1032 899 cibo
1057 852 1154 901 satis
1178 854 1288 913 fuit,
1320 855 1490 900 tributo

213 947 294 994 per
315 929 458 976 nostis
478 927 659 990 integrae
683 926 869 989 spatium
884 963 898 984 ‚
918 938 1145 990 reparatur
1168 928 1278 974 lucis
1300 928 1491 974 exordio

212 1003 426 1068 proelium
448 1002 741 1049 incitamento
761 1001 983 1048 tubarum.
1009 1004 1064 1048 Et
1083 1002 1262 1066 quidam
1282 1002 1404 1048 elatis
1425 1002 1493 1048 su·

213 1094 294 1140 per
317 1075 463 1138 capita
491 1073 648 1130 scutis,
670 1086 718 1119 ut
742 1073 976 1136 pugnaturi
995 1073 1164 1132 levius,
1185 1074 1258 1120 alii
1280 1074 1494 1121 vehentes

213 1149 408 1196 humeris
424 1184 435 1204 ,
453 1160 503 1194 ut
530 1160 655 1193 antea
676 1182 689 1204 ‚
710 1146 868 1203 scalas,
893 1146 1174 1211 ferventique
1198 1148 1363 1212 impetu
1387 1165 1493 1211 pro·

215 1234 468 1278 currentes,
502 1220 683 1282 peciora
722 1219 1072 1266 multiformium
1109 1220 1300 1267 telorum
1335 1221 1493 1267 ictibus

214 1295 514 1358 exponebant.
536 1293 625 1339 Alii
646 1292 823 1339 ferratas
839 1305 1069 1355 portarum
1085 1294 1238 1341 obices
1253 1293 1495 1358 effringen-

216 1370 290 1416 das
310 1367 485 1423 adorti,
506 1366 628 1412 ultro
658 1365 833 1429 ignibus
857 1367 1119 1429 petebantur
1135 1403 1148 1424 ‚
1171 1368 1244 1413 vel
1266 1367 1377 1414 saxis
1398 1386 1492 1414 mu-

216 1440 382 1487 ralibus
404 1437 692 1501 oppetebant.
705 1436 920 1497 Quidam,
937 1437 1066 1484 foffas
1084 1437 1293 1485 fidentius
1313 1441 1494 1487 transire

217 1512 395 1568 conati,
409 1510 653 1574 repentinis
671 1526 826 1557 eorum
845 1510 1086 1568 assultibus,
1107 1509 1184 1575 qui
1203 1512 1497 1573 erumpebant

219 1584 427 1632 clanculo
450 1600 529 1646 per
562 1582 782 1646 posticas,
813 1585 999 1630 ruebant
1029 1583 1233 1641 incaute,
1259 1596 1333 1631 aut
1361 1583 1497 1632 saucii

218 1657 512 1705 discedebant.
547 1656 767 1704 Recursus
795 1657 913 1703 enim
934 1657 987 1703 ad
1012 1657 1182 1703 moenia
1208 1657 1375 1715 tutior,
1394 1659 1495 1704 val-

220 1732 400 1795 lumque
421 1742 757 1777 antemuranum
770 1767 782 1788 ‚
799 1731 1052 1794 caespitibus
1071 1729 1230 1777 fultum
1247 1766 1259 1787 ‚
1286 1730 1497 1776 insidian-

221 1816 287 1853 tes
317 1806 370 1851 ab
403 1804 528 1851 omni
554 1803 807 1851 discrimine
835 1803 1112 1851 defendebat.
1150 1805 1204 1849 Et
1229 1820 1499 1866 quamquam

223 1876 528 1940 prohibitores
563 1876 724 1924 duritia
758 1876 1070 1940 bellorumque
1110 1875 1278 1922 artibus
1314 1876 1500 1922 antista-

223 1961 349 2005 rent,
378 1950 537 2013 quibus
570 1949 678 1996 nihil
705 1962 863 2013 praeter
883 1949 1103 1996 moenium
1131 1948 1354 2011 superaret
1373 1948 1499 2009 adju·

227 2034 459 2070 mentum:
493 2022 705 2069 coneetus
741 2034 885 2069 tamen
921 2039 977 2068 ex
1015 2021 1271 2084 potioribus
1306 2020 1501 2067 numeris

227 2094 353 2142 miles
391 2093 619 2142 diuturnas
656 2094 771 2140 ferre
803 2094 1016 2157 nequiens
1050 2109 1224 2149 moras,
1250 2091 1501 2141 suburbana

229 2166 380 2215 omnia
402 2167 665 2214 circumibat
694 2166 926 2230 diligenter
952 2166 1207 2229 inquirens,
1229 2182 1314 2228 qua
1347 2165 1395 2211 vi
1428 2165 1502 2212 vel

231 2240 448 2288 machinis
497 2241 636 2303 posset
677 2241 929 2304 patefaciam
967 2240 1211 2302 irrumpere
1257 2239 1503 2289 civitatem.

232 2313 374 2374 Quod
393 2313 469 2358 ubi
487 2326 658 2376 patrare
673 2330 766 2360 non
786 2324 980 2376 poterat,
999 2313 1304 2375 magnitudine
1320 2327 1502 2360 vetante

233 2387 543 2434 difficultatum
560 2424 573 2446 ‚
598 2387 787 2434 obsideri
814 2387 1024 2433 remissius
1058 2398 1207 2448 coepta
1233 2386 1323 2433 est:
1346 2388 1394 2434 &
1422 2403 1504 2432 ex-

235 2460 374 2507 cubiis
395 2460 742 2525 stationibusque
761 2460 944 2518 reliciis,
969 2460 1217 2522 praesidiarii
1238 2460 1398 2507 milites
1419 2477 1503 2506 va-

236 2533 393 2581 stantes
423 2551 553 2602 agros
584 2534 895 2599 propinquos,
914 2533 1125 2581 omnibus
1155 2533 1505 2598 congruentibus
