1626 2917
324 217 545 266 RERUM
579 218 918 267 GESTARUM
955 220 1056 268 ΜΒ.
1091 221 1220 271 ΧιΧ.
1323 241 1413 291 193

139 322 232 370 lare
269 322 508 370 maximam
535 335 731 386 partem:
758 325 830 371 vel
849 337 968 373 certe
988 326 1098 375 aeris
1116 328 1417 390 permutatio-

139 412 244 443 nem
275 394 461 443 subitam
502 397 784 461 aegritudines
826 415 979 461 parere
1016 400 1224 448 leviores.
1274 402 1414 449 Affir-

141 479 265 516 mant
290 468 422 516 etiam
448 469 618 534 aliqui,
637 482 853 518 terrarum
875 473 1014 520 halitu
1034 474 1236 521 densiore
1256 475 1418 523 crassa-⁴

138 552 236 587 tum
261 557 361 588 aera
384 576 401 600 ,
442 540 696 590 emittendis
734 545 940 607 corporis
968 545 1276 609 spiraminibus
1307 549 1417 595 refi-

140 614 323 662 stentem
344 649 359 672 ‚
399 631 557 662 necare
590 617 876 664 nonnullos:
913 636 1001 682 qua
1049 620 1178 671 causa>
1207 622 1416 671 animalia
1480 613 1497 632 ⁵

139 700 302 750 praeter
324 687 529 734 homines
561 702 703 735 cetera
727 688 887 753 jugiter
916 708 1082 754 prona,
1105 694 1308 741 Homero
1331 712 1415 742 au-

139 763 262 809 &ore
284 799 298 818 ,
324 765 373 810 δι
400 762 714 825 experimentis
734 764 941 827 deinceps
963 765 1115 812 multis
1135 801 1148 824 ,
1186 784 1290 814 cum
1316 768 1417 816 talis

137 835 360 884 incesserit
392 837 543 895 labes,
577 849 679 885 ante
707 838 923 885 novimus
951 839 1145 885 interire.
1181 843 1235 886 Et
1271 842 1414 903 prima

137 911 304 973 species
321 911 405 958 luis
425 911 670 958 pandemus
696 911 969 974 appellatur,
989 928 1088 974 quae
1107 913 1244 960 efficit
1264 914 1308 960 in
1329 916 1417 963 ari-

141 985 342 1031 dioribus
365 985 476 1032 locis
489 998 668 1048 agentes
682 985 909 1032 caloribus
929 985 1094 1032 crebris
1113 986 1384 1051 interpellari
1399 1006 1414 1036 ε

141 1058 330 1106 secunda
363 1057 604 1119 Epidemus
626 1093 641 1114 ‚
677 1074 777 1121 quae
812 1070 1017 1121 tempore
1053 1058 1270 1121 ingruens
1297 1060 1415 1109 acies

140 1129 316 1176 hebetat
331 1128 571 1187 luminum,
588 1132 638 1178 &
659 1131 858 1178 concitat
879 1129 1156 1193 periculosos
1173 1131 1412 1179 humores:

137 1203 266 1250 tertia
294 1203 535 1250 Loemodes
556 1240 570 1260 ,
610 1221 709 1268 quae
737 1204 888 1251 itidem
917 1204 1186 1266 temporaria
1208 1205 1271 1252 est
1289 1240 1303 1264 ,
1340 1206 1414 1253 sed

139 1275 319 1324 volucri
340 1275 579 1324 velocitate
601 1276 805 1325 letabilis.
827 1278 923 1324 Hac
947 1276 1115 1323 exitiali
1137 1276 1252 1339 peste
1276 1277 1412 1341 quas·-

136 1351 244 1409 sati,
283 1350 436 1414 paucis
469 1350 784 1414 intemperanti
825 1350 929 1397 aestu
964 1349 1246 1407 consumtis,
1296 1348 1414 1415 quos

136 1422 382 1470 multitudo
409 1422 618 1484 angebat,
645 1423 821 1469 tandem
846 1423 1002 1479 no&e,
1024 1439 1124 1485 quae
1159 1423 1275 1470 diem
1298 1440 1413 1471 con·

141 1497 288 1544 secuta
308 1496 369 1542 est
389 1496 610 1544 decimum
625 1533 639 1553 ‚
671 1497 843 1561 exiguis
858 1497 1071 1546 imbribus
1092 1495 1277 1557 disjecto
1295 1515 1412 1546 con-

139 1583 266 1620 creto
287 1570 442 1633 spiritu
460 1573 509 1619 ὅ(
527 1571 712 1618 crassato
725 1607 740 1629 ,
760 1570 945 1634 sospitas
969 1583 1138 1617 retenta
1158 1570 1220 1618 est
1238 1588 1412 1638 corpo-

137 1664 238 1696 rum
269 1644 411 1692 firma.

203 1721 260 1766 V.
294 1719 462 1763 Verum
501 1714 616 1762 inter
647 1715 743 1762 haec
768 1750 782 1773 ‚
812 1714 989 1780 inquies
1031 1716 1158 1764 Persa
1198 1717 1410 1767 vimineis

138 1791 368 1841 civitatem
402 1787 562 1850 pluteis
595 1786 899 1834 circumdabat
926 1822 943 1848 ,
991 1789 1040 1835 &
1092 1788 1201 1852 erigi
1233 1807 1411 1854 aggeres

138 1862 313 1926 coepti:
354 1861 584 1923 turresque
612 1859 941 1907 fabricabantur
980 1860 1206 1910 frontibus
1240 1862 1411 1912 ferratis

138 1934 322 1983 excelsae
339 1969 353 1991 ,
379 1950 564 1996 quarum
588 1932 769 1996 fastigiis
800 1932 981 1979 ballistae
1015 1933 1172 1982 locatae
1205 1934 1305 1984 sunt
1325 1938 1412 1984 sm-

139 2009 278 2073 gulae,
305 2023 356 2054 ut
376 2024 400 2053 a
429 2005 777 2069 propugnaculis
799 2005 1101 2068 propellerent
1121 2006 1409 2056 defensores:

135 2081 255 2128 levia
281 2092 429 2126 tamen
461 2094 539 2140 per
558 2076 805 2124 funditores
827 2080 875 2126 &
896 2077 1144 2142 sagittarios
1164 2080 1324 2143 proelia
1353 2097 1410 2129 ne

139 2154 308 2216 punf'to
355 2152 534 2215 quidem
569 2151 696 2199 brevi
730 2152 962 2199 cessabant.
999 2156 1135 2199 Erant
1173 2153 1410 2201 nobiscum

141 2227 240 2274 duae
261 2226 459 2290 legiones
477 2226 800 2289 Magnentiacae
818 2263 831 2285 ‚
860 2243 1013 2273 recens
1028 2244 1051 2273 e
1071 2226 1227 2274 Galliis
1248 2228 1412 2286 du&ae‚

138 2311 188 2346 ut
207 2299 490 2360 praediximus
507 2335 520 2356 ,
544 2299 747 2345 virorum
771 2298 954 2347 fortium
979 2303 1027 2349 δέ
1053 2300 1299 2363 pernicium
1319 2338 1333 2360 ‚
1355 2300 1410 2348 ad

141 2371 365 2433 planarios
394 2371 626 2418 conflictus
649 2384 882 2434 aptorum:
908 2373 961 2419 ad
983 2390 1051 2420 eas
1072 2391 1184 2420 vero
1216 2374 1318 2421 belli
1338 2392 1410 2422 ar-

141 2457 227 2500 te3‚
246 2444 406 2507 quibus
429 2444 774 2508 stringebamur‚
790 2463 886 2492 non
903 2449 1043 2493 modo
1068 2447 1313 2506 inhabiles,
1338 2447 1411 2493 sed

141 2527 299 2562 contra
320 2514 446 2562 nimii
463 2517 729 2563 turbatores.
762 2517 863 2579 qui,
885 2535 988 2566 cum
1008 2536 1152 2584 neque
1172 2520 1217 2565 in
1244 2519 1412 2567 machi-

203 2595 419 2639 Ammian.
443 2594 679 2640 Marcellin.
709 2597 805 2641 Vol.
825 2596 865 2641 I.
1174 2594 1218 2638 N
