1626 2917
289 148 508 193 RERUM
544 147 886 194 GESTARUM
918 148 1022 193 LIB.
1054 148 1269 195 XXVIII.
1345 164 1426 213 155

156 253 318 300 fichori
337 248 665 306 modulantem,
684 266 732 299 ut
755 254 993 300 doceretur
1014 253 1058 299 i‘d
1080 269 1231 316 agere,
1252 252 1355 299 dum
1377 253 1436 298 li-

156 339 277 375 ceret
298 345 308 374 t
332 327 725 390 interroganteque
746 327 942 385 musico,
963 326 1071 390 quid
1089 326 1129 372 ei
1160 326 1326 387 poterit
1344 327 1435 374 hoc

156 400 358 462 prodeffe
397 401 622 447 morituro
660 400 869 462 postridie
888 436 900 455 ‚
929 399 1201 463 respondiffe
1220 436 1235 458 ,
1266 413 1315 447 ut
1350 401 1436 447 ali-

156 473 264 534 quid
282 472 422 519 sciens
440 472 629 533 amplius
652 489 675 518 e
699 473 793 518 vita
815 472 1049 519 discedam.
1075 477 1137 519 lta
1155 487 1301 519 autem
1325 489 1437 535 pau-

156 545 199 591 ci
229 545 326 591 sunt
362 545 475 591 inter
499 562 578 593 eos
608 545 751 591 severi
783 546 986 593 vindices
1014 545 1308 604 delictorum,
1334 558 1382 593 ut
1401 545 1436 592 fi

154 633 312 678 aquam
345 619 530 665 calidam
569 619 733 665 tardius
769 619 965 666 attulerit
1000 618 1152 667 servus
1179 655 1192 677 ‚
1224 619 1437 667 trecentis

156 691 287 754 affligi
317 692 580 739 verberibus
600 691 831 752 jubeatur:
853 691 883 737 fi
911 692 1142 739 hominem
1169 692 1328 755 sponte
1352 704 1438 740 oc—'

158 763 319 811 ciderit
337 766 519 828 propria
540 802 555 824 ‚
575 765 835 811 instantibus
858 765 1056 825 plurimis
1074 801 1088 821 ‚
1120 777 1170 812 ut
1201 766 1438 812 damnetur

156 853 258 884 reus
275 872 288 894 ,
316 838 524 884 dominus
551 839 758 885 hactenus
780 839 1022 895 exclamat,
1043 837 1320 898 Quidtfaciat
1340 856 1439 890 ma-

157 911 227 957 lus
244 947 256 967 ‚
275 910 492 968 famosus,
513 913 561 959 &
591 928 777 973 nequam
798 911 814 957 ?
838 914 885 959 ὃς
907 911 934 957 fi
958 911 1055 974 quis
1077 912 1199 960 aliud
1217 909 1438 974 ejusmodi

158 985 366 1048 deinceps
395 985 520 1032 ausus
546 984 702 1041 fuerit,
733 985 998 1047 corrigetur.
1016 985 1260 1033 Civilitatis
1291 999 1439 1032 autem

149 1059 252 1118 hoc
281 1059 397 1121 apud
429 1075 508 1105 eos
545 1058 607 1105 est
645 1075 765 1105 nunc
786 1093 800 1116 ‚
821 1060 946 1121 quod
983 1060 1161 1121 expedit
1196 1061 1441 1123 peregrino

147 1132 337 1178 *fratrem
359 1131 608 1179 interficere
627 1130 882 1193 cujuslibet,
903 1149 1031 1195 quam
1053 1146 1233 1198 rogatus
1252 1135 1307 1181 ad
1327 1152 1440 1182 con-

156 1205 335 1253 vivium
365 1206 572 1253 excusare
591 1225 602 1253 :
623 1206 840 1253 defectum
867 1207 985 1253 enim
1005 1207 1266 1270 patrimonii
1287 1208 1328 1255 se
1350 1226 1440 1271 op-

157 1279 266 1341 pido
296 1279 467 1342 perpeti
489 1279 664 1326 senator
690 1280 910 1326 existimat
925 1316 937 1338 ,
959 1281 989 1326 si
1014 1282 1049 1327 is
1070 1281 1259 1328 defuerit
1273 1316 1285 1334 ‚
1304 1299 1442 1344 quem

146 1352 397 1414 aliquoties
423 1353 593 1400 libratis
622 1352 848 1400 sententiis
878 1353 1144 1402 invitaverit
1170 1355 1314 1403 semel.
1334 1354 1444 1403 Par's

158 1441 346 1484 eorum,
377 1425 408 1471 fi
446 1443 575 1489 agros
607 1426 743 1474 visuri
775 1426 1082 1489 processerunt
1115 1427 1295 1491 longius
1314 1464 1328 1485 ‚
1362 1440 1441 1475 aut

160 1497 315 1543 alienis
346 1498 571 1544 laboribus
600 1500 833 1557 venaturi,
854 1500 1097 1546 Alexandri
1124 1501 1276 1564 Magni
1306 1501 1442 1548 itine-

159 1587 207 1617 ra
229 1569 269 1615 se
292 1583 449 1633 putant
477 1572 759 1634 aequiparaffe
781 1607 794 1630 ‚
816 1572 889 1618 vel
915 1572 1100 1620 Caesaris
1121 1591 1132 1620 :
1158 1587 1230 1620 aut
1248 1574 1277 1620 fi
1297 1592 1321 1621 a
1340 1574 1444 1622 lacu

160 1643 334 1692 Averni
357 1643 512 1689 lembis
542 1643 709 1690 investi
737 1644 836 1690 sunt
867 1644 992 1706 pictis
1011 1647 1226 1694 Puteolos
1254 1647 1328 1693 vel
1349 1648 1441 1694 Ca-

157 1715 290 1778 jetam
306 1750 319 1770 ‚
336 1716 525 1762 maxime
557 1733 659 1762 cum
683 1716 728 1762 id
755 1729 978 1779 vaporato
1001 1718 1188 1765 audeant
1220 1732 1441 1781 tempore.

158 1789 251 1836 Ubi
274 1789 304 1835 fi
329 1789 444 1836 inter
467 1803 618 1836 aurata
646 1788 818 1835 flabella
841 1789 1012 1836 laciniis
1032 1789 1176 1838 sericis
1199 1792 1442 1839 insederint

158 1861 321 1910 muscae
341 1900 354 1920 ‚
376 1863 451 1909 vel
478 1880 556 1925 per
575 1861 778 1922 foramen
807 1862 1056 1910 umbraculi
1084 1865 1441 1927 pensilis-radio-

158 1936 229 1982 lus
256 1936 467 1998 irruperit
492 1935 594 1981 solis
609 1971 621 1990 ,
644 1949 920 1997 queruntur,
938 1936 1065 1996 quod
1088 1953 1183 1983 non
1202 1937 1303 1984 sunt
1324 1939 1439 2001 apud

161 2007 432 2055 Cimmerios
468 2006 572 2053 nati.
598 2005 722 2053 Dein
749 2023 850 2052 cum
879 2024 902 2053 a
932 2006 1104 2053 Silvani
1136 2009 1320 2057 lavacro
1361 2010 1440 2056 vel

161 2081 361 2126 Mamaeae
387 2080 510 2142 aquis
535 2078 759 2126 ventitant
792 2078 1098 2142 sospitalibus,
1133 2094 1184 2128 ut
1206 2083 1439 2146 quisquam

160 2167 316 2197 eorum
347 2153 534 2215 egressus
562 2152 818 2199 tenuiffimis
842 2152 882 2199 se
915 2152 1086 2200 terserit
1115 2154 1260 2202 linteis
1281 2191 1294 2211 ‚
1316 2156 1440 2202 solu·-

159 2223 218 2270 tis
244 2224 468 2286 prefforiis
499 2225 640 2272 vestes
667 2225 767 2271 luce
797 2225 988 2273 nitentes
1021 2227 1182 2274 arbitra
1203 2228 1439 2292 diligenter

162 2297 368 2359 explorat
381 2334 393 2355 ,
411 2316 509 2362 quae
527 2316 612 2345 una
634 2310 870 2361 portantur
890 2299 1153 2347 sufficientes
1173 2303 1227 2348 ad
1250 2302 1440 2348 induen-

162 2369 246 2416 dos
270 2369 475 2417 homines
506 2371 748 2418 undecim:
783 2373 1050 2435 tandemque
1083 2374 1231 2420 electis
1263 2374 1438 2436 aliquot

161 2441 427 2501 involutus,
443 2444 632 2507 receptis
652 2443 824 2492 annulis
839 2479 854 2504 ,
874 2461 1013 2511 quos,
1029 2462 1085 2494 ne
1106 2445 1336 2495 violentur
1356 2446 1436 2493 hu-
