1626 2917
223 100 280 159 78
439 99 770 145 AMMIANI
816 99 1284 146 MARCELLINI

220 219 316 253 tuta
354 222 410 252 ex
440 221 567 251 riore
600 221 783 252 munera
818 205 1008 268 praeberi
1044 206 1291 266 deberent,
1327 206 1505 255 minora

220 285 270 330 &
299 280 409 327 vilia
437 279 538 326 sunt
561 278 803 327 attributa:
827 296 929 344 quae
962 280 1028 327 illi
1057 279 1250 344 suscepta
1271 317 1284 336 ‚
1305 281 1506 329 furenter

221 367 401 419 agentes
427 390 441 412 ‚
483 367 534 400 ut
579 353 878 417 indignissima
925 353 1174 417 projecere.
1215 355 1505 419 Tractatique

220 428 413 490 asperius
446 428 501 474 ab
526 427 712 475 Ursacio
734 441 842 475 tunc
869 427 1080 492 magistro
1108 428 1396 488 officiorum,
1416 429 1506 477 ira·
1551 471 1565 483 χ

222 505 374 552 cundo
393 503 590 566 quodam
619 504 665 550 &
697 502 820 549 saevo
835 539 848 561 ,
869 504 1045 567 regreffi
1063 539 1076 562 ,
1101 503 1355 568 fastumque
1373 521 1507 567 exag-

219 591 422 644 gerantes
441 612 455 634 ‚
488 588 539 623 ut
570 577 897 624 contumeliose
929 577 1148 638 despectas
1176 592 1327 641 gentes
1346 578 1506 624 imma-

218 651 414 698 niffimas
444 647 747 695 concitarunt.
774 650 830 694 Et
853 648 973 695 circa
1003 648 1049 694 id
1079 661 1281 711 tempus,
1299 661 1377 695 aut
1407 664 1502 694 non

219 724 367 771 multo
397 721 617 786 posterius
636 758 649 779 ,
680 720 725 768 in
752 721 942 767 Oriente
973 721 1224 783 Procopius
1243 722 1290 767 in
1309 738 1379 768 res
1406 721 1505 767 sur-

217 810 394 845 rexerat
430 813 608 843 novas:
644 813 744 858 quae
780 812 921 857 prope
959 796 1184 842 Kalendas
1221 794 1502 843 Novembris

216 884 416 921 venturo
440 870 760 916 Valentiniano
787 868 974 916 Parisios
996 906 1010 928 ,
1031 870 1283 933 eodemque
1305 867 1506 915 nuntiata

217 946 319 993 sunt
351 945 434 992 die.
464 946 519 990 Et
546 942 806 989 Alamannis
834 942 1015 1006 quidem
1043 942 1334 990 occursurum
1353 942 1505 1005 Daga-

215 1021 418 1083 laiphum
454 1033 633 1080 pergere
676 1031 849 1063 mature
887 1017 1131 1078 praecepit:
1168 1016 1245 1080 qui
1283 1015 1502 1062 vastitatis

216 1091 624 1158 propinquioribus
650 1089 763 1137 locis
782 1089 962 1153 longius
982 1088 1261 1136 discesserant
1287 1089 1502 1135 incruen-

218 1169 267 1215 ti.
298 1169 438 1229 Super
461 1164 661 1228 appetitu
693 1179 807 1209 vero
825 1161 1067 1225 Procopii,
1087 1175 1321 1226 antequam
1346 1162 1502 1209 adole-

218 1240 382 1296 sceret,
416 1236 705 1300 reprimendo
726 1271 740 1294 ,
774 1238 890 1284 curis
922 1238 1214 1285 diducebatur
1249 1239 1500 1303 ambiguis,

216 1326 269 1359 ea
299 1312 574 1375 potiffimum
610 1309 786 1356 ratione
810 1308 1025 1356 sollicitus
1045 1347 1058 1368 ‚
1078 1313 1205 1374 quod
1228 1312 1463 1375 ignorabat
1484 1349 1499 1371 ‚

218 1401 367 1432 utrum
390 1384 581 1430 Valente
601 1382 830 1445 superstite
849 1420 864 1440 ,
879 1400 932 1430 an
954 1383 1196 1442 exstincto,
1222 1400 1499 1433 memoratus

217 1459 460 1522 imperium
490 1456 723 1503 affectarat.
746 1457 955 1520 Equitius
979 1457 1099 1504 enim
1120 1493 1133 1515 ‚
1162 1457 1382 1505 relatione
1405 1463 1499 1506 An-

216 1533 336 1581 tonii
366 1531 535 1579 tribuni
555 1542 738 1594 accepta
757 1567 770 1589 ‚
789 1531 960 1594 agentis
989 1531 1037 1577 in
1068 1533 1211 1580 Dacia
1237 1532 1500 1579 mediterra-

212 1623 298 1654 nea
325 1605 512 1652 militem
534 1640 547 1662 ‚
572 1604 650 1667 qui
676 1603 787 1649 nihil
822 1616 982 1666 praeter
1006 1604 1238 1667 negotium
1258 1604 1400 1667 ipsum
1421 1623 1500 1653 au-

215 1681 358 1727 ditum
392 1678 582 1725 obscure
620 1676 926 1741 fignificabat;
957 1678 1048 1741 ipse
1077 1695 1262 1743 quoque
1293 1680 1499 1726 nondum

215 1754 389 1817 liquida
414 1751 500 1798 fide
531 1761 764 1814 comperta
784 1786 798 1808 ,
831 1751 1100 1813 simplicibus
1136 1751 1285 1798 verbis
1323 1752 1498 1799 Princi-

214 1845 317 1891 pem
339 1827 563 1891 gestorum
583 1825 814 1873 conscium
843 1824 962 1873 fecit.
981 1825 1060 1873 His
1078 1825 1270 1890 cognitis
1290 1863 1305 1883 ,
1325 1825 1494 1872 Valen—

218 1901 415 1950 tinianus
430 1936 444 1959 ‚
465 1901 626 1947 eodem
643 1898 828 1963 Equitio
843 1900 972 1945 aucto
992 1898 1228 1963 magisterii
1249 1898 1464 1963 dignitate
1482 1937 1497 1959 ,

216 1975 429 2037 repedare
467 1975 523 2020 ad
559 1973 793 2038 Illyricum
835 1972 1112 2031 destInabat,
1140 1989 1196 2019 ne
1243 1972 1495 2035 persultatis

218 2047 425 2094 Thraciis
460 2045 699 2110 perduellis
723 2044 811 2108 jam
836 2042 1102 2092 formidatus
1137 2044 1371 2092 invaderet
1406 2046 1495 2091 ho-

219 2122 307 2168 stili
334 2121 521 2169 excursu
553 2121 823 2170 Pannonias.
850 2122 1147 2169 Documento
1179 2120 1298 2167 enim
1326 2119 1496 2168 recenti

220 2196 452 2259 impendio
481 2196 726 2243 terrebatur
745 2231 758 2254 ‚
790 2207 1000 2258 reputans
1023 2230 1034 2251 ‚
1057 2193 1194 2257 paulo
1219 2207 1322 2242 ante
1355 2194 1494 2242 Julia-

221 2286 352 2327 num,
374 2280 608 2316 contemto
629 2271 900 2331 Imperatore
925 2267 1148 2314 bellorum
1171 2267 1374 2314 civilium
1396 2267 1491 2314 ubi-

221 2359 309 2406 que
340 2342 538 2400 νίἃοτθ,
564 2359 645 2389 nec
665 2342 880 2405 speratum
906 2354 1033 2399 ante,
1058 2358 1138 2388 nec
1160 2340 1453 2405 exspectatum
1476 2377 1492 2398 ,

221 2419 274 2464 ab
305 2416 413 2464 urbe
449 2415 494 2464 in
528 2417 685 2465 urbem
723 2416 976 2466 incredibili
1013 2416 1257 2467 velocitate
1285 2415 1492 2465 transisse.
