<?xml version="1.0" encoding="UTF-8"?>
<!DOCTYPE html PUBLIC "-//W3C//DTD XHTML 1.0 Transitional//EN"
    "http://www.w3.org/TR/xhtml1/DTD/xhtml1-transitional.dtd">
<html xmlns="http://www.w3.org/1999/xhtml" xml:lang="en" lang="en">
 <head>
  <title>
</title>
<meta http-equiv="Content-Type" content="text/html;charset=utf-8" />
  <meta name='ocr-system' content='tesseract 3.04.00' />
  <meta name='ocr-capabilities' content='ocr_page ocr_carea ocr_par ocr_line ocrx_word'/>
</head>
<body>
  <div class='ocr_page' id='page_1' title='image "./rerumgestarumqui00ammiuoft_0094.png"; bbox 0 0 1626 2917; ppageno 0'>
   <div class='ocr_carea' id='block_1_1' title="bbox 214 226 1266 295">
    <p class='ocr_par' dir='ltr' id='par_1_1' title="bbox 214 226 1266 295">
     <span class='ocr_line' id='line_1_1' title="bbox 214 226 1266 295; baseline -0.003 -18"><span class='ocrx_word' id='word_1_1' title='bbox 214 233 272 295; x_wconf 82' lang='lat'><em>36</em></span> <span class='ocrx_word' id='word_1_2' title='bbox 434 226 757 276; x_wconf 68' lang='lat' dir='ltr'><strong>AMMIANI</strong></span> <span class='ocrx_word' id='word_1_3' title='bbox 803 226 1266 274; x_wconf 78' lang='lat' dir='ltr'>MARCELLINI</span> 
     </span>
    </p>
   </div>
   <div class='ocr_carea' id='block_1_2' title="bbox 209 336 1484 401">
    <p class='ocr_par' dir='ltr' id='par_1_2' title="bbox 209 336 1484 401">
     <span class='ocr_line' id='line_1_2' title="bbox 209 336 1484 401; baseline -0.005 -12"><span class='ocrx_word' id='word_1_4' title='bbox 209 359 274 389; x_wconf 86' lang='lat' dir='ltr'><em>tor</em></span> <span class='ocrx_word' id='word_1_5' title='bbox 302 337 344 385; x_wconf 65' lang='grc' dir='ltr'><em>ἕν’</em></span> <span class='ocrx_word' id='word_1_6' title='bbox 375 354 518 384; x_wconf 77' lang='lat' dir='ltr'><em>cautus</em></span> <span class='ocrx_word' id='word_1_7' title='bbox 549 337 790 395; x_wconf 73' lang='lat' dir='ltr'><em>utiliumque</em></span> <span class='ocrx_word' id='word_1_8' title='bbox 821 337 1004 381; x_wconf 79' lang='lat' dir='ltr'><em>monitor</em></span> <span class='ocrx_word' id='word_1_9' title='bbox 1022 369 1037 391; x_wconf 91' lang='lat'>,</span> <span class='ocrx_word' id='word_1_10' title='bbox 1052 336 1102 400; x_wconf 82' lang='lat' dir='ltr'><em>si</em></span> <span class='ocrx_word' id='word_1_11' title='bbox 1133 336 1258 401; x_wconf 77' lang='lat' dir='ltr'><em>vestra</em></span> <span class='ocrx_word' id='word_1_12' title='bbox 1290 340 1484 383; x_wconf 69' lang='lat' dir='ltr'><em>voluntas</em></span> 
     </span>
    </p>
   </div>
   <div class='ocr_carea' id='block_1_3' title="bbox 176 408 1488 2588">
    <p class='ocr_par' dir='ltr' id='par_1_3' title="bbox 192 408 1488 1496">
     <span class='ocr_line' id='line_1_3' title="bbox 206 408 1484 479; baseline -0.002 -20"><span class='ocrx_word' id='word_1_13' title='bbox 206 414 339 479; x_wconf 81' lang='lat' dir='ltr'><em>adest,</em></span> <span class='ocrx_word' id='word_1_14' title='bbox 357 412 485 457; x_wconf 72' lang='lat' dir='ltr'><em>tril‘ui</em></span> <span class='ocrx_word' id='word_1_15' title='bbox 509 412 639 454; x_wconf 79' lang='lat' dir='ltr'><em>dehere</em></span> <span class='ocrx_word' id='word_1_16' title='bbox 659 408 794 468; x_wconf 80' lang='lat' dir='ltr'><em>censeo</em></span> <span class='ocrx_word' id='word_1_17' title='bbox 809 442 823 464; x_wconf 86' lang='lat'>,</span> <span class='ocrx_word' id='word_1_18' title='bbox 845 412 977 454; x_wconf 86' lang='lat' dir='ltr'><em>multa</em></span> <span class='ocrx_word' id='word_1_19' title='bbox 997 412 1279 468; x_wconf 79' lang='lat' dir='ltr'><em>contemplans</em></span> <span class='ocrx_word' id='word_1_20' title='bbox 1292 426 1308 454; x_wconf 90' lang='lat'><em>.·</em></span> <span class='ocrx_word' id='word_1_21' title='bbox 1319 413 1484 469; x_wconf 81' lang='lat' dir='ltr'><em>primo,</em></span> 
     </span>
     <span class='ocr_line' id='line_1_4' title="bbox 206 482 1484 541; baseline -0.002 -9"><span class='ocrx_word' id='word_1_22' title='bbox 206 503 253 532; x_wconf 86' lang='lat' dir='ltr'><em>ut</em></span> <span class='ocrx_word' id='word_1_23' title='bbox 282 486 437 531; x_wconf 73' lang='lat' dir='ltr'><em>Martis</em></span> <span class='ocrx_word' id='word_1_24' title='bbox 465 482 660 541; x_wconf 72' lang='lat' dir='ltr'><em>ambigua</em></span> <span class='ocrx_word' id='word_1_25' title='bbox 693 482 975 526; x_wconf 76' lang='lat' dir='ltr'><em>declinentur:</em></span> <span class='ocrx_word' id='word_1_26' title='bbox 997 483 1115 537; x_wconf 77' lang='lat' dir='ltr'><em>dein,</em></span> <span class='ocrx_word' id='word_1_27' title='bbox 1135 495 1182 525; x_wconf 84' lang='lat' dir='ltr'><em>ut</em></span> <span class='ocrx_word' id='word_1_28' title='bbox 1210 483 1484 529; x_wconf 80' lang='lat' dir='ltr'><em>auxiliatores</em></span> 
     </span>
     <span class='ocr_line' id='line_1_5' title="bbox 197 551 1484 621; baseline 0.002 -21"><span class='ocrx_word' id='word_1_29' title='bbox 197 578 278 621; x_wconf 67' lang='lat' dir='ltr'><em>pro</em></span> <span class='ocrx_word' id='word_1_30' title='bbox 308 555 556 614; x_wconf 76' lang='lat' dir='ltr'><em>adversariis</em></span> <span class='ocrx_word' id='word_1_31' title='bbox 587 551 899 612; x_wconf 76' lang='lat' dir='ltr'><em>adfiiscamuS,</em></span> <span class='ocrx_word' id='word_1_32' title='bbox 934 556 1045 612; x_wconf 81' lang='lat' dir='ltr'><em>quod</em></span> <span class='ocrx_word' id='word_1_33' title='bbox 1065 555 1319 613; x_wconf 76' lang='lat' dir='ltr'><em>pollicentur</em></span> <span class='ocrx_word' id='word_1_34' title='bbox 1342 574 1359 601; x_wconf 90' lang='lat'><em>:</em></span> <span class='ocrx_word' id='word_1_35' title='bbox 1393 572 1484 602; x_wconf 85' lang='lat' dir='ltr'><em>tum</em></span> 
     </span>
     <span class='ocr_line' id='line_1_6' title="bbox 201 622 1484 688; baseline -0.003 -12"><span class='ocrx_word' id='word_1_36' title='bbox 201 645 364 684; x_wconf 77' lang='lat' dir='ltr'><em>autem,</em></span> <span class='ocrx_word' id='word_1_37' title='bbox 394 643 439 671; x_wconf 85' lang='lat' dir='ltr'><em>ut</em></span> <span class='ocrx_word' id='word_1_38' title='bbox 470 622 672 670; x_wconf 56' lang='lat' dir='ltr'><em>incruenti</em></span> <span class='ocrx_word' id='word_1_39' title='bbox 701 626 932 686; x_wconf 77' lang='lat' dir='ltr'><em>mitigemus</em></span> <span class='ocrx_word' id='word_1_40' title='bbox 950 624 1116 682; x_wconf 62' lang='lat' dir='ltr'><em>ferociae</em></span> <span class='ocrx_word' id='word_1_41' title='bbox 1130 625 1304 688; x_wconf 83' lang='lat' dir='ltr'><em>flatus,</em></span> <span class='ocrx_word' id='word_1_42' title='bbox 1333 631 1484 687; x_wconf 81' lang='lat' dir='ltr'><em>perni-</em></span> 
     </span>
     <span class='ocr_line' id='line_1_7' title="bbox 203 698 1488 764; baseline 0.002 -17"><span class='ocrx_word' id='word_1_43' title='bbox 203 703 336 763; x_wconf 82' lang='lat' dir='ltr'><em>ciosos</em></span> <span class='ocrx_word' id='word_1_44' title='bbox 361 701 479 760; x_wconf 60' lang='lat' dir='ltr'><em>saepe*</em></span> <span class='ocrx_word' id='word_1_45' title='bbox 502 700 732 758; x_wconf 75' lang='lat' dir='ltr'><em>provinciis</em></span> <span class='ocrx_word' id='word_1_46' title='bbox 752 714 768 742; x_wconf 90' lang='lat'><em>.·</em></span> <span class='ocrx_word' id='word_1_47' title='bbox 787 698 987 764; x_wconf 85' lang='lat' dir='ltr'><em>postremo</em></span> <span class='ocrx_word' id='word_1_48' title='bbox 1018 700 1066 743; x_wconf 83' lang='lat' dir='ltr'><em>id</em></span> <span class='ocrx_word' id='word_1_49' title='bbox 1096 717 1324 760; x_wconf 80' lang='lat' dir='ltr'><em>reputantes</em></span> <span class='ocrx_word' id='word_1_50' title='bbox 1340 736 1354 759; x_wconf 88' lang='lat'>‚</span> <span class='ocrx_word' id='word_1_51' title='bbox 1374 705 1488 763; x_wconf 79' lang='lat' dir='ltr'><em>quod</em></span> 
     </span>
     <span class='ocr_line' id='line_1_8' title="bbox 200 771 1483 837; baseline 0.001 -16"><span class='ocrx_word' id='word_1_52' title='bbox 200 794 285 822; x_wconf 81' lang='lat' dir='ltr'><em>non</em></span> <span class='ocrx_word' id='word_1_53' title='bbox 308 775 375 818; x_wconf 90' lang='lat' dir='ltr'><em>ille</em></span> <span class='ocrx_word' id='word_1_54' title='bbox 394 772 517 837; x_wconf 72' lang='lat' dir='ltr'><em>hostis</em></span> <span class='ocrx_word' id='word_1_55' title='bbox 547 773 728 817; x_wconf 78' lang='lat' dir='ltr'><em>vincitur</em></span> <span class='ocrx_word' id='word_1_56' title='bbox 737 772 864 832; x_wconf 86' lang='lat' dir='ltr'><em>solus</em></span> <span class='ocrx_word' id='word_1_57' title='bbox 882 805 898 828; x_wconf 91' lang='lat'><strong>,</strong></span> <span class='ocrx_word' id='word_1_58' title='bbox 927 771 996 833; x_wconf 82' lang='lat' dir='ltr'><em>qui</em></span> <span class='ocrx_word' id='word_1_59' title='bbox 1022 775 1138 818; x_wconf 86' lang='lat' dir='ltr'><em>cadit</em></span> <span class='ocrx_word' id='word_1_60' title='bbox 1162 776 1208 819; x_wconf 79' lang='lat' dir='ltr'><em>irz</em></span> <span class='ocrx_word' id='word_1_61' title='bbox 1240 778 1348 831; x_wconf 88' lang='lat' dir='ltr'><em>acie,</em></span> <span class='ocrx_word' id='word_1_62' title='bbox 1368 795 1483 836; x_wconf 74' lang='lat' dir='ltr'><em>pott-</em></span> 
     </span>
     <span class='ocr_line' id='line_1_9' title="bbox 199 842 1482 907; baseline 0.001 -12"><span class='ocrx_word' id='word_1_63' title='bbox 199 853 289 895; x_wconf 82' lang='lat' dir='ltr'><em>dere</em></span> <span class='ocrx_word' id='word_1_64' title='bbox 318 863 524 893; x_wconf 81' lang='lat' dir='ltr'><em>armorum</em></span> <span class='ocrx_word' id='word_1_65' title='bbox 550 842 779 907; x_wconf 71' lang='lat' dir='ltr'><em>oppreffies‚</em></span> <span class='ocrx_word' id='word_1_66' title='bbox 801 843 844 891; x_wconf 69' lang='grc' dir='ltr'><em>δ’</em></span> <span class='ocrx_word' id='word_1_67' title='bbox 868 845 1020 890; x_wconf 80' lang='lat' dir='ltr'><em>virium</em></span> <span class='ocrx_word' id='word_1_68' title='bbox 1040 864 1061 901; x_wconf 89' lang='lat'><em>;</em></span> <span class='ocrx_word' id='word_1_69' title='bbox 1086 847 1171 906; x_wconf 76' lang='lat' dir='ltr'><em>sed</em></span> <span class='ocrx_word' id='word_1_70' title='bbox 1193 851 1322 894; x_wconf 87' lang='lat' dir='ltr'><em>multo</em></span> <span class='ocrx_word' id='word_1_71' title='bbox 1349 853 1482 896; x_wconf 82' lang='lat' dir='ltr'><em>tutius</em></span> 
     </span>
     <span class='ocr_line' id='line_1_10' title="bbox 198 919 1481 982; baseline 0.001 -14"><span class='ocrx_word' id='word_1_72' title='bbox 198 926 347 977; x_wconf 83' lang='lat' dir='ltr'><em>etiam,</em></span> <span class='ocrx_word' id='word_1_73' title='bbox 380 921 478 965; x_wconf 78' lang='lat' dir='ltr'><em>tuba</em></span> <span class='ocrx_word' id='word_1_74' title='bbox 507 934 687 974; x_wconf 80' lang='lat' dir='ltr'><em>tacente,</em></span> <span class='ocrx_word' id='word_1_75' title='bbox 706 919 790 979; x_wconf 72' lang='lat' dir='ltr'><em>fiib</em></span> <span class='ocrx_word' id='word_1_76' title='bbox 809 920 966 980; x_wconf 79' lang='lat' dir='ltr'><em>jugum</em></span> <span class='ocrx_word' id='word_1_77' title='bbox 993 922 1171 965; x_wconf 82' lang='lat' dir='ltr'><em>mittitur</em></span> <span class='ocrx_word' id='word_1_78' title='bbox 1194 925 1481 982; x_wconf 76' lang='lat' dir='ltr'><em>voluntarius,</em></span> 
     </span>
     <span class='ocr_line' id='line_1_11' title="bbox 199 991 1481 1057; baseline 0.002 -18"><span class='ocrx_word' id='word_1_79' title='bbox 199 997 271 1057; x_wconf 83' lang='lat' dir='ltr'><em>qui</em></span> <span class='ocrx_word' id='word_1_80' title='bbox 292 994 424 1054; x_wconf 79' lang='lat' dir='ltr'><em>sentit</em></span> <span class='ocrx_word' id='word_1_81' title='bbox 450 1006 639 1051; x_wconf 77' lang='lat' dir='ltr'><em>expertus</em></span> <span class='ocrx_word' id='word_1_82' title='bbox 655 1026 670 1047; x_wconf 90' lang='lat'>,</span> <span class='ocrx_word' id='word_1_83' title='bbox 697 1010 768 1037; x_wconf 79' lang='lat' dir='ltr'><em>nec</em></span> <span class='ocrx_word' id='word_1_84' title='bbox 791 991 1085 1049; x_wconf 77' lang='lat' dir='ltr'><em>fortitudinem</em></span> <span class='ocrx_word' id='word_1_85' title='bbox 1121 995 1167 1039; x_wconf 78' lang='lat' dir='ltr'><em>in</em></span> <span class='ocrx_word' id='word_1_86' title='bbox 1190 995 1375 1053; x_wconf 81' lang='lat' dir='ltr'><em>rebelles,</em></span> <span class='ocrx_word' id='word_1_87' title='bbox 1408 1014 1481 1042; x_wconf 85' lang='lat' dir='ltr'><em>nec</em></span> 
     </span>
     <span class='ocr_line' id='line_1_12' title="bbox 197 1063 1481 1127; baseline 0.001 -13"><span class='ocrx_word' id='word_1_88' title='bbox 197 1069 405 1114; x_wconf 77' lang='lat' dir='ltr'><em>lenitatem</em></span> <span class='ocrx_word' id='word_1_89' title='bbox 432 1067 477 1110; x_wconf 80' lang='lat' dir='ltr'><em>in</em></span> <span class='ocrx_word' id='word_1_90' title='bbox 497 1065 710 1125; x_wconf 79' lang='lat' dir='ltr'><em>supplices</em></span> <span class='ocrx_word' id='word_1_91' title='bbox 733 1066 899 1110; x_wconf 80' lang='lat' dir='ltr'><em>animos</em></span> <span class='ocrx_word' id='word_1_92' title='bbox 921 1063 1056 1127; x_wconf 83' lang='lat' dir='ltr'><em>deeffe.</em></span> <span class='ocrx_word' id='word_1_93' title='bbox 1092 1068 1144 1110; x_wconf 84' lang='lat' dir='ltr'><em>In</em></span> <span class='ocrx_word' id='word_1_94' title='bbox 1158 1066 1332 1125; x_wconf 65' lang='lat' dir='ltr'><em>stemma</em></span> <span class='ocrx_word' id='word_1_95' title='bbox 1348 1102 1360 1120; x_wconf 79' lang='lat'>,</span> <span class='ocrx_word' id='word_1_96' title='bbox 1380 1085 1481 1115; x_wconf 84' lang='lat' dir='ltr'><em>tan-</em></span> 
     </span>
     <span class='ocr_line' id='line_1_13' title="bbox 194 1139 1478 1203; baseline -0.001 -15"><span class='ocrx_word' id='word_1_97' title='bbox 194 1160 320 1203; x_wconf 79' lang='lat' dir='ltr'><em>quam</em></span> <span class='ocrx_word' id='word_1_98' title='bbox 341 1142 518 1185; x_wconf 79' lang='lat' dir='ltr'><em>arbitros</em></span> <span class='ocrx_word' id='word_1_99' title='bbox 531 1156 606 1183; x_wconf 84' lang='lat' dir='ltr'><em>vos</em></span> <span class='ocrx_word' id='word_1_100' title='bbox 619 1171 634 1195; x_wconf 78' lang='lat'><strong>,</strong></span> <span class='ocrx_word' id='word_1_101' title='bbox 656 1139 955 1199; x_wconf 70' lang='lat' dir='ltr'><em>qztidfitadetis</em></span> <span class='ocrx_word' id='word_1_102' title='bbox 968 1172 980 1195; x_wconf 89' lang='lat'>,</span> <span class='ocrx_word' id='word_1_103' title='bbox 999 1140 1206 1198; x_wconf 78' lang='lat' dir='ltr'><em>opperior,</em></span> <span class='ocrx_word' id='word_1_104' title='bbox 1229 1157 1275 1185; x_wconf 75' lang='lat' dir='ltr'><em>ut</em></span> <span class='ocrx_word' id='word_1_105' title='bbox 1286 1145 1478 1203; x_wconf 81' lang='lat' dir='ltr'><em>princeps</em></span> 
     </span>
     <span class='ocr_line' id='line_1_14' title="bbox 193 1212 1478 1273; baseline -0.002 -14"><span class='ocrx_word' id='word_1_106' title='bbox 193 1213 448 1273; x_wconf 77' lang='lat' dir='ltr'><em>tranquillus</em></span> <span class='ocrx_word' id='word_1_107' title='bbox 477 1226 742 1271; x_wconf 79' lang='lat' dir='ltr'><em>temperanter</em></span> <span class='ocrx_word' id='word_1_108' title='bbox 761 1212 949 1256; x_wconf 73' lang='lat' dir='ltr'><em>adhibere</em></span> <span class='ocrx_word' id='word_1_109' title='bbox 982 1212 1148 1255; x_wconf 78' lang='lat' dir='ltr'><em>modum</em></span> <span class='ocrx_word' id='word_1_110' title='bbox 1183 1213 1348 1272; x_wconf 68' lang='lat' dir='ltr'><em>allapsc&#39;z</em></span> <span class='ocrx_word' id='word_1_111' title='bbox 1370 1215 1478 1272; x_wconf 67' lang='lat' dir='ltr'><em>feli-</em></span> 
     </span>
     <span class='ocr_line' id='line_1_15' title="bbox 194 1284 1476 1349; baseline 0.001 -17"><span class='ocrx_word' id='word_1_112' title='bbox 194 1290 314 1333; x_wconf 72' lang='lat' dir='ltr'><em>citata</em></span> <span class='ocrx_word' id='word_1_113' title='bbox 342 1287 565 1330; x_wconf 69' lang='lat' dir='ltr'><em>decernens.</em></span> <span class='ocrx_word' id='word_1_114' title='bbox 592 1284 694 1328; x_wconf 77' lang='lat' dir='ltr'><em>Non</em></span> <span class='ocrx_word' id='word_1_115' title='bbox 720 1286 827 1329; x_wconf 79' lang='lat' dir='ltr'><em>enim</em></span> <span class='ocrx_word' id='word_1_116' title='bbox 859 1285 1012 1329; x_wconf 68' lang='lat' dir='ltr'><em>inertiae</em></span> <span class='ocrx_word' id='word_1_117' title='bbox 1034 1318 1048 1340; x_wconf 85' lang='lat'>‚</span> <span class='ocrx_word' id='word_1_118' title='bbox 1063 1284 1146 1343; x_wconf 74' lang='lat' dir='ltr'><em>fied</em></span> <span class='ocrx_word' id='word_1_119' title='bbox 1173 1287 1371 1349; x_wconf 59' lang='lat' dir='ltr'><em>modestice</em></span> <span class='ocrx_word' id='word_1_120' title='bbox 1399 1290 1476 1333; x_wconf 64' lang='grc' dir='ltr'><em>ἡτι-</em></span> 
     </span>
     <span class='ocr_line' id='line_1_16' title="bbox 192 1356 1474 1420; baseline 0.002 -15"><span class='ocrx_word' id='word_1_121' title='bbox 192 1360 489 1418; x_wconf 69' lang='grc' dir='ltr'><em>Ῑπαηὶιαῑίᾳαε,</em></span> <span class='ocrx_word' id='word_1_122' title='bbox 521 1357 625 1402; x_wconf 81' lang='lat' dir='ltr'><em>milzi</em></span> <span class='ocrx_word' id='word_1_123' title='bbox 657 1359 827 1412; x_wconf 83' lang='lat' dir='ltr'><em>credite,</em></span> <span class='ocrx_word' id='word_1_124' title='bbox 858 1359 955 1414; x_wconf 78' lang='lat' dir='ltr'><em>hoc,</em></span> <span class='ocrx_word' id='word_1_125' title='bbox 982 1359 1096 1416; x_wconf 83' lang='lat' dir='ltr'><em>quod</em></span> <span class='ocrx_word' id='word_1_126' title='bbox 1124 1356 1218 1403; x_wconf 72' lang='lat' dir='ltr'><em>rec‘le</em></span> <span class='ocrx_word' id='word_1_127' title='bbox 1243 1361 1474 1420; x_wconf 79' lang='lat' dir='ltr'><em>consultum</em></span> 
     </span>
     <span class='ocr_line' id='line_1_17' title="bbox 192 1429 587 1496; baseline 0 -22"><span class='ocrx_word' id='word_1_128' title='bbox 192 1432 245 1496; x_wconf 83' lang='lat' dir='ltr'><em>est</em></span> <span class='ocrx_word' id='word_1_129' title='bbox 260 1465 272 1487; x_wconf 88' lang='lat'><strong>‚</strong></span> <span class='ocrx_word' id='word_1_130' title='bbox 303 1429 587 1493; x_wconf 60' lang='lat' dir='ltr'><em>qffigrzabitur.</em></span> 
     </span>
    </p>

    <p class='ocr_par' dir='ltr' id='par_1_4' title="bbox 183 1499 1473 2077">
     <span class='ocr_line' id='line_1_18' title="bbox 257 1499 1473 1566; baseline 0.001 -17"><span class='ocrx_word' id='word_1_131' title='bbox 257 1505 375 1549; x_wconf 88' lang='lat' dir='ltr'><em>Mox</em></span> <span class='ocrx_word' id='word_1_132' title='bbox 408 1500 520 1547; x_wconf 59' lang='lat' dir='ltr'><em>dista</em></span> <span class='ocrx_word' id='word_1_133' title='bbox 544 1499 746 1555; x_wconf 84' lang='lat' dir='ltr'><em>finierat,</em></span> <span class='ocrx_word' id='word_1_134' title='bbox 767 1499 1008 1546; x_wconf 82' lang='lat' dir='ltr'><em>multitudo</em></span> <span class='ocrx_word' id='word_1_135' title='bbox 1029 1499 1177 1547; x_wconf 87' lang='lat' dir='ltr'><em>omnis</em></span> <span class='ocrx_word' id='word_1_136' title='bbox 1195 1501 1250 1549; x_wconf 84' lang='lat' dir='ltr'><em>ad</em></span> <span class='ocrx_word' id='word_1_137' title='bbox 1266 1518 1365 1566; x_wconf 87' lang='lat' dir='ltr'><em>quae</em></span> <span class='ocrx_word' id='word_1_138' title='bbox 1383 1504 1473 1551; x_wconf 85' lang='lat' dir='ltr'><em>Im-</em></span> 
     </span>
     <span class='ocr_line' id='line_1_19' title="bbox 189 1571 1472 1641; baseline -0.002 -17"><span class='ocrx_word' id='word_1_139' title='bbox 189 1587 372 1641; x_wconf 79' lang='lat' dir='ltr'><em>perator</em></span> <span class='ocrx_word' id='word_1_140' title='bbox 391 1572 542 1619; x_wconf 85' lang='lat' dir='ltr'><em>voluit</em></span> <span class='ocrx_word' id='word_1_141' title='bbox 566 1571 793 1635; x_wconf 81' lang='lat' dir='ltr'><em>promtior</em></span> <span class='ocrx_word' id='word_1_142' title='bbox 807 1606 821 1629; x_wconf 83' lang='lat'>‚</span> <span class='ocrx_word' id='word_1_143' title='bbox 840 1571 1020 1619; x_wconf 85' lang='lat' dir='ltr'><em>laudato</em></span> <span class='ocrx_word' id='word_1_144' title='bbox 1042 1572 1232 1619; x_wconf 79' lang='lat' dir='ltr'><em>consilio</em></span> <span class='ocrx_word' id='word_1_145' title='bbox 1247 1609 1260 1632; x_wconf 90' lang='lat'>‚</span> <span class='ocrx_word' id='word_1_146' title='bbox 1281 1574 1472 1621; x_wconf 85' lang='lat' dir='ltr'><em>consen-</em></span> 
     </span>
     <span class='ocr_line' id='line_1_20' title="bbox 188 1644 1472 1709; baseline 0.001 -14"><span class='ocrx_word' id='word_1_147' title='bbox 188 1650 242 1696; x_wconf 80' lang='lat' dir='ltr'><em>fit</em></span> <span class='ocrx_word' id='word_1_148' title='bbox 261 1649 308 1694; x_wconf 87' lang='lat' dir='ltr'><em>in</em></span> <span class='ocrx_word' id='word_1_149' title='bbox 326 1663 498 1709; x_wconf 83' lang='lat' dir='ltr'><em>pacem,</em></span> <span class='ocrx_word' id='word_1_150' title='bbox 518 1662 568 1691; x_wconf 87' lang='lat' dir='ltr'><em>ea</em></span> <span class='ocrx_word' id='word_1_151' title='bbox 588 1644 764 1691; x_wconf 85' lang='lat' dir='ltr'><em>ratione</em></span> <span class='ocrx_word' id='word_1_152' title='bbox 782 1645 974 1690; x_wconf 85' lang='lat' dir='ltr'><em>maxime</em></span> <span class='ocrx_word' id='word_1_153' title='bbox 993 1645 1177 1707; x_wconf 78' lang='lat' dir='ltr'><em>percita,</em></span> <span class='ocrx_word' id='word_1_154' title='bbox 1196 1648 1322 1709; x_wconf 89' lang='lat' dir='ltr'><em>quod</em></span> <span class='ocrx_word' id='word_1_155' title='bbox 1341 1661 1472 1697; x_wconf 80' lang='lat' dir='ltr'><em>norat</em></span> 
     </span>
     <span class='ocr_line' id='line_1_21' title="bbox 185 1716 1469 1784; baseline 0 -16"><span class='ocrx_word' id='word_1_156' title='bbox 185 1717 550 1784; x_wconf 79' lang='lat' dir='ltr'><em>expeditionibus</em></span> <span class='ocrx_word' id='word_1_157' title='bbox 579 1716 769 1774; x_wconf 76' lang='lat' dir='ltr'><em>crebris,</em></span> <span class='ocrx_word' id='word_1_158' title='bbox 790 1716 1017 1763; x_wconf 82' lang='lat' dir='ltr'><em>fortunam</em></span> <span class='ocrx_word' id='word_1_159' title='bbox 1041 1716 1132 1778; x_wconf 85' lang='lat' dir='ltr'><em>ejus</em></span> <span class='ocrx_word' id='word_1_160' title='bbox 1155 1717 1200 1763; x_wconf 88' lang='lat' dir='ltr'><em>in</em></span> <span class='ocrx_word' id='word_1_161' title='bbox 1222 1719 1348 1767; x_wconf 84' lang='lat' dir='ltr'><em>malis</em></span> <span class='ocrx_word' id='word_1_162' title='bbox 1371 1733 1469 1768; x_wconf 89' lang='lat' dir='ltr'><em>tan-</em></span> 
     </span>
     <span class='ocr_line' id='line_1_22' title="bbox 187 1789 1469 1853; baseline -0.002 -11"><span class='ocrx_word' id='word_1_163' title='bbox 187 1807 283 1842; x_wconf 85' lang='lat' dir='ltr'><em>tum</em></span> <span class='ocrx_word' id='word_1_164' title='bbox 306 1792 516 1840; x_wconf 86' lang='lat' dir='ltr'><em>civilibus</em></span> <span class='ocrx_word' id='word_1_165' title='bbox 539 1789 737 1853; x_wconf 68' lang='lat' dir='ltr'><em>vigilasse</em></span> <span class='ocrx_word' id='word_1_166' title='bbox 757 1807 767 1836; x_wconf 90' lang='lat'>:</span> <span class='ocrx_word' id='word_1_167' title='bbox 794 1805 896 1836; x_wconf 87' lang='lat' dir='ltr'><em>cum</em></span> <span class='ocrx_word' id='word_1_168' title='bbox 917 1802 1059 1835; x_wconf 86' lang='lat' dir='ltr'><em>autem</em></span> <span class='ocrx_word' id='word_1_169' title='bbox 1085 1789 1196 1836; x_wconf 84' lang='lat' dir='ltr'><em>bella</em></span> <span class='ocrx_word' id='word_1_170' title='bbox 1220 1807 1469 1839; x_wconf 90' lang='lat' dir='ltr'><em>moveren-</em></span> 
     </span>
     <span class='ocr_line' id='line_1_23' title="bbox 186 1860 1466 1925; baseline -0.001 -13"><span class='ocrx_word' id='word_1_171' title='bbox 186 1880 260 1914; x_wconf 83' lang='lat' dir='ltr'><em>tur</em></span> <span class='ocrx_word' id='word_1_172' title='bbox 281 1878 484 1920; x_wconf 77' lang='lat' dir='ltr'><em>externa,</em></span> <span class='ocrx_word' id='word_1_173' title='bbox 504 1862 708 1911; x_wconf 86' lang='lat' dir='ltr'><em>accidisse</em></span> <span class='ocrx_word' id='word_1_174' title='bbox 728 1863 991 1925; x_wconf 88' lang='lat' dir='ltr'><em>plerumque</em></span> <span class='ocrx_word' id='word_1_175' title='bbox 1016 1860 1228 1908; x_wconf 64' lang='lat' dir='ltr'><em>lufiluosa.</em></span> <span class='ocrx_word' id='word_1_176' title='bbox 1253 1861 1343 1910; x_wconf 66' lang='grc' dir='ltr'><em>Ιὸἶο</em></span> <span class='ocrx_word' id='word_1_177' title='bbox 1364 1864 1466 1925; x_wconf 90' lang='lat' dir='ltr'><em>post</em></span> 
     </span>
     <span class='ocr_line' id='line_1_24' title="bbox 184 1933 1466 2002; baseline -0.002 -15"><span class='ocrx_word' id='word_1_178' title='bbox 184 1941 282 1987; x_wconf 81' lang='lat' dir='ltr'><em>haec</em></span> <span class='ocrx_word' id='word_1_179' title='bbox 304 1939 475 1985; x_wconf 84' lang='lat' dir='ltr'><em>foedere</em></span> <span class='ocrx_word' id='word_1_180' title='bbox 497 1937 695 2002; x_wconf 81' lang='lat' dir='ltr'><em>gentium</em></span> <span class='ocrx_word' id='word_1_181' title='bbox 718 1935 831 1992; x_wconf 88' lang='lat' dir='ltr'><em>ritu,</em></span> <span class='ocrx_word' id='word_1_182' title='bbox 853 1933 1134 1998; x_wconf 65' lang='lat' dir='ltr'><em>perfeRaque</em></span> <span class='ocrx_word' id='word_1_183' title='bbox 1159 1934 1466 1998; x_wconf 85' lang='lat' dir='ltr'><em>solemnitate,</em></span> 
     </span>
     <span class='ocr_line' id='line_1_25' title="bbox 183 2010 1286 2077; baseline -0.005 -14"><span class='ocrx_word' id='word_1_184' title='bbox 183 2019 432 2077; x_wconf 76' lang='lat' dir='ltr'><em>Imperator</em></span> <span class='ocrx_word' id='word_1_185' title='bbox 459 2013 766 2060; x_wconf 68' lang='lat' dir='ltr'><em>Mediolanum</em></span> <span class='ocrx_word' id='word_1_186' title='bbox 797 2011 851 2058; x_wconf 91' lang='lat' dir='ltr'><em>ad</em></span> <span class='ocrx_word' id='word_1_187' title='bbox 877 2011 1060 2057; x_wconf 85' lang='lat' dir='ltr'><em>hiberna</em></span> <span class='ocrx_word' id='word_1_188' title='bbox 1087 2010 1286 2058; x_wconf 78' lang='lat' dir='ltr'><em>(lisceffit.</em></span> 
     </span>
    </p>

    <p class='ocr_par' dir='ltr' id='par_1_5' title="bbox 176 2083 1465 2588">
     <span class='ocr_line' id='line_1_26' title="bbox 250 2083 1464 2145; baseline -0.002 -11"><span class='ocrx_word' id='word_1_189' title='bbox 250 2089 331 2134; x_wconf 84' lang='lat' dir='ltr'><em>Xl.</em></span> <span class='ocrx_word' id='word_1_190' title='bbox 365 2086 454 2134; x_wconf 85' lang='lat' dir='ltr'><em>Ubi</em></span> <span class='ocrx_word' id='word_1_191' title='bbox 486 2102 692 2133; x_wconf 88' lang='lat' dir='ltr'><em>curarum</em></span> <span class='ocrx_word' id='word_1_192' title='bbox 715 2083 892 2145; x_wconf 72' lang='lat' dir='ltr'><em>abjeffis</em></span> <span class='ocrx_word' id='word_1_193' title='bbox 920 2084 1195 2145; x_wconf 85' lang='lat' dir='ltr'><em>ponderibus</em></span> <span class='ocrx_word' id='word_1_194' title='bbox 1217 2083 1340 2141; x_wconf 89' lang='lat' dir='ltr'><em>aliis,</em></span> <span class='ocrx_word' id='word_1_195' title='bbox 1359 2097 1464 2132; x_wconf 89' lang='lat' dir='ltr'><em>tan-</em></span> 
     </span>
     <span class='ocr_line' id='line_1_27' title="bbox 178 2156 1465 2224; baseline 0 -18"><span class='ocrx_word' id='word_1_196' title='bbox 178 2177 312 2224; x_wconf 82' lang='lat' dir='ltr'><em>quam</em></span> <span class='ocrx_word' id='word_1_197' title='bbox 333 2159 504 2206; x_wconf 85' lang='lat' dir='ltr'><em>nodum</em></span> <span class='ocrx_word' id='word_1_198' title='bbox 520 2159 746 2206; x_wconf 84' lang='lat' dir='ltr'><em>Gordium</em></span> <span class='ocrx_word' id='word_1_199' title='bbox 765 2156 1101 2215; x_wconf 83' lang='lat' dir='ltr'><em>difficillimum,</em></span> <span class='ocrx_word' id='word_1_200' title='bbox 1115 2156 1335 2203; x_wconf 81' lang='lat' dir='ltr'><em>Caesarem</em></span> <span class='ocrx_word' id='word_1_201' title='bbox 1352 2175 1465 2205; x_wconf 89' lang='lat' dir='ltr'><em>con-</em></span> 
     </span>
     <span class='ocr_line' id='line_1_28' title="bbox 179 2230 1460 2295; baseline 0 -15"><span class='ocrx_word' id='word_1_202' title='bbox 179 2234 351 2280; x_wconf 87' lang='lat' dir='ltr'><em>vellere</em></span> <span class='ocrx_word' id='word_1_203' title='bbox 387 2233 484 2279; x_wconf 85' lang='lat' dir='ltr'><em>nisu</em></span> <span class='ocrx_word' id='word_1_204' title='bbox 525 2233 682 2280; x_wconf 87' lang='lat' dir='ltr'><em>valido</em></span> <span class='ocrx_word' id='word_1_205' title='bbox 703 2232 947 2295; x_wconf 13' lang='lat' dir='ltr'><em>*cogitabat</em></span> <span class='ocrx_word' id='word_1_206' title='bbox 982 2249 993 2277; x_wconf 78' lang='lat' dir='ltr'><em>z</em></span> <span class='ocrx_word' id='word_1_207' title='bbox 1028 2231 1158 2293; x_wconf 85' lang='lat' dir='ltr'><em>eique</em></span> <span class='ocrx_word' id='word_1_208' title='bbox 1194 2230 1460 2280; x_wconf 84' lang='lat' dir='ltr'><em>deliberanti</em></span> 
     </span>
     <span class='ocr_line' id='line_1_29' title="bbox 180 2303 1461 2368; baseline -0.002 -14"><span class='ocrx_word' id='word_1_209' title='bbox 180 2323 287 2354; x_wconf 89' lang='lat' dir='ltr'><em>cum</em></span> <span class='ocrx_word' id='word_1_210' title='bbox 323 2306 540 2368; x_wconf 81' lang='lat' dir='ltr'><em>proximis</em></span> <span class='ocrx_word' id='word_1_211' title='bbox 560 2342 575 2363; x_wconf 89' lang='lat'><strong>,</strong></span> <span class='ocrx_word' id='word_1_212' title='bbox 601 2305 883 2351; x_wconf 85' lang='lat' dir='ltr'><em>clandestinis</em></span> <span class='ocrx_word' id='word_1_213' title='bbox 909 2303 1151 2366; x_wconf 83' lang='lat' dir='ltr'><em>colloquiis</em></span> <span class='ocrx_word' id='word_1_214' title='bbox 1189 2307 1238 2352; x_wconf 87' lang='lat'>&amp;</span> <span class='ocrx_word' id='word_1_215' title='bbox 1274 2306 1461 2352; x_wconf 62' lang='lat' dir='ltr'><em>noetur-</em></span> 
     </span>
     <span class='ocr_line' id='line_1_30' title="bbox 179 2373 1462 2440; baseline -0.001 -16"><span class='ocrx_word' id='word_1_216' title='bbox 179 2379 250 2426; x_wconf 85' lang='lat' dir='ltr'><em>nis</em></span> <span class='ocrx_word' id='word_1_217' title='bbox 268 2414 282 2436; x_wconf 85' lang='lat'>‚</span> <span class='ocrx_word' id='word_1_218' title='bbox 313 2393 399 2440; x_wconf 82' lang='lat' dir='ltr'><em>qua</em></span> <span class='ocrx_word' id='word_1_219' title='bbox 431 2376 478 2423; x_wconf 89' lang='lat' dir='ltr'><em>vi</em></span> <span class='ocrx_word' id='word_1_220' title='bbox 501 2412 515 2433; x_wconf 93' lang='lat'>,</span> <span class='ocrx_word' id='word_1_221' title='bbox 547 2375 768 2439; x_wconf 84' lang='lat' dir='ltr'><em>quibusve</em></span> <span class='ocrx_word' id='word_1_222' title='bbox 788 2375 1053 2422; x_wconf 86' lang='lat' dir='ltr'><em>commentis</em></span> <span class='ocrx_word' id='word_1_223' title='bbox 1081 2375 1126 2420; x_wconf 81' lang='lat' dir='ltr'><em>id</em></span> <span class='ocrx_word' id='word_1_224' title='bbox 1155 2373 1310 2434; x_wconf 83' lang='lat' dir='ltr'><em>fieret,</em></span> <span class='ocrx_word' id='word_1_225' title='bbox 1337 2389 1462 2423; x_wconf 88' lang='lat' dir='ltr'><em>ante·</em></span> 
     </span>
     <span class='ocr_line' id='line_1_31' title="bbox 176 2449 1460 2514; baseline -0.002 -16"><span class='ocrx_word' id='word_1_226' title='bbox 176 2469 311 2514; x_wconf 85' lang='lat' dir='ltr'><em>quam</em></span> <span class='ocrx_word' id='word_1_227' title='bbox 325 2450 600 2497; x_wconf 82' lang='lat' dir='ltr'><em>effundendis</em></span> <span class='ocrx_word' id='word_1_228' title='bbox 620 2451 751 2496; x_wconf 88' lang='lat' dir='ltr'><em>rebus</em></span> <span class='ocrx_word' id='word_1_229' title='bbox 769 2449 1037 2512; x_wconf 85' lang='lat' dir='ltr'><em>pertinacius</em></span> <span class='ocrx_word' id='word_1_230' title='bbox 1051 2449 1329 2497; x_wconf 88' lang='lat' dir='ltr'><em>incumberet</em></span> <span class='ocrx_word' id='word_1_231' title='bbox 1348 2467 1460 2497; x_wconf 89' lang='lat' dir='ltr'><em>con-</em></span> 
     </span>
     <span class='ocr_line' id='line_1_32' title="bbox 176 2522 1455 2588; baseline 0 -18"><span class='ocrx_word' id='word_1_232' title='bbox 176 2524 384 2586; x_wconf 79' lang='lat' dir='ltr'><em>fidentia,</em></span> <span class='ocrx_word' id='word_1_233' title='bbox 414 2523 547 2574; x_wconf 83' lang='lat' dir='ltr'><em>acciri</em></span> <span class='ocrx_word' id='word_1_234' title='bbox 575 2523 859 2572; x_wconf 84' lang='lat' dir='ltr'><em>mollioribus</em></span> <span class='ocrx_word' id='word_1_235' title='bbox 888 2522 1058 2588; x_wconf 83' lang='lat' dir='ltr'><em>scriptis</em></span> <span class='ocrx_word' id='word_1_236' title='bbox 1092 2540 1171 2587; x_wconf 89' lang='lat' dir='ltr'><em>per</em></span> <span class='ocrx_word' id='word_1_237' title='bbox 1204 2523 1455 2573; x_wconf 76' lang='lat' dir='ltr'><em>simulatio-</em></span> 
     </span>
    </p>
   </div>
  </div>
 </body>
</html>
