1626 2917
208 183 300 246 346
423 182 758 230 AMMIANI
806 182 1265 230 MARCELLINI

193 290 409 351 fimzmam
436 291 640 349 polliceor
675 287 901 349 universis,
934 291 1047 334 rebus
1069 290 1163 354 post
1198 290 1277 334 haec
1301 289 1491 349 prospere

203 365 428 423 mitigatis,
440 362 587 422 absque
603 364 719 406 omni
726 365 1003 422 praerogativa
1015 364 1266 422 principum,
1281 365 1367 422 qui,
1384 364 1495 422 quod

202 437 388 480 dixerint
406 437 471 479 vel
488 434 712 494 cenfiteriszt
724 453 802 494 pro
815 435 1011 500 potestate
1031 435 1289 480 aueloricacis
1303 470 1313 489 ‚
1332 433 1492 498 justum

203 507 276 572 ff
295 508 553 574 exzstimanc,
574 509 772 553 racionem
790 527 852 553 me
871 507 966 553 reHe
981 508 1255 567 consultorum
1274 511 1339 553 vel
1342 508 1494 568 secus,

189 581 239 643 si
256 582 347 641 quis
366 584 562 642 exegerit,
583 582 845 625 redditurum.
870 581 1080 641 Quocirca
1097 582 1231 641 erigite
1240 579 1337 635 jam
1355 597 1465 624 nunc
1477 576 1500 636 ,¹

203 653 362 713 qtcceso,
390 654 526 714 erigite
558 655 727 697 animos
761 653 933 714 vestros,
965 655 1097 697 multa
1128 652 1415 711 praesumentes
1446 647 1490 695 δ’

201 728 311 768 bona
329 758 339 778 ‚
355 741 515 785 aequata
528 724 645 784 sorte
658 724 889 784 nobiscum,
905 725 1107 784 quidquid
1128 726 1353 779 occurrerit,
1374 722 1494 786 diffi-

202 790 466 857 cileficlrituri
477 833 490 854 ,
512 795 554 843 Gt
574 797 843 853 conjeffantes
860 800 1043 858 aequitati
1051 797 1214 858 semper
1217 795 1350 857 solere
1360 796 1494 858 jungi

201 872 432 918 vic‘loriam.
472 870 699 918 Conclusa
732 871 941 917 oratione
966 871 1021 917 ad
1041 871 1162 917 hunc
1191 869 1496 934 graviffirnum

201 942 365 1000 finem,
400 942 599 989 dt1&oris
638 943 781 1006 gloria
813 943 1050 1005 proeliator
1087 943 1214 989 miles
1244 941 1494 998 exsultans,

203 1017 366 1080 speque
387 1017 708 1080 prosperorum
732 1016 893 1063 elatior
910 1053 927 1074 ,
957 1015 1133 1062 sublatis
1160 1014 1290 1061 altius
1326 1013 1460 1060 scutis
1480 1048 1495 1069 ,

203 1089 316 1135 nihil
345 1089 644 1152 periculosum
680 1088 779 1135 fore
804 1088 881 1134 vel
909 1088 1095 1135 arduum
1118 1086 1395 1144 clamitabat,
1417 1084 1497 1131 sub

202 1165 477 1226 Imperatore
506 1164 604 1226 plus
631 1163 711 1210 fibi
742 1163 933 1221 laboris,
958 1179 1094 1225 quam
1116 1160 1353 1224 gregariis,
1379 1159 1495 1205 indi-

204 1250 346 1284 cente.
365 1238 562 1284 Maxime
581 1237 788 1285 omnium
807 1237 854 1283 id
874 1236 1049 1283 numeri
1068 1234 1291 1283 Gallicani
1311 1233 1496 1280 fremitu

204 1311 379 1357 laetiore
401 1311 712 1358 monstrabant
739 1329 750 1357 ε
784 1326 1008 1356 memores
1028 1345 1042 1366 ‚
1073 1309 1314 1372 aliquoties
1335 1324 1391 1354 eo
1415 1308 1498 1353 du-

205 1385 350 1431 &ante
365 1418 378 1440 ,
398 1399 567 1446 perque
588 1383 770 1429 ordines
792 1381 1090 1438 discurrente,
1115 1380 1322 1427 cadentes
1342 1379 1495 1426 vidiffe

207 1469 360 1522 gentes
398 1456 566 1519 aliquas
584 1491 597 1512 ,
614 1455 718 1502 alias
747 1455 1060 1518 supplicantes.

273 1531 350 1577 VI.
376 1530 464 1575 Res
489 1527 635 1591 adegit
656 1529 744 1575 huc
777 1526 1006 1590 prolapsa,
1033 1538 1082 1572 ut
1102 1525 1148 1571 in
1167 1525 1340 1573 exceffu
1366 1523 1500 1572 celeri

205 1603 335 1651 fitum
374 1602 623 1650 monstrare
658 1601 876 1659 Persidis,
910 1600 1260 1663 descriptoribus
1296 1600 1498 1663 gentium

205 1675 384 1724 curiose
412 1675 657 1739 digestum,
685 1691 709 1722 e
741 1674 902 1738 quibus
930 1690 1044 1736 aegre
1078 1689 1185 1719 vera
1208 1673 1360 1719 dixere
1392 1689 1498 1735 pau-

206 1748 377 1796 ciffimi.
405 1749 549 1810 Quod
571 1762 717 1796 autem
739 1748 822 1794 erit
844 1748 980 1810 paulo
1003 1746 1229 1809 prolixior
1250 1759 1422 1802 textus,
1442 1745 1499 1792 ad

205 1823 434 1870 scientiam
468 1821 675 1885 proficiet
701 1823 895 1886 plenam.
927 1820 1142 1883 Quisquis
1171 1820 1290 1867 enim
1325 1819 1498 1867 affefitat

203 1895 387 1940 nimiam
415 1895 681 1942 brevitatem
700 1931 714 1952 ‚
741 1894 819 1942 ubi
849 1906 1085 1941 narrantur
1115 1892 1374 1956 incognita:
1400 1909 1497 1939 non

203 1967 313 2031 quid
334 1967 540 2030 signatius
571 1967 797 2030 explicet,
819 1966 892 2012 sed
924 1965 1035 2028 quid
1053 1966 1209 2011 debeat
1237 1964 1455 2027 praeteriri
1480 2002 1495 2021 ‚

207 2040 438 2087 scrutatur.
472 2041 576 2086 Hoc
598 2056 785 2102 regnum
813 2039 1043 2103 quondam
1066 2038 1304 2100 exiguum,
1324 2037 1498 2084 multis-

205 2129 293 2174 que
325 2125 453 2159 antea
499 2112 761 2159 nominibus
793 2112 1064 2174 appellatum
1095 2111 1156 2156 ob
1184 2109 1360 2169 causas,
1390 2127 1498 2174 quas

205 2184 320 2246 saepe
345 2184 578 2232 retulimus
601 2221 613 2243 ‚
637 2202 740 2231 cum
766 2185 883 2248 apud
909 2185 1145 2248 Babylona
1169 2185 1382 2247 Magnum
1409 2184 1499 2231 fata

206 2257 450 2319 rap=.1iffent
470 2256 804 2313 Alexandrum,
823 2257 870 2302 in
903 2257 1176 2305 vocabulum
1209 2256 1356 2302 Parthi
1386 2273 1501 2303 con-

208 2330 330 2376 ceffit
358 2330 533 2378 Arsacis
552 2331 740 2378 obscure
759 2329 895 2393 geniti
914 2367 930 2387 ,
954 2329 1175 2376 latronum
1208 2328 1324 2375 inter
1340 2329 1498 2376 adole·-

207 2402 386 2451 scentiae
406 2404 656 2451 rudimenta
676 2404 873 2452 duc‘toris
894 2441 907 2460 ,
929 2420 1085 2451 verum
1107 2402 1312 2464 paulatim
1335 2403 1381 2449 in
1402 2419 1498 2449 me-

209 2477 295 2525 lius
314 2491 488 2527 mutato
507 2478 745 2543 proposito
765 2514 780 2540 ‚
797 2478 1021 2529 clarorum
1040 2489 1260 2528 contextu
1279 2476 1501 2525 failorum
