1626 2917
179 222 210 266 4
396 206 726 253 AMMIANI
777 206 1246 253 MARCELLINI

182 311 430 358 lenitudine
474 313 677 357 Romana
727 310 1019 373 spondebant.
1056 314 1265 377 Denique
1296 331 1385 378 prae
1421 316 1462 362 se

184 386 355 431 bovem
379 401 645 431 coronatum
675 399 852 446 agentes
868 421 879 438 ‚
903 387 1025 448 quod
1046 386 1106 432 est
1134 389 1249 449 apud
1270 405 1347 434 eos
1378 389 1465 434 sus-

184 474 327 518 ceptae
360 458 478 519 pacis
519 456 732 502 indicium
755 493 767 513 ‚
801 456 1063 504 descendere
1096 460 1378 522 suppliciter:
1416 464 1466 507 &

180 532 324 578 statim
348 530 629 576 munimento
649 530 775 575 omni
799 530 982 577 incenso
998 567 1010 589 ‚
1031 533 1203 579 Pusaeus
1233 533 1324 593 ejus
1348 551 1464 596 pra:-

179 605 344 660 scetus,
368 605 456 649 dux
488 603 672 665 AEgypti
702 602 880 663 postea,
906 603 1084 648 honore
1116 604 1366 651 tribunatus
1395 605 1463 650 af-

179 679 318 724 [αξξυς
343 677 416 723 est.
450 677 629 736 Reliqui
656 692 768 722 vero
799 693 898 722 cum
932 677 1187 724 caritatibus
1214 679 1299 726 suis
1321 682 1367 726 ὅ(
1389 678 1461 725 su-

176 751 396 814 pelleffile
417 786 430 802 ‚
461 750 726 795 humaniore
748 750 870 795 cultu
894 751 947 795 acl
978 750 1207 812 Syriacam
1231 752 1461 798 civitatem

174 824 389 871 Chalcida
414 822 645 869 transmisli
676 821 787 868 sunt.
825 825 942 868 Inter
968 824 1050 869 hos
1078 824 1204 870 miles
1241 824 1420 886 quidam
1445 859 1459 879 ‚

174 916 278 946 cum
313 897 612 944 Maximianus
644 896 904 958 perrupisset
927 897 1154 959 quondam
1183 899 1379 944 Persicos
1410 898 1459 944 fl·

173 987 252 1018 nes
267 1007 279 1027 ‚
299 970 344 1016 in
365 970 431 1015 his
452 970 564 1016 locis
589 985 702 1031 aeger
726 969 899 1014 reli&us
917 1003 930 1023 ‚
951 968 1092 1030 prima
1123 969 1255 1015 etiarn
1275 982 1373 1016 tum
1394 969 1461 1015 la-

173 1047 341 1109 nugine
370 1045 550 1107 juvenis
569 1079 582 1101 ,
613 1058 663 1089 ut
700 1042 842 1104 ajebat
861 1077 874 1099 ‚
905 1059 1066 1088 uxores
1102 1042 1280 1090 sortitus
1313 1044 1458 1107 gentis

176 1121 266 1168 ritu
291 1118 547 1180 complures
568 1153 580 1173 ‚
617 1134 716 1162 cum
740 1116 975 1162 numerosa
1007 1116 1161 1162 sobole
1184 1130 1292 1163 tunc
1326 1117 1461 1163 senex

175 1194 422 1246 incurvus,
442 1188 662 1234 exsultans
695 1186 1054 1250 proditionisque
1084 1188 1237 1233 auelor
1264 1188 1458 1234 duceba-

175 1279 251 1312 tur
290 1264 345 1309 ad
381 1260 559 1316 nostra,
590 1259 770 1305 testibus
801 1260 1020 1305 affirmans
1042 1294 1054 1313 ,
1082 1263 1130 1307 &
1164 1260 1377 1322 praesciss'e
1418 1261 1457 1308 se

176 1338 287 1384 olim
309 1370 320 1389 ,
355 1335 403 1380 δι
434 1331 680 1392 praedixisse
702 1366 715 1386 ‚
747 1331 871 1393 quod
896 1331 1154 1376 centenario
1184 1331 1271 1392 jam
1307 1335 1458 1379 conti-

176 1425 286 1474 guus
320 1405 554 1468 sepelietur
593 1405 637 1449 in
672 1403 769 1448 solo
802 1405 1024 1449 Romano.
1063 1404 1162 1449 Post
1198 1423 1297 1468 quae
1330 1407 1459 1452 Sara-

176 1484 277 1532 ceni
298 1479 631 1544 procursatores
653 1477 862 1540 quosdam
891 1479 1026 1539 partis
1056 1477 1248 1524 hostium
1284 1479 1457 1525 obtule-

175 1574 224 1604 re
254 1553 472 1601 laetissimo
493 1551 688 1612 Principi
705 1587 717 1607 ‚
742 1553 790 1598 &
815 1550 1033 1596 munerati
1063 1551 1118 1596 ad
1138 1552 1305 1613 agenda
1339 1553 1457 1598 fimi-

174 1631 235 1676 lia
271 1628 370 1674 sunt
409 1625 583 1672 remiffi.
620 1625 854 1670 Acciderat
888 1624 1009 1669 aliud
1048 1624 1260 1685 postridie
1295 1624 1456 1674 dirum.

173 1706 431 1748 Ventorum
458 1698 576 1744 enim
610 1698 744 1744 turbo
773 1712 984 1751 exortus,
1007 1696 1242 1760 pluresque
1274 1698 1457 1760 vertigi-

173 1793 254 1823 nes
287 1775 523 1821 concitans
543 1808 555 1828 ‚
588 1772 648 1818 ita
672 1770 938 1818 confuderat
970 1770 1123 1816 omnia
1153 1771 1261 1816 te6ta
1279 1805 1292 1826 ,
1320 1788 1368 1815 ur
1392 1785 1455 1817 ta-

169 1848 406 1897 bernacula
436 1845 573 1892 multa
612 1844 1036 1899 conscinderentur,
1060 1845 1109 1890 &
1139 1842 1280 1904 supini
1316 1843 1454 1903 pleri-

171 1936 262 1984 que
291 1918 452 1963 milites
482 1917 779 1962 sternerentur
802 1915 877 1960 vel
903 1914 1067 1976 proni,
1097 1913 1250 1975 spiritu
1288 1913 1454 1959 stabili-

169 2006 307 2040 tatem
338 1990 510 2053 vestigii
540 1989 842 2035 subvertente.
877 1989 974 2034 Nec
1005 1987 1151 2032 minus
1187 1987 1346 2031 eodem
1382 1987 1453 2034 die

171 2067 293 2114 aliud
321 2064 623 2128 periculosum
656 2061 823 2110 evenit.
856 2065 1000 2108 Amne
1024 2060 1143 2106 enim
1166 2073 1346 2121 repente
1375 2078 1453 2106 ex·-

169 2155 238 2188 tra
278 2139 497 2202 margines
538 2148 763 2200 evagato,
793 2134 944 2180 mersae
982 2133 1081 2178 sunt
1119 2134 1317 2194 quaedam
1361 2133 1454 2179 fru-

173 2212 401 2261 mentm-iae
422 2227 586 2268 naves,
610 2209 834 2256 cataraffis
863 2207 1025 2254 avulsis
1044 2242 1057 2263 ‚
1079 2206 1132 2251 ad
1153 2205 1453 2254 defundendas

172 2284 563 2348 reprimendasque
604 2299 740 2346 aquas
777 2282 916 2345 rigare
960 2280 1099 2325 suetas
1141 2295 1279 2341 opere
1320 2280 1450 2327 saxeo

174 2359 345 2406 struitis
368 2376 377 2402 :
407 2359 531 2419 qaod
564 2370 711 2403 utrum
747 2373 825 2418 per
845 2354 1046 2409 insidias,
1071 2370 1124 2398 an
1146 2353 1451 2414 magnitudine

172 2433 380 2480 acciderit
412 2431 688 2478 fluentorum
712 2467 725 2485 ‚
751 2430 851 2477 sciri
882 2445 974 2475 non
1011 2427 1173 2489 potuit.
1214 2427 1316 2472 Post
1349 2444 1450 2489 per-

172 2521 346 2572 ruptam
374 2505 684 2568 incensamque
714 2504 871 2551 urbem
904 2501 1108 2550 omnium
1144 2500 1331 2563 primam
1350 2536 1364 2559 ,
1396 2501 1447 2548 δι’
