1626 2917
259 107 479 153 RERUM
514 104 854 152 GESTARUM
890 104 994 150 ΗΒ.
1030 103 1188 149 XXV.
1313 120 1369 164 57

91 212 295 278 proditos
325 212 612 259 advertissent
629 246 643 269 ‚
668 228 691 258 a
713 223 880 258 conatu
907 209 1075 274 nefario
1096 209 1374 258 destiterunt.

91 288 188 333 Hac
224 285 357 343 etiam
390 283 637 346 suspicione
670 282 755 342 jam
789 282 955 339 liberi,
988 280 1372 344 properantesque

90 359 323 407 itineribus
342 360 512 423 magnis
532 396 545 417 ,
573 375 716 421 prope
743 359 927 404 Hatram
958 356 1168 403 venimus
1191 391 1205 413 ‚
1241 367 1374 403 vetus

90 431 310 493 oppidum
345 432 405 478 in
444 431 587 478 media
622 430 861 477 solitudine
899 429 1091 492 positum
1114 464 1128 486 ‚
1170 428 1376 491 olimque

93 504 311 552 desertum
333 523 344 552 ε
366 505 491 567 quod
512 503 777 550 diruendum
807 503 954 549 adorti
978 501 1262 564 temporibus
1293 517 1379 549 va-

93 575 170 622 riis
193 571 412 635 Traianus
450 578 498 623 &
527 577 746 633 Severus,
766 575 991 638 principes
1013 574 1213 621 bellicofi
1230 610 1244 630 ‚
1272 590 1379 621 cum

93 647 365 694 exercitibus
399 663 525 709 paene
561 647 692 693 deleti
724 647 850 704 sunt,
877 658 925 692 ut
956 646 1000 692 in
1031 662 1188 692 eorum
1210 644 1378 690 aclibus

95 718 174 765 has
207 734 391 781 quoque
419 718 666 782 digessimus
684 731 841 780 partes.
875 718 1007 766 Unde
1041 716 1258 779 cognito,
1295 731 1377 778 per

95 790 346 855 porrectam
378 790 606 852 planitiem
645 790 837 853 adusque
883 789 1074 852 lapidem
1115 788 1379 852 septuagesi-

96 879 220 911 mum
245 862 293 908 in
322 862 583 926 regionibus
610 863 742 908 aridis
767 880 849 909 nec
868 879 1028 924 aquam
1050 861 1256 908 invenire
1277 860 1380 923 pos-

96 934 156 992 se,
178 949 337 998 praeter
354 935 499 981 salsam
519 937 567 982 &
586 934 790 982 foetidam
805 970 817 991 ‚
841 951 922 981 nec
938 935 991 980 ad
1008 934 1173 981 vicium
1192 934 1380 997 aliquid,

98 1009 177 1057 nisi
205 1010 510 1067 abrotonum,
547 1011 596 1056 δέ
630 1009 894 1055 absinthium
924 1046 940 1066 ‚
977 1010 1026 1056 &
1061 1009 1343 1055 dracontium
1363 1044 1381 1065 ‚

95 1081 268 1144 aliaque
288 1081 522 1129 herbarum
541 1099 702 1146 genera
718 1081 982 1129 tristiffima:
1008 1082 1129 1140 vasa,
1147 1099 1246 1146 quae
1267 1099 1380 1144 por-

95 1156 303 1202 tabantur
322 1192 336 1214 ‚
365 1157 489 1220 aquis
522 1157 703 1218 impleta
735 1156 837 1204 sunt
866 1156 1098 1204 dulcibus:
1126 1157 1177 1204 &
1213 1156 1382 1202 macta-

93 1229 150 1276 tis
167 1230 344 1277 camelis
365 1229 664 1292 jumentisque
681 1229 778 1276 aliis
795 1265 809 1287 ‚
830 1230 1040 1276 alimenta
1054 1229 1234 1293 quaefita
1254 1229 1379 1288 sunt,

95 1301 201 1347 licet
235 1302 389 1350 noxia.
421 1304 474 1348 Et
509 1301 584 1347 via
624 1300 696 1346 sex
727 1300 899 1347 dierum
931 1300 1105 1346 emensa
1128 1334 1142 1356 ,
1181 1317 1283 1347 cum
1323 1316 1382 1346 ne

99 1374 298 1435 gramina
331 1373 511 1435 quidem
547 1373 861 1420 invenirentur
882 1409 896 1431 ,
930 1372 1084 1419 solatia
1115 1371 1381 1420 neceffitatis

99 1459 341 1493 extremae:
371 1447 461 1492 dux
491 1446 831 1508 Mesopotamiae
866 1445 1125 1503 Caffianus,
1154 1447 1204 1494 &
1234 1446 1382 1493 tribu-

99 1535 183 1565 nus
203 1518 446 1565 Mauricius
466 1518 635 1581 pridem
658 1519 719 1564 ob
741 1520 830 1566 hoc
852 1519 1001 1565 miffus
1015 1519 1096 1576 ,ad
1113 1521 1178 1566 Ur
1195 1519 1383 1566 nomine

98 1591 316 1638 Perficum
340 1608 506 1639 venere
538 1592 762 1638 castellum
785 1629 798 1649 ‚
836 1593 963 1639 cibos
993 1592 1183 1639 ferentes
1203 1609 1258 1638 ex
1286 1592 1383 1646 his,

100 1678 215 1728 quos
256 1664 435 1711 relictus
467 1681 567 1712 cum
605 1664 835 1727 Procopio
874 1666 922 1713 ὅ(
953 1664 1209 1712 Sebastiano
1253 1681 1382 1711 exer-

99 1737 213 1793 citus
244 1736 419 1799 parcius
455 1737 659 1784 victitans
698 1736 1002 1784 conservarat.
1050 1737 1170 1785 Hinc
1208 1739 1384 1784 Proco-

100 1809 198 1873 pius
220 1809 330 1856 alter
359 1810 592 1866 notarius,
614 1810 664 1856 &
693 1810 971 1856 Memoridus
999 1809 1200 1856 militaris
1237 1809 1383 1856 tribu-

101 1898 209 1938 nus,
231 1882 286 1929 ad
313 1883 473 1929 tractus
506 1882 716 1946 Illyricos
743 1882 985 1928 mittuntur
1015 1883 1064 1931 δι
1100 1884 1346 1930 Galliarum
1368 1918 1384 1941 ‚

100 1953 348 2000 nuntiaturi
369 1953 531 2002 Juliani
562 1967 754 2001 mortem
772 1990 784 2011 ‚
821 1955 871 2003 &
902 1956 1144 2003 ‚Iovianum
1167 1956 1266 2019 post
1290 1954 1384 2017 ejus

68 2038 71 2039 ’
102 2027 276 2073 obitum
292 2027 346 2074 ad
364 2028 542 2074 culmen
564 2027 798 2090 augustum
820 2029 1039 2075 evectum.
1058 2029 1238 2089 Quibus
1258 2046 1385 2075 man-

103 2101 289 2146 daverat
310 2100 548 2162 Princeps,
567 2113 615 2146 ut
653 2100 948 2146 Lucillianum
986 2100 1191 2148 socerum
1229 2101 1384 2155 suum,

103 2171 205 2235 post
226 2172 475 2234 depositum
501 2172 672 2219 militiae
704 2190 864 2219 munus
886 2174 1115 2237 digressum
1132 2176 1188 2223 ad
1204 2175 1348 2222 otium
1365 2209 1382 2232 ‚

104 2260 444 2311 morantemque
480 2264 536 2294 eo
567 2260 771 2310 tempore
800 2249 917 2311 apud
944 2248 1151 2296 Sirmium
1170 2285 1184 2308 ,
1216 2249 1381 2296 oblatis

107 2319 343 2382 magisterii
358 2321 555 2384 equitum
572 2323 620 2369 δε
637 2321 832 2384 peditum
850 2321 1088 2381 codicillis,
1101 2339 1218 2385 quos
1231 2322 1384 2368 iisdem

105 2393 378 2454 tradiderat,
411 2412 649 2461 properare
694 2396 1002 2445 Mediolanum
1039 2408 1280 2461 urgerent,
1315 2411 1383 2442 res
