1626 2917
210 167 297 210 126
430 164 762 210 AMMlANI
806 165 1263 211 MARCELLlNl

198 273 351 329 quiete
377 270 626 317 reficiendis
664 271 932 333 corporibus
971 273 1070 318 data
1090 310 1102 330 ‚
1132 274 1348 338 signoque
1382 291 1480 320 ere-

200 344 301 399 &0‚
333 342 459 404 quod
490 340 600 387 solet
632 343 684 388 ad
714 359 903 406 pugnam
935 344 1137 400 hortari,
1171 348 1376 394 tubarum
1399 348 1483 393 mi·-

200 418 377 463 nacium
412 417 680 464 accendente
715 418 957 480 clangore,
989 417 1273 466 fidentissimo
1310 421 1482 483 impetu

200 489 315 535 acies
338 501 480 535 motas
506 503 683 552 promte
704 505 805 535 ante
835 489 948 536 alios
973 491 1154 551 praeiere
1175 493 1268 537 duo
1292 492 1481 553 juvenes

198 561 301 606 lecti
337 562 382 606 in
416 562 649 625 principiis
673 562 865 608 adeundi
897 562 1195 619 discriminis,
1220 565 1398 610 Salvius
1432 567 1482 611 δε

199 635 447 696 Lupicinus
468 671 481 691 ,
504 634 715 682 scutarius
746 653 860 682 unus
885 671 897 692 ‚
926 635 1035 681 alter
1068 653 1091 682 e
1122 636 1273 683 schola
1314 637 1481 683 Genti-

200 707 310 752 lium
328 743 341 762 ‚
368 705 545 769 fragore
575 707 762 753 terribili
791 709 1098 754 concitantes:
1124 709 1351 772 hastasque
1389 709 1481 755 cri-

200 780 370 842 spando
399 797 499 827 cum
533 780 586 826 ad
615 780 793 842 rupium
816 779 990 839 objeEta
1023 781 1271 839 venissent,
1300 782 1485 828 truden-

201 852 406 914 tibusque
437 852 696 899 Alamannis
726 853 917 899 evadere
949 855 1003 899 ad
1043 855 1228 901 celsiora
1265 871 1483 902 conaren=

201 940 306 983 tur,
335 925 520 971 advenit
555 941 691 971 omne
723 927 901 988 pondus
937 944 1167 973 armorum
1192 964 1203 985 ‚
1239 929 1486 990 iisdemque

202 999 495 1061 antesignanis
525 1014 602 1060 per
635 998 751 1044 hirta
778 999 922 1045 dumis
950 1001 997 1045 ὅ(
1029 999 1178 1060 aspera
1216 1017 1379 1063 magno
1414 1000 1487 1045 vi-

201 1074 316 1117 rium
340 1070 434 1116 nisu
456 1072 500 1115 in
530 1071 669 1116 editas
702 1070 990 1116 sublimitates
1022 1072 1193 1132 erepsit.
1222 1074 1323 1118 Acri
1351 1073 1487 1134 igitur

201 1144 394 1206 partium
422 1143 577 1205 spiritu
607 1143 841 1189 confliEhis
863 1143 1116 1205 cuspidibus
1148 1155 1341 1189 tentatur
1367 1142 1486 1188 infe-

202 1219 273 1264 stis
294 1236 303 1263 :
325 1220 372 1265 ὅ(
404 1217 508 1263 hinc
541 1230 632 1261 arte
655 1215 759 1261 belli
782 1215 960 1261 doCtior
984 1217 1135 1273 miles,
1159 1216 1262 1262 inde
1291 1217 1393 1262 licet
1422 1216 1483 1262 fe-

203 1308 358 1348 roces,
389 1290 462 1336 sed
492 1290 660 1336 incauti
682 1289 856 1334 barbari
885 1290 1078 1335 dexteris
1110 1291 1258 1336 coiere
1286 1291 1484 1337 collatis:

203 1381 318 1426 quos
349 1364 477 1410 latius
509 1363 595 1409 sese
619 1363 815 1425 pandens
838 1363 1058 1409 exercitus
1089 1362 1242 1408 infusis
1271 1364 1484 1426 utrinque

203 1437 417 1485 cornibus
449 1436 679 1482 afflidlabat
699 1471 713 1492 ,
736 1452 813 1498 per
840 1434 1043 1481 fremitus
1073 1437 1253 1482 territos
1274 1439 1321 1484 &
1341 1453 1488 1499 equo-

204 1528 304 1557 rum
335 1510 531 1557 hinnitus
557 1511 606 1557 &
632 1510 773 1557 tubas.
801 1510 1109 1556 Nihilominus
1144 1523 1292 1556 tamen
1319 1509 1397 1571 ipsi
1421 1509 1487 1555 as-

204 1585 343 1630 sumta
387 1582 549 1629 fiducia
596 1583 852 1629 restiterunt
885 1601 896 1630 τ
945 1599 1208 1647 aequataque
1250 1598 1491 1645 parumper

206 1658 474 1720 proeliorum
498 1657 616 1703 sorte
637 1693 650 1713 ‚
684 1657 801 1703 haud
821 1674 959 1719 parva
990 1656 1111 1702 mole
1145 1668 1360 1702 certatum
1395 1656 1455 1701 est
1474 1691 1490 1714 ‚

205 1734 311 1777 <lum
351 1744 598 1778 turmarum
644 1730 879 1777 funeribus
929 1731 1093 1776 mutuis
1132 1745 1199 1776 res
1240 1729 1489 1792 gerebatur,

206 1805 393 1865 Disiecti
419 1805 610 1867 denique
630 1805 944 1852 Romanorum
966 1804 1124 1850 ardore
1138 1839 1150 1859 ‚
1169 1818 1380 1863 metuque
1401 1816 1491 1846 tur·

206 1877 332 1935 bati,
361 1877 600 1924 miscentur
637 1877 807 1924 ultimis
841 1877 1009 1940 primi:
1044 1878 1239 1939 dumque
1275 1875 1320 1921 in
1357 1875 1491 1937 pedes

207 1949 319 1996 versi
348 1950 578 1996 discedunt
602 1986 616 2007 ‚
653 1951 825 1997 verutis
864 1951 1102 1997 hostilibus
1143 1949 1404 1994 forabantur
1440 1951 1490 1995 δε

207 2023 323 2086 pilis.
357 2023 589 2070 Postremo
626 2025 730 2070 dum
762 2024 908 2070 anheli
939 2037 1124 2070 currunt
1158 2025 1207 2070 &
1234 2021 1323 2068 feffi
1343 2060 1355 2079 ‚
1379 2039 1492 2084 pan-

207 2098 370 2143 debant
394 2098 675 2160 sequentibus
697 2098 891 2160 poplites
914 2098 963 2144 &
994 2097 1110 2142 suras
1132 2098 1181 2143 &
1210 2096 1350 2142 dorsa.
1371 2096 1492 2140 Stra-

207 2169 264 2215 tis
288 2169 478 2231 denique
510 2170 661 2216 multis
680 2207 693 2228 ,
722 2170 948 2233 lapsorum
977 2182 1147 2232 partem
1181 2170 1457 2215 Sebastianus
1477 2204 1493 2227 ‚

210 2259 314 2290 cum
342 2242 562 2289 subsidiali
592 2261 723 2291 manu
746 2244 920 2290 locatus
952 2243 1050 2306 post
1082 2243 1306 2288 montium
1341 2256 1493 2304 terga,

212 2315 457 2362 trucidavit
477 2332 532 2361 ex
555 2316 740 2364 incauto
767 2317 902 2363 latere
926 2317 1283 2362 circumventam
1300 2333 1310 2360 :
1327 2314 1495 2376 disper-

211 2389 243 2435 fi
265 2389 398 2435 ceteri
419 2389 625 2437 silvarum
649 2391 689 2436 se
713 2392 892 2437 latebris
921 2390 1223 2436 amandarunt.
1249 2391 1295 2434 In
1320 2390 1400 2434 bac
1424 2387 1493 2432 di·-

211 2461 454 2510 micatione
494 2462 630 2512 nostri
661 2480 844 2528 quoque
882 2462 1114 2526 oppetiere
1152 2479 1248 2510 non
1283 2473 1489 2514 contemq
