1626 2917
304 192 520 242 RERUM
552 192 892 242 GasTARUM
922 193 1023 243 Lm.
1057 195 1167 246 XV.
1323 214 1388 261 79

113 316 237 349 mum
271 301 488 359 domitae,
515 301 585 349 cui
624 301 794 365 negotii
831 301 985 363 plenus
1015 302 1195 350 effefflls
1214 339 1226 362 ,
1261 304 1388 368 aspe-

111 373 232 421 riore
255 374 553 438 Allobrogum
585 389 715 438 geme
744 374 915 421 devi&a
937 411 953 432 ,
986 371 1077 423 hoc
1110 375 1271 424 indidit
1303 395 1388 424 co·-

110 458 417 510 gnomentum.
440 464 543 493 nam
573 462 731 494 omnes
758 447 955 506 Gallias,
984 447 1063 494 nifi
1091 465 1176 512 qua
1212 450 1386 513 paludi-

112 518 192 566 bus
216 520 354 566 inviae
372 519 519 577 fuere,
545 531 594 566 ut
623 519 830 566 Sallustio
850 520 1037 567 docetur
1057 522 1236 570 austore
1251 559 1264 581 ‚
1287 523 1388 587 post

111 591 365 638 decennalis
395 591 500 638 helii
526 604 701 638 mutuas
732 591 876 638 clades
902 591 1073 657 subegit
1099 593 1244 640 Caesar
1261 632 1276 653 ,
1305 590 1388 642 ‘so-

110 663 347 727 cietatique
381 663 545 710 nostrae
579 662 826 710 foederibus
861 662 1010 724 junxit
1045 665 1236 712 aeternis.
1269 668 1389 714 Eve-

111 735 203 781 &us
235 735 331 782 sum
360 736 570 799 longius,
604 735 675 782 sed
699 737 910 783 remeabo
936 738 1113 785 tandem
1142 739 1196 785 ad
1227 755 1389 803 coepta.

173 813 293 857 Xffl.
327 810 596 863 Domitian-0,
616 809 782 857 crudeli
813 823 958 857 morte
984 812 1221 860 consumto
1240 850 1255 873 ,
1277 817 1388 862 Mu·-

111 880 324 930 sonianus
358 883 450 943 ejus
473 882 691 930 successor
714 881 949 929 Orientem
974 884 1232 944 praetoriani
1259 903 1386 950 rege-

112 954 186 1002 bat
210 956 426 1018 potestate
450 954 673 1018 praestffi,
693 953 898 1001 facundia
916 954 1131 1003 sermonis
1156 958 1386 1022 utriusque

112 1028 282 1076 clarus:
317 1030 435 1076 unde
467 1027 719 1085 sublimius,
757 1044 886 1090 quam
922 1027 1203 1090 sperabatur,
1231 1031 1386 1080 eluxit„

112 1101 435 1149 Constantinus
473 1099 593 1147 enim
635 1117 735 1146 cum
778 1099 971 1147 limatius
1020 1100 1385 1163 superstitionum

109 1186 328 1236 quaereret
356 1172 485 1220 sessas
509 1208 523 1231 ‚
555 1172 911 1220 Manichaeorum
948 1175 997 1220 &
1031 1174 1236 1221 similium
1258 1211 1271 1233 ‚
1304 1193 1386 1224 nec

107 1244 326 1308 interpres
353 1244 633 1291 inveniretur
661 1243 875 1301 idoneus,
897 1245 1015 1292 hunc
1042 1245 1118 1291 fibi
1149 1263 1385 1294 commen-

109 1317 257 1364 datum
279 1329 329 1364 ut
355 1317 642 1364 sufficientem
667 1317 797 1379 elegit
820 1335 830 1363 z
857 1334 986 1380 quem
1007 1318 1163 1364 officio
1186 1318 1385 1366 fimRum

107 1391 273 1453 perite,
304 1389 622 1462 Musonianum
653 1388 805 1435 voiuit
834 1389 1070 1451 appellari,
1091 1403 1192 1436 ante
1218 1391 1386 1438 Strate-

108 1463 231 1526 gium
253 1462 494 1508 diffitatum
516 1479 527 1506 :
559 1462 608 1507 &
631 1477 687 1506 ex
714 1477 770 1507 eo
797 1461 1012 1522 percursis
1035 1463 1260 1509 honorum
1283 1481 1386 1527 gra-

109 1535 235 1582 dibus
271 1534 451 1590 multis,
485 1531 688 1579 ascendit
727 1533 780 1578 ad
819 1533 1124 1596 praefeshiram
1151 1553 1161 1580 ε
1194 1537 1386 1596 prudens

110 1604 573 1668 alia‚tolerabilisque
608 1604 887 1667 provinciis,
919 1606 966 1652 ὃ(
993 1605 1136 1663 mitis,
1168 1609 1218 1653 &
1254 1608 1384 1654 blan-

110 1683 220 1736 dus;
256 1681 329 1727 sed
369 1696 422 1726 ex
461 1677 658 1742 qualibet
699 1677 932 1724 occasione
956 1713 970 1735 ,
1011 1679 1291 1742 maximeque
1326 1698 1383 1728 ex

108 1751 413 1802 controversis
443 1750 594 1797 litibus
614 1785 627 1806 ‚
649 1750 774 1813 quod
794 1747 1029 1796 nefandum
1059 1749 1120 1797 est
1133 1786 1146 1810 ‚
1168 1752 1218 1798 δε
1239 1751 1284 1797 in
1304 1768 1383 1799 to-

107 1838 204 1874 tum
242 1824 445 1874 lucrandi
483 1823 694 1872 aviditate
729 1822 985 1869 sordescens
1016 1841 1028 1870 :
1064 1834 1115 1871 ut
1143 1825 1260 1872 inter
1296 1828 1384 1874 alia

108 1900 248 1948 multa
279 1900 511 1947 evidenter
544 1896 747 1960 apparuit
782 1895 829 1941 in
860 1895 1182 1958 quaestionibus
1209 1898 1382 1960 agitatis

108 1972 238 2035 super
264 1985 410 2020 morte
429 1971 645 2034 Teophili
663 1970 801 2035 Syriae
823 1970 1067 2017 consularis
1081 2007 1094 2029 ,
1116 1973 1382 2034 proditione

107 2045 292 2092 Caesaris
322 2044 473 2102 Galli,
497 2044 666 2106 impetu
697 2043 836 2106 plebis
865 2043 1129 2105 promiscuae
1149 2044 1380 2108 discerpti:

108 2117 185 2165 ubi
210 2119 425 2165 damnatis
453 2118 749 2181 pauperibus,
783 2135 923 2181 quos,
952 2135 1052 2170 cum
1080 2119 1175 2165 haec
1200 2135 1379 2182 ageren-

107 2200 182 2236 tur
199 2225 214 2249 ,
242 2207 424 2255 peregre
443 2191 670 2239 constabat
697 2191 849 2249 fuiffe,
870 2192 1069 2239 aqures
1095 2192 1179 2239 diri
1205 2192 1376 2240 facino-

108 2262 168 2309 ris
187 2297 200 2320 ,
230 2263 352 2310 exuti
383 2264 664 2326 patrimoniis
682 2299 695 2321 ‚
719 2264 908 2311 absoluti
929 2264 1026 2311 sunt
1045 2264 1222 2313 divites.
1243 2268 1379 2313 Hunc

107 2333 296 2397 Prosper
325 2336 606 2399 adaequabat,
633 2354 716 2399 pro
743 2337 951 2400 magistro
973 2337 1175 2401 equitum
1191 2373 1204 2395 ‚
1223 2351 1379 2401 agente

0 2458 1 2462 ,
63 2473 70 2475 „
108 2408 237 2456 etiam
260 2422 351 2456 tum
376 2410 422 2457 in
444 2412 629 2469 Galliis,
648 2411 831 2457 militem
855 2427 1010 2474 regens
1029 2447 1043 2469 ‚
1065 2411 1231 2472 abjeste
1251 2413 1378 2474 igna-

111 2498 195 2530 vus
211 2518 228 2542 ‚
248 2484 298 2530 &
310 2519 326 2542 ,
348 2495 398 2531 ut
423 2484 481 2532 ait
502 2485 718 2532 Comicus
739 2519 753 2541 ,
789 2497 881 2531 arte
919 2484 1116 2548 despeira
1149 2484 1374 2532 furtorum
