1626 2917
183 194 278 251 '314
395 184 726 236 ἈΜΜΙΑΝΙ
771 189 1239 239 MARCELmNt

180 291 378 340 lentibus
398 293 528 340 etiam
550 305 643 339 tum
665 310 815 357 regum
833 296 1037 357 precibus
1053 299 1102 345 &
1120 297 1330 362 regalium
1345 334 1358 355 ,
1378 299 1460 362 qui

179 367 302 414 vinci
336 368 471 430 magis
505 367 653 429 poffe,
685 385 817 432 quam
848 368 1068 432 supplices
1097 389 1252 419 manus
1278 373 1464 419 tendere

179 440 497 495 credebantur,
521 441 798 488 ornamentis
822 441 1056 489 illustrium
1080 444 1319 507 gloriarum
1344 443 1460 489 inse-

180 528 274 558 rere
298 511 493 558 Parthici
517 526 870 575 cognomentum
903 516 1096 562 ardebat.
1124 519 1238 577 Quae
1257 516 1462 563 maximis

178 584 377 630 molibus
406 584 600 633 festinari
624 599 857 634 cernentes
884 588 1207 636 obtre&atores
1227 590 1391 637 desides
1412 592 1462 638 &

177 656 382 720 maligni,
405 657 536 705 unius
564 659 772 722 corporis
795 662 1127 722 permutatione
1149 674 1218 708 tot
1238 662 1345 708 cieri
1366 676 1462 708 tur-

178 728 255 775 bas
293 729 630 793 intempestivas
669 732 901 795 indignum
943 734 992 779 &
1035 734 1335 795 perniclosum
1377 734 1464 781 effe

176 801 458 864 strepebant,
486 805 674 852 studium
705 822 841 852 omne
870 805 915 851 in
943 805 1190 853 differendo
1223 807 1465 869 procinflu

178 888 400 938 ponentes
418 895 429 923 ι
451 878 500 924 &
528 876 789 922 diffltabant
816 876 884 922 his
904 877 1193 939 praesentibus
1210 913 1223 935 ,
1242 891 1359 941 quos
1380 896 1463 925 au-

178 948 269 994 dita
289 947 452 994 referre
470 948 527 993 ad
546 951 863 1010 Imperatorem
885 949 1005 1010 poffe
1026 949 1256 1006 rebantur,
1275 967 1392 1006 eum²
1415 949 1462 996 ni

178 1019 367 1066 sedatius
394 1031 563 1082 ageret,
589 1020 831 1067 immodica
861 1037 1007 1067 rerum
1041 1021 1331 1068 secundarum
1351 1037 1465 1084 pro-

177 1091 406 1154 speritate,
429 1092 555 1139 velut
580 1092 857 1139 luxuriantes
892 1093 1093 1139 ubertate
1125 1093 1259 1139 nimia
1289 1092 1468 1157 fruges,

177 1165 312 1213 bonis
344 1166 430 1212 suis
465 1166 672 1229 protinus
711 1167 988 1215 occasurum.
1025 1170 1080 1214 Et
1116 1167 1210 1213 haec
1238 1167 1314 1213 diu
1347 1169 1465 1213 mul-

179 1250 367 1301 tumque
402 1240 643 1302 agitantes,
680 1239 840 1287 frustra
881 1240 1033 1287 virum
1073 1239 1465 1286 circumlatrabant

179 1311 460 1359 immobilem
484 1312 676 1359 occultis
697 1311 891 1371 injuriis,
910 1325 958 1358 ut
979 1312 1197 1375 Pygmaei,
1221 1312 1295 1358 vel
1313 1313 1466 1360 Thio-

179 1384 330 1431 damas
349 1383 528 1447 agrestis
555 1384 696 1430 hom-0
717 1384 903 1432 Lindius
927 1383 1180 1432 Herculem.
1211 1384 1287 1431 Ille
1315 1397 1466 1431 tamen

178 1471 229 1503 ut
265 1455 448 1519 majoris
485 1468 643 1518 praeter
680 1469 854 1503 ceteros
878 1456 1088 1518 spiritus,
1120 1456 1266 1502 nihilo
1302 1456 1467 1502 lentius

179 1529 532 1593 magnitudinem
553 1528 859 1592 expeditionis
883 1529 1026 1578 secum
1055 1541 1364 1576 commentans
1382 1565 1394 1587 ‚
1417 1529 1467 1576 in

179 1605 480 1667 praeparandis
526 1605 739 1669 congruis
794 1620 979 1667 operam
1038 1604 1233 1649 navabat
1286 1602 1467 1651 enisam,

180 1676 440 1725 Hostiarum
469 1690 616 1725 tamen
644 1677 855 1741 sanguine
885 1676 1082 1740 plurimo
1108 1693 1202 1723 aras
1232 1676 1468 1723 crebritate

181 1750 321 1797 nimia
359 1750 686 1812 perfundebat,
725 1761 878 1796 tauros
916 1748 1157 1812 aliquoties
1187 1748 1469 1795 immolando

182 1835 426 1880 centen03‚
446 1822 777 1870 &innumeros
798 1820 914 1867 varii
942 1819 1118 1882 pecoris
1142 1836 1292 1883 greges
1307 1856 1319 1878 ,
1340 1819 1469 1866 aves-

181 1913 270 1960 que
291 1896 500 1943 candidas
522 1908 635 1942 terra
655 1895 858 1959 quaefitas
878 1896 927 1942 &
948 1894 1058 1940 mari
1078 1910 1088 1939 :
1111 1895 1222 1940 adeo
1243 1908 1289 1939 ut
1309 1893 1354 1938 in
1373 1893 1467 1942 dies

184 1985 314 2032 paene
348 1968 545 2033 fingulos
573 1968 735 2015 milites
768 1968 908 2015 carnis
943 1965 1200 2013 distentiore
1227 1964 1372 2028 sagina
1395 1965 1471 2013 vi·-

183 2043 385 2089 uitantes
425 2040 637 2089 incultius
653 2075 668 2099 ‚
706 2039 931 2103 potusque
970 2037 1185 2085 aviditate
1229 2039 1468 2101 corrupti,

182 2114 380 2163 humeris
408 2113 605 2177 impofiti
625 2112 974 2171 transeuntium,
996 2127 1074 2174 per
1105 2111 1271 2173 plateas
1299 2128 1354 2158 ex
1383 2129 1468 2175 pu-

183 2187 313 2236 blicis
332 2187 525 2245 aedibus,
549 2185 626 2232 ubi
646 2185 933 2232 vindicandis
947 2184 1098 2247 potius
1115 2215 1129 2237 ‚
1153 2200 1283 2246 quam
1303 2185 1468 2232 ceden-

185 2262 254 2310 dis
283 2260 519 2309 conviviis
553 2259 873 2323 indulgebant,
893 2259 948 2305 ad
977 2257 1054 2304 sua
1081 2257 1328 2305 diversoria
1355 2274 1468 2320 por-

184 2346 384 2382 tarentur
402 2349 413 2378 :
437 2333 689 2380 Petulantes
709 2345 811 2378 ante
831 2346 987 2377 omnes
1006 2332 1056 2377 δε
1076 2330 1217 2376 Celtae
1234 2365 1248 2389 ‚
1268 2346 1468 2393 quorum

187 2424 241 2454 ea
275 2405 532 2468 tempestate
569 2402 845 2452 confidentia
883 2414 1088 2450 creverat
1117 2401 1230 2448 ultra
1265 2403 1470 2452 modum,

187 2478 480 2542 Augebantur
511 2488 658 2526 autem
681 2475 1042 2526 caerimoniarum
1060 2475 1170 2523 ritus
1193 2474 1432 2524 immodice
1447 2508 1472 2533 ,
