1626 2917
307 220 524 271 RERUM
553 219 891 267 GESTARUM
923 220 1025 267 ΠΒ.
1054 220 1179 268 XIX.
1300 218 1388 282 187

114 323 289 373 >ditione
309 325 485 372 moneri
507 326 769 372 decreverat
784 323 1053 371 defensores.
1069 324 1267 388 Ideoque
1289 340 1395 371 cum

114 400 259 462 prima
290 399 366 446 lux
391 399 661 455 adveniffet,
688 416 765 445 rex
785 399 1102 446 Chionitarum
1123 397 1396 444 Grumbates

114 470 303 519 fidenter
321 489 416 520 eam
435 490 619 536 operam
638 487 879 520 navaturus
897 472 1107 519 tendebat
1123 471 1178 517 ad
1195 469 1365 517 moenia
1379 505 1397 528 ,

114 561 217 593 cum
258 564 394 593 manu
435 547 724 609 promtissima
754 546 1038 609 stipatorum:
1061 561 1193 608 quem
1214 543 1395 590 ubive-

114 616 312 664 nientem
345 618 429 678 jam
459 620 552 666 telo
597 619 716 666 forte
765 617 1026 681 contiguum
1063 615 1397 679 contemplator

115 691 399 754 peritissimus
422 695 700 751 advertisset,
723 706 935 741 contorta
952 692 1121 739 ballista
1142 691 1283 738 filium
1302 689 1398 751 ejus

115 764 272 826 primae
292 765 420 828 pubis
440 766 765 813 adolescentem
784 765 909 812 lateri
926 779 1113 828 paterno
1132 765 1398 823 haerentem,

114 838 301 886 thorace
319 857 422 886 cum
444 841 622 902 peslore
644 839 874 902 perforato
898 838 1098 901 profudit
1113 874 1126 897 ‚
1145 836 1399 901 procerita-

117 924 161 958 te
185 913 234 960 &
268 914 431 961 decore
459 915 666 976 corporis
695 913 942 975 aequalibus
967 911 1270 958 antestantem.
1305 910 1399 956 Cu·

118 984 187 1046 jus
208 987 368 1034 occasu
397 986 442 1034 in
471 986 620 1049 fugam
647 985 797 1048 dilapfi
829 985 1066 1047 populares
1097 982 1193 1045 ejus
1216 999 1402 1038 omnes,

119 1077 340 1124 moxque,
364 1077 419 1106 ne
439 1073 682 1121 raperetur,
703 1059 878 1106 ratione
895 1058 1002 1119 justa
1024 1058 1220 1123 regreffi,
1246 1074 1403 1104 nume-

120 1133 243 1181 rosas
271 1146 422 1196 gentes
455 1134 510 1180 ad
539 1150 657 1180 arma
697 1132 966 1180 clamoribus
987 1131 1169 1179 dissonis
1202 1131 1403 1179 concita-

119 1216 251 1256 runt:
282 1221 470 1268 quarum
515 1203 737 1253 concursu
773 1204 861 1251 ritu
893 1204 1119 1269 grandinis
1155 1204 1260 1252 hinc
1297 1204 1403 1250 inde

121 1277 479 1325 convolantibus
497 1277 597 1336 §elis
614 1314 627 1334 ‚
657 1289 789 1324 atrox
826 1277 1123 1325 committitur
1148 1293 1310 1340 pugna.
1345 1279 1402 1323 Et

121 1349 220 1413 post
240 1349 522 1398 interneciva
543 1349 784 1397 certamina
811 1348 1003 1411 adusque
1024 1347 1158 1395 finem
1184 1348 1270 1395 diei
1293 1363 1400 1411 pro·

120 1436 243 1472 tenta
264 1460 278 1482 ‚
314 1442 414 1472 cum
437 1423 523 1486 jam
555 1424 698 1471 noctis
723 1423 827 1471 effet
858 1422 1036 1470 initium
1056 1458 1069 1481 ‚
1107 1440 1186 1486 per
1208 1439 1402 1470 acervos

123 1496 343 1544 caesorum
374 1499 423 1544 &
454 1495 740 1559 scaturigines
771 1494 994 1559 sanguinis
1028 1512 1140 1558 aegre
1176 1493 1404 1541 defensum

123 1568 313 1632 caligine
354 1569 636 1616 tenebrarum
670 1567 917 1615 extrahitur
956 1583 1162 1630 corpus;
1201 1579 1251 1614 ut
1284 1567 1404 1631 apud

122 1642 311 1704 Trojam
329 1644 556 1706 quondam
583 1643 710 1706 super
731 1642 899 1690 comite
932 1643 1126 1691 Thessali
1148 1643 1273 1691 ducis
1294 1660 1404 1691 exa·-

123 1717 236 1765 nimi
261 1717 374 1765 acies
394 1719 535 1765 Marte
556 1717 777 1765 acerrimo
799 1717 1116 1766 conflixerunt.
1137 1720 1249 1779 Quo
1275 1718 1403 1765 fune-

123 1807 172 1838 re
200 1790 320 1855 regia
351 1791 532 1847 moesta,
556 1793 606 1839 δε
634 1790 923 1853 optimatibus
955 1790 1172 1838 universis
1194 1808 1296 1839 cum
1320 1809 1403 1854 pa-

123 1876 248 1910 rente
268 1863 409 1910 subita
427 1858 551 1911 clade
577 1863 784 1926 perculsis
804 1899 818 1920 ‚
835 1863 1003 1910 iudi&o
1021 1862 1193 1925 justitio
1224 1863 1404 1924 juvenis

125 1935 362 1983 nobilitate
387 1936 758 1984 commendabilis
778 1937 826 1982 &
852 1935 1061 1994 dilectus,
1091 1936 1179 1983 ritu
1206 1936 1407 1984 nationis

126 2008 324 2073 propriae
346 2009 589 2074 lugebatur.
618 2011 771 2072 Itaque
790 2021 839 2054 ut
857 2009 1016 2056 armari
1045 2009 1211 2057 solebat
1236 2009 1405 2069 elatus,

127 2081 175 2128 in
204 2082 356 2146 amplo
389 2083 585 2146 quodam
624 2080 822 2145 suggestu
849 2081 1024 2129 locatur
1052 2083 1102 2129 &
1136 2081 1287 2130 celso:
1315 2086 1405 2129 cir·

131 2171 269 2218 caque
299 2171 399 2202 eum
422 2155 570 2202 leeculi
587 2155 742 2202 decem
763 2153 1016 2201 sternuntur
1035 2189 1049 2213 ,
1088 2152 1297 2218 figmenta
1319 2172 1404 2200 ve-

129 2230 287 2276 hentes
305 2229 540 2277 hominum
559 2242 846 2276 mortuorum
868 2264 883 2286 ‚
903 2228 963 2275 ita
983 2240 1134 2275 curate
1159 2227 1371 2290 pollinEta
1388 2263 1404 2285 ‚

130 2312 181 2346 ut
206 2301 417 2366 imagines
439 2303 575 2350 effent
602 2301 870 2365 corporibus
898 2300 1057 2348 similes
1082 2299 1172 2361 jam
1198 2298 1376 2363 sepultis
1392 2316 1406 2345 ε

131 2390 183 2420 ac
209 2390 289 2436 per
311 2375 480 2424 dierum
501 2376 688 2439 spatium
711 2374 875 2439 septem
896 2410 910 2434 ,
929 2374 1019 2421 viri
1045 2373 1226 2437 quidem
1247 2387 1408 2419 omnes

132 2462 213 2508 per
246 2448 541 2495 contubernia
577 2450 626 2496 &
660 2442 914 2510 manipulos
945 2445 1089 2509 epulis
1117 2445 1407 2509 indulgebant

132 2518 332 2568 saltando
353 2555 368 2582 ,
393 2523 443 2572 δε
469 2522 691 2573 cantando
723 2519 860 2570 tristia
886 2521 1087 2586 quaedam
1118 2536 1278 2584 genera
1309 2535 1406 2564 nae·
