1626 2917
222 233 313 279 ¹90
436 213 764 263 ΑΜΜΙΑΝῙ
800 215 1274 275 ιἶνίΑἶὶΕῙΞῘΑΗΝΙ

215 322 494 375 cernebatur.
528 319 711 384 Agitatis
732 320 881 382 itaque
900 321 977 368 sub
1003 338 1140 368 onere
1164 338 1394 369 armorum
1419 320 1491 368 vi-

214 396 332 460 giliis
358 431 372 453 ‚
421 393 686 440 resultabant
716 393 976 440 altrinsecus
1003 397 1173 441 exortis
1217 394 1491 442 clamoribus

216 468 389 515 colles:
424 465 582 513 nostris
605 465 794 512 virtutes
825 465 1081 512 Constantii
1112 465 1298 513 Caesaris
1337 465 1491 511 extol·

214 540 411 588 lentibus
430 575 443 597 ,
474 553 523 585 ut
545 538 718 585 domini
746 555 893 586 rerum
917 541 965 586 δέ
991 540 1169 594 mundi;
1196 539 1330 586 Persis
1349 541 1494 602 Sapo-

215 631 309 662 rem
329 616 378 662 &
392 614 602 661 Saansaan
620 613 944 676 appellantibus
965 615 1013 660 &
1034 611 1253 676 Pyrosen,
1271 614 1393 675 quod
1414 629 1495 658 rex

217 687 397 751 regibus
427 686 676 750 imperan3‚
706 688 755 734 &
787 686 1010 732 bellorum
1044 686 1191 732 victor
1227 688 1496 748 interpreta-

216 774 306 808 tur,
340 763 407 808 Ac
445 759 701 824 priusquam
731 759 807 806 lux
828 758 1057 820 occiperet
1073 794 1086 816 ‚
1110 758 1233 820 {igno
1260 775 1337 821 per
1359 758 1498 805 lituos

215 835 348 892 dato,
372 833 427 880 ad
448 832 675 879 servorem
707 831 913 878 similium
947 830 1214 893 proeliorum
1244 830 1403 876 excitae
1423 847 1502 875 un·

219 906 354 968 dique
383 903 709 951 inaestimabiles
730 902 875 966 copiae
896 902 940 948 in
964 903 1149 948 modum
1173 902 1357 948 alituum
1381 901 1500 948 fere-

218 981 383 1026 bantur
403 995 414 1025 ε
444 977 562 1024 unde
586 976 722 1041 longe
739 994 789 1023 ac
815 976 900 1022 late
920 974 1115 1038 prospici
1141 988 1318 1039 poterat
1339 1012 1353 1032 ‚
1375 992 1500 1022 cam-

220 1052 289 1115 pis
308 1053 357 1100 ὃς
383 1049 673 1098 convallibus
703 1049 811 1095 nihil
840 1061 1001 1111 praeter
1019 1065 1137 1095 arma
1157 1048 1365 1096 micantia
1386 1046 1500 1095 fera·

220 1141 319 1169 rum
360 1123 557 1186 gentium
602 1121 1024 1169 demonstrantibus.
1059 1124 1264 1185 Moxque
1302 1121 1501 1169 clamore

220 1197 394 1244 sublato
416 1232 430 1254 ‚
449 1195 621 1243 cunffis
655 1207 820 1242 temere
849 1195 1248 1257 prorumpentibus
1267 1231 1280 1252 ,
1302 1195 1500 1241 telorum

221 1271 293 1318 vis
314 1270 468 1333 ingens
489 1269 675 1315 volabat
692 1285 716 1315 e
736 1268 902 1314 muris:
928 1280 1067 1332 utque
1091 1267 1268 1329 opinari
1289 1268 1474 1314 dabatur
1488 1303 1502 1326 ,

222 1343 343 1390 nulla
369 1341 523 1388 frustra
554 1341 844 1387 mittebantur
859 1375 872 1398 ‚
893 1339 1009 1386 inter
1039 1341 1277 1387 hominum
1300 1339 1503 1387 cadentia

221 1416 495 1462 densitatem.
523 1415 619 1462 Tot
653 1412 771 1460 enim
809 1428 893 1458 nos
923 1411 1305 1459 circumstantibus
1339 1411 1465 1458 malis
1487 1447 1505 1469 ‚

223 1505 319 1535 non
350 1486 610 1535 obtinendae
638 1484 765 1533 causa
796 1482 971 1542 salutis,
999 1497 1048 1532 ut
1071 1484 1195 1541 dixi,
1223 1484 1295 1531 sed
1325 1483 1506 1530 fortiter

223 1560 449 1608 moriendi
477 1558 623 1606 studio
658 1558 983 1622 flagrabamus:
1016 1559 1066 1606 &
1103 1575 1128 1605 a
1158 1558 1245 1604 diei
1277 1556 1504 1620 principio

223 1631 579 1694 adusquelucem
600 1629 832 1677 obscuram
852 1628 1059 1676 neutrubi
1079 1629 1246 1691 proelio
1261 1627 1478 1675 inclinato
1492 1662 1509 1685 ,

223 1704 438 1761 ferocius,
460 1720 592 1768 quam
613 1701 878 1758 consultius,
895 1701 1184 1765 pugnabatur.
1198 1699 1504 1764 Exsurgebant

224 1777 346 1824 enim
381 1775 604 1822 ruentium
640 1772 986 1836 ferientiumque
1028 1773 1285 1831 clamores,
1327 1787 1376 1820 ut
1413 1791 1506 1836 prae

224 1849 449 1897 alacritate
470 1846 703 1896 consistere
722 1846 812 1894 fine
837 1845 1026 1894 vulnere
1044 1845 1276 1909 quisquam
1299 1845 1379 1892 vix
1403 1845 1507 1908 pos·

226 1924 294 1971 sit.
320 1923 616 1985 Tandemque
647 1938 742 1968 nox
767 1919 900 1969 finem
930 1921 1124 1968 caedibus
1147 1918 1280 1977 fecit,
1308 1923 1357 1968 &
1378 1919 1505 1968 satias

229 2014 526 2044 aerumnarum
570 1995 771 2041 inducias
806 1994 1000 2057 partibus
1044 1994 1223 2041 dederat
1259 1994 1506 2058 longiores.

228 2070 319 2115 Ubi
350 2068 467 2115 enim
498 2066 755 2132 quiescendi
786 2066 917 2114 nobis
937 2078 1110 2129 tempus
1131 2065 1189 2112 est
1207 2066 1355 2112 datum
1372 2102 1386 2125 ,
1405 2066 1507 2113 exi-

227 2162 335 2207 guas
353 2181 366 2202 ‚
385 2161 484 2206 quae
518 2143 774 2204 supererant
790 2178 803 2198 ‚
835 2141 951 2189 vires
979 2142 1220 2189 continuus
1242 2159 1342 2189 cum
1380 2142 1505 2188 inso-

229 2214 350 2260 mnia
367 2213 495 2259 labor
511 2212 716 2259 absumsit
735 2247 748 2268 ‚
768 2211 979 2275 sanguine
1001 2213 1049 2259 &
1069 2212 1259 2274 pallente
1277 2211 1507 2275 exspiran-

230 2288 341 2332 tium
361 2285 469 2332 facie
500 2297 799 2348 perterrente,
834 2284 996 2348 quibus
1025 2301 1080 2330 ne
1101 2285 1300 2347 suprema
1326 2285 1507 2349 quidem

230 2358 448 2405 humandi
470 2357 621 2403 solatia
645 2357 779 2403 tribui
799 2356 997 2404 sinebant
1013 2357 1220 2420 angustiae
1238 2357 1508 2419 spatiorum,

232 2429 347 2477 intra
374 2430 569 2477 civitatis
596 2430 812 2477 ambitum
833 2447 928 2476 non
957 2430 1144 2477 nimium
1174 2430 1332 2494 amplae
1364 2431 1508 2495 legio·

235 2502 365 2550 nibus
389 2502 552 2566 septem
569 2537 582 2561 ‚
607 2504 656 2550 &
674 2501 924 2566 promiscua
945 2503 1220 2550 advenarum
1254 2504 1510 2567 civiumque
