1626 2917
270 152 301 198 6
466 153 805 200 ΑΜΜΙΑΝῙ
859 155 1359 204 MARCELLINI

270 258 423 318 beret,
444 271 492 306 ut
521 260 565 306 in
594 252 934 308 Gordianorum
963 263 1132 310 astibus
1164 263 1372 310 r‘affitaffe
1405 263 1553 311 Maxi-

269 330 383 377 mini
401 332 643 379 truculenti
678 331 794 378 illius
816 332 1100 394 imperatoris
1131 335 1361 381 retulimus
1387 336 1552 396 conju·
1604 372 1610 379 .

268 421 383 466 gem.
413 406 559 452 Novo
590 404 783 467 denique
813 406 1159 470 perniciosoque
1190 409 1402 471 exemplo
1435 409 1554 456 idem

270 476 427 523 Gallus
446 476 572 523 ausus
593 475 653 522 est
673 475 785 522 inire
805 476 1023 539 flagitium
1056 495 1192 541 grave
1209 514 1222 534 ‚
1244 478 1368 540 quod
1394 477 1553 523 Romae

269 565 374 594 cum
416 548 578 595 ultimo
619 548 840 594 dedecore
881 548 1062 594 tentasse
1102 549 1344 611 aliquando
1389 548 1554 595 dicitur

269 618 502 665 Gallienus
521 636 531 665 :
554 620 603 666 &
621 618 828 665 adhibitis
849 619 1002 680 paucis
1021 619 1132 666 clam
1154 620 1274 667 ferro
1296 620 1552 678 succinctis,

269 693 444 755 vesperi
474 709 553 755 per
573 693 775 739 tabernas
800 691 1034 755 palabatur
1061 695 1110 741 δε
1139 694 1334 757 compita
1353 731 1365 753 ,
1386 694 1553 758 quaeri-

268 767 410 812 tando
427 767 595 813 Graeco
615 767 838 823 sermone,
857 766 981 827 cujus
1000 779 1092 813 erat
1113 765 1344 829 impendio
1366 784 1554 831 gnarus,

269 840 382 902 quid
405 840 458 886 de
478 839 652 887 Caesare
672 839 856 904 quisque
878 839 1066 885 sentiret.
1088 841 1136 887 ὅ(
1158 840 1255 886 haec
1275 839 1557 887 confidenter

270 912 428 979 agebat
455 912 502 958 in
523 912 662 968 urbe,
691 910 766 957 ubi
792 910 1149 973 pernoftantium
1172 911 1390 958 luminum
1421 912 1554 959 clari-

270 985 384 1032 tudo
405 985 576 1032 dierum
598 985 709 1031 solet
726 985 888 1031 imitari
912 983 1149 1047 fulgorem.
1171 984 1405 1031 Postremo
1427 986 1556 1049 agni-

264 1069 343 1105 {us
364 1059 506 1122 saepe,
534 1058 710 1122 jamque
738 1058 768 1104 fi
794 1059 1038 1121 prodisset,
1061 1058 1354 1121 conspicuum
1381 1060 1422 1105 se
1455 1059 1555 1106 fore
1624 1091 1626 1094 ι

271 1134 616 1197 contemplans,
650 1150 746 1179 non
783 1133 863 1179 nisi
903 1133 1003 1180 luce
1028 1133 1171 1196 palam
1206 1134 1464 1197 egrediens,
1500 1133 1557 1180 ad
1620 1137 1626 1167 ’-

269 1209 440 1271 agenda
462 1224 560 1269 quae
580 1207 762 1268 putabat
788 1206 919 1265 seria,
947 1209 1219 1253 cernebatur.
1249 1209 1302 1252 Et
1331 1208 1426 1254 haec
1451 1207 1555 1270 qui-

270 1282 372 1327 dem
392 1282 648 1328 medullitus
676 1280 827 1328 multis
855 1281 1132 1345 gementibus
1153 1281 1412 1345 agebantur.
1433 1281 1553 1328 Tha-

268 1353 416 1399 laffius
439 1369 552 1399 vero
579 1369 628 1398 ea
649 1351 904 1414 tempestate
933 1352 1168 1398 Praefeaus
1188 1353 1413 1400 Praetorio
1432 1354 1553 1400 Prae-

271 1424 398 1483 sens,
427 1426 517 1488 ipse
549 1442 736 1488 quoque
770 1425 1019 1489 arrogantis
1044 1425 1239 1489 ingenii,
1268 1425 1556 1475 considerans

269 1497 584 1546 incitationem
613 1497 707 1560 ejus
729 1499 782 1546 ad
812 1499 1059 1545 multorum
1087 1497 1239 1561 augeri
1269 1497 1554 1559 discrimina,

267 1587 368 1636 pon
398 1572 652 1618 maturitate
685 1572 758 1617 vel
789 1569 982 1617 consiliis
1010 1569 1273 1634 mitigabat,
1294 1582 1343 1616 ut
1374 1570 1553 1633 aliquo-

270 1643 353 1691 ties
386 1643 509 1691 celsae
542 1642 778 1707 potestates
812 1644 898 1690 iras
933 1642 1186 1705 principum
1222 1642 1552 1699 ‘molliverunt3

269 1716 346 1764 sed
372 1715 652 1763 adversando
674 1715 987 1779 iurgandoque
1014 1733 1116 1762 cum
1145 1732 1302 1778 parum
1329 1733 1553 1780 congrue*-

268 1803 365 1849 ret,
391 1808 494 1838 eum
521 1791 577 1838 ad
608 1789 773 1837 rabiem
807 1789 961 1852 potius
988 1788 1248 1835 evibrabat:
1275 1790 1552 1854 Augustum,

271 1865 391 1912 ailus
412 1865 504 1928 ejus
529 1864 858 1928 exaggerand0‚
878 1863 1142 1912 creberrime
1166 1865 1333 1910 docens
1349 1901 1362 1922 ‚
1389 1865 1552 1929 idque,

272 1939 497 1986 incertum
538 1956 626 2002 qua
660 1950 834 1997 mente,
865 1955 921 1985 ne
952 1938 1106 1985 lateret
1134 1937 1350 1986 affeRans.
1388 1941 1552 2003 quibus

271 2030 385 2070 mox
427 2012 574 2061 Caesar
621 2013 768 2061 acrius
812 2012 1044 2070 efferatus,
1079 2010 1206 2058 velut
1253 2014 1552 2061 contumaciae

271 2086 499 2150 quoddam
529 2085 750 2134 vexillum
780 2084 910 2132 altius
937 2084 1133 2148 erigens,
1154 2083 1244 2130 fine
1265 2085 1462 2147 respe&u
1483 2085 1552 2132 sa-

272 2159 379 2207 lutis
403 2159 559 2206 alienae
589 2158 665 2205 vel
699 2157 811 2216 suae,
833 2158 888 2204 ad
919 2158 1134 2205 vertenda
1170 2157 1392 2220 supposita
1420 2158 1554 2206 instar

273 2231 416 2295 rapidi
436 2231 633 2278 fluminis
654 2231 941 2279 irrevocabili
966 2231 1133 2293 impetu
1156 2230 1390 2277 serebatur.

339 2307 392 2352 11.
418 2304 516 2351 Nec
537 2303 637 2351 sane
658 2305 752 2351 haec
779 2304 996 2365 pernicies
1018 2303 1108 2349 sola
1133 2302 1366 2349 Orientem
1396 2302 1553 2349 diver-

271 2379 328 2427 fis
350 2378 549 2427 cladibus
566 2377 795 2441 affligebat.
816 2379 1019 2440 Namque
1040 2378 1088 2423 δέ
1108 2376 1239 2422 Isauri
1257 2413 1270 2433 ,
1288 2376 1449 2439 quibus
1463 2376 1552 2422 hfi-

272 2462 415 2501 tatum
443 2450 504 2500 est
524 2448 638 2517 saepe
654 2449 830 2517 pacari,
848 2448 1048 2515 saepeque
1075 2446 1276 2515 inopinis
1295 2447 1554 2498 excursibus
