1626 2917
234 187 317 225 tio
430 171 769 217 AMMIANI
819 171 1298 218 MARCELLINI

221 279 352 324 etiam
391 277 620 323 Tarratius
656 277 800 322 Bassus
823 313 835 334 ‚
856 277 1003 338 postea
1026 279 1124 324 urbi
1163 279 1419 338 praeficitis,
1450 280 1501 327 &

222 349 355 396 frater
397 349 489 409 ejus
526 350 798 406 camerinis,
834 352 880 397 &
917 351 1169 396 Marcianus
1208 353 1414 414 quidam,
1453 356 1503 400 Sc

219 422 496 483 Eusaphius‚
526 439 682 469 omnes
721 423 964 477 clariffimi,
1000 423 1184 470 arceffiti
1220 425 1265 470 in
1305 426 1501 475 crimen,

217 495 342 556 quod
364 494 557 555 ejusdem
581 496 751 543 conscii
777 495 982 542 veneficii
1014 497 1208 559 aurigam
1242 497 1399 545 fovere
1433 500 1504 544 di-

217 569 435 615 cebantur
459 568 739 614 Auchenium
766 587 775 615 :
799 570 1081 616 documentis
1109 569 1334 616 etiamtum
1358 573 1501 618 ambi-

217 639 340 702 guis,
367 639 631 703 suffragante
651 641 836 687 absoluti
859 642 956 688 sunt
977 642 1215 688 Vi&orino
1233 680 1242 698 ‚
1265 656 1310 687 ut
1334 644 1504 691 dis;›er-

217 712 285 758 sus
306 713 502 772 prodidit
522 729 677 759 rumor
694 749 705 771 ,
727 715 800 777 qui
825 727 916 760 erat
938 714 1105 761 amicus
1128 715 1379 761 Maximino
1401 716 1504 777 jun-

216 786 436 833 &Pssumis
470 786 568 834 Nec
602 788 747 833 minus
779 788 955 834 feminae
985 805 1167 852 quoque
1204 790 1501 836 calamitatum

214 858 456 921 participes
476 858 597 906 fuere
623 860 842 907 similium.
879 863 992 908 Nam
1013 879 1067 908 ex
1084 863 1172 909 hoc
1193 880 1374 926 quoque
1398 865 1505 909 sexu

215 947 426 995 peremtae
462 933 560 980 sunt
596 935 779 998 originis
812 938 910 983 altae
944 937 1198 999 complures
1219 974 1229 993 ,
1263 938 1502 984 adulterio-

216 1024 316 1053 rum
357 1007 532 1070 flagitiis
572 1008 787 1055 obnoxiae
824 1010 897 1055 vel
937 1009 1205 1072 stuprorum.
1238 1013 1356 1056 Inter
1393 1026 1504 1074 quas

218 1079 420 1124 notiores
450 1078 570 1125 fuere
599 1080 788 1126 Claritas
811 1083 859 1128 &
889 1082 1126 1128 Flaviana:
1148 1099 1335 1144 quarum
1366 1082 1502 1127 altera

216 1167 321 1197 cum
344 1152 580 1196 duceretur
596 1153 648 1196 ad
670 1165 859 1197 mortem
878 1188 889 1208 ‚
912 1152 1175 1198 indumento
1194 1190 1205 1208 ,
1226 1169 1319 1215 quo
1347 1152 1502 1199 vestita

217 1238 329 1280 erat,
350 1224 556 1285 abrepto,
579 1241 633 1270 ne
657 1226 858 1271 velamen
881 1226 1063 1288 quidem
1085 1225 1252 1272 secreto
1278 1226 1503 1271 membro-

216 1314 315 1342 rum
338 1296 554 1343 sufficiens
586 1298 775 1344 retinere
804 1298 1007 1359 permissa
1036 1298 1109 1344 est.
1143 1300 1336 1360 Ideoque
1359 1299 1501 1345 carni·

220 1368 307 1425 fex,
324 1369 443 1415 nefas
462 1370 675 1416 admisifl‘e
691 1371 928 1416 conviclus
943 1370 1149 1426 immane,
1171 1371 1303 1416 vivus
1323 1371 1500 1417 exustus

218 1442 294 1488 est.
316 1442 507 1505 Paphius
523 1444 631 1505 quin
647 1444 777 1489 etiam
795 1445 842 1490 &
860 1444 1123 1498 Cornelius,
1145 1443 1384 1498 senatores,
1405 1462 1501 1489 am-

220 1515 280 1561 bo
312 1531 595 1561 venenorum
625 1516 791 1561 artibus
820 1514 967 1577 pravis
992 1515 1032 1560 se
1060 1514 1261 1576 polluisse
1291 1514 1504 1571 confesti,

217 1588 378 1634 eodem
403 1589 726 1650 pronuntiante
752 1587 1003 1633 Maximino
1031 1587 1127 1632 sunt
1147 1586 1377 1633 interfecii.
1406 1587 1503 1634 Pari

220 1660 338 1706 sorte
364 1661 494 1708 etiam
522 1675 793 1723 procurator
823 1675 1019 1707 monetae
1046 1661 1283 1707 exstinfflis
1313 1663 1387 1707 est.
1421 1664 1502 1707 Se-

220 1733 361 1778 ricum
386 1733 502 1779 enim
522 1735 570 1780 &
587 1733 820 1779 Asbolium
842 1732 964 1794 supra
983 1733 1140 1787 dictos,
1161 1732 1372 1793 quoniam
1397 1750 1501 1780 cum

219 1807 472 1852 hortaretur
502 1807 653 1868 paffim
690 1806 948 1860 nominare,
978 1821 1092 1867 quos
1123 1805 1311 1860 vellent,
1336 1804 1502 1864 adje6ia

219 1881 439 1943 religione
473 1879 689 1939 firmarat,
712 1881 882 1926 nullum
914 1880 1004 1942 igni
1040 1880 1110 1925 vel
1135 1878 1253 1924 ferro
1281 1879 1321 1925 se
1353 1881 1502 1941 puniri

220 1952 431 2012 jussurum
447 1990 458 2009 ‚
479 1954 648 2016 plumbi
670 1953 830 2000 validis
862 1954 1019 2000 iffibus
1040 1951 1275 1998 interemit.
1312 1954 1366 1997 Et
1399 1953 1499 2014 post

219 2027 314 2072 haec
336 2026 523 2073 flammis
546 2027 837 2088 Campensem
872 2025 1146 2088 haruspicem
1179 2025 1317 2077 dedit,
1345 2026 1389 2070 in
1421 2044 1499 2072 ne-

220 2098 350 2161 gotio
374 2098 466 2159 ejus
493 2100 617 2146 nullo
647 2099 921 2146 sacramento
955 2098 1228 2145 constrictus.
1261 2100 1498 2161 Opportu-

220 2189 328 2218 num
347 2173 406 2218 est
426 2210 439 2229 ‚
458 2187 505 2218 ut
525 2174 718 2219 arbitror
735 2209 747 2229 ,
773 2173 1010 2235 explanare
1037 2188 1153 2216 nunc
1175 2171 1342 2217 causam
1364 2208 1377 2228 ‚
1399 2189 1499 2235 qua:

224 2245 277 2289 ad
299 2244 481 2290 exitium
500 2245 768 2307 praecipitem
788 2244 1041 2306 Aginatium
1063 2243 1263 2304 impulit,
1287 2243 1370 2302 jam
1395 2245 1498 2291 inde

223 2332 247 2360 a
275 2315 424 2376 priscis
453 2315 694 2375 majoribus
726 2317 924 2362 nobilem
942 2351 954 2370 ,
980 2328 1026 2361 ut
1048 2316 1196 2361 locuta
1227 2317 1286 2362 est
1306 2317 1500 2378 pertina-

224 2387 322 2434 cior
341 2387 485 2433 fama:
509 2406 589 2436 nec
612 2389 727 2434 enim
755 2389 882 2451 super
901 2389 990 2433 hoc
1010 2388 1096 2433 ulla
1119 2388 1497 2435 documentorum

226 2472 318 2507 rata
353 2459 413 2507 est
446 2459 566 2509 fides.
600 2462 827 2509 Anhelans
863 2461 968 2509 flatu
1002 2461 1190 2525 superbo
1225 2461 1498 2509 Maximinus
