1626 2917
241 120 303 168 90
449 103 789 151 AMMIANI
836 101 1316 149 MARCELLINI

241 212 388 259 lacum
425 213 473 258 &
501 209 700 257 fluminis
732 209 852 256 Galli
872 207 1073 256 sinuosos
1101 209 1320 256 anstasius
1353 216 1520 271 proped

238 300 285 330 re
313 283 579 330 discedendo
600 281 760 329 frustra
786 281 1042 344 sequentem
1069 282 1242 330 lufiffet.
1262 283 1315 328 Et
1335 282 1424 328 hoc
1448 296 1520 327 ca-

238 358 283 403 su
317 356 533 420 Bithynia
562 372 748 419 quoque
774 356 821 401 in
854 355 1071 418 Procopii
1100 355 1320 402 ditionem
1350 355 1521 402 redaeta

236 430 311 476 est.
350 429 482 476 Unde
521 445 624 475 cum
664 430 894 490 Ancyram
939 428 1105 474 Valens
1144 427 1242 474 citis
1281 427 1519 474 itineribus

236 501 485 549 revertisset
504 537 518 559 ,
537 500 910 563 comperissetque
927 535 941 555 ,
959 499 1229 562 Lupicinum
1253 500 1308 546 ab
1328 499 1518 546 Oriente

236 591 339 622 cum
372 574 565 622 catervis
599 574 842 620 adventare
883 589 980 619 non
1017 573 1357 620 contemnendis
1392 591 1404 619 :
1447 571 1522 634 spe

237 645 558 710 prosperorum
587 646 808 702 erectior,
829 645 1112 692 Arinthaeum
1137 644 1410 692 leffiffimum
1440 644 1523 690 du-

238 737 334 766 cem
365 718 656 767 occursurum
687 718 887 765 hostibus
915 718 1044 766 misit.
1075 718 1173 779 Qui
1198 718 1276 765 ubi
1302 717 1523 765 Dadasta-

235 809 339 839 nam
364 792 512 856 tetigit
529 828 543 850 ,
577 792 623 838 in
648 805 733 855 qua
754 790 944 839 statione
968 791 1122 855 periffe
1143 791 1336 838 diximus
1365 790 1524 841 Jovia-

234 883 343 912 num
366 902 380 924 ‚
411 868 752 930 Hyperechium
780 865 859 912 fibi
890 866 1151 929 oppositum
1188 878 1370 929 repente
1407 865 1519 912 vidit

234 955 340 986 cum
362 939 507 1001 copiis
523 975 537 996 ‚
556 939 743 986 antehac
760 938 1001 986 Castrensis
1027 939 1327 1003 apparitorem
1345 974 1360 997 ‚
1382 937 1454 986 cui
1473 949 1522 984 ut

236 1011 384 1057 amico
401 1004 656 1073 Procopius
673 1011 840 1058 auxilia
861 1012 1079 1058 dustanda
1098 1012 1333 1060 commisit.
1363 1014 1416 1057 Et
1443 1011 1521 1056 de-

235 1083 442 1147 dignatus
481 1084 712 1131 hominem
743 1085 947 1147 superare
989 1085 1231 1132 certamine
1273 1083 1520 1145 despicabi-

236 1157 348 1212 lem,
370 1157 644 1204 austoritatis
665 1159 713 1206 δι
744 1157 843 1204 celsi
868 1155 1031 1204 fiducia
1052 1156 1261 1219 corporis
1278 1192 1292 1213 ,
1313 1155 1414 1217 ipsis
1434 1155 1520 1200 ho·-

235 1224 374 1275 stibus
403 1228 520 1289 juffit
547 1229 673 1276 suum
705 1229 882 1277 vincire
914 1230 1132 1276 restorem
1154 1247 1164 1275 ε
1189 1241 1321 1291 atque
1343 1228 1402 1274 ita
1426 1240 1521 1274 tur-

236 1319 411 1349 marum
449 1302 762 1367 antesignanus
803 1304 1051 1351 umbratilis
1092 1302 1381 1365 comprensus
1414 1301 1523 1348 suo-

236 1392 335 1422 rum
369 1374 589 1423 manibus.
625 1375 744 1436 Quae
778 1376 884 1423 dum
919 1377 1009 1424 hoc
1056 1376 1198 1423 modo
1235 1376 1521 1439 procedunt,

237 1449 461 1498 Venustus
484 1449 665 1514 quidam
693 1449 986 1514 largitionum
1015 1450 1238 1514 apparitor
1258 1449 1337 1497 sub
1353 1449 1524 1496 Valen-

237 1536 281 1568 te
296 1557 312 1579 ,
340 1521 486 1568 multo
516 1534 618 1568 ante
641 1520 956 1569 Nicomediam
978 1522 1128 1569 missus
1147 1559 1163 1580 ,
1180 1534 1230 1568 ut
1255 1539 1414 1568 aurum
1432 1519 1522 1567 sus-

236 1607 416 1657 ceptum
453 1594 660 1657 stipendii
693 1594 880 1642 nomine
911 1595 1129 1643 militibus
1164 1613 1242 1659 per
1279 1595 1516 1642 Orientem

237 1667 405 1714 diffusis
434 1667 606 1714 viritim
626 1666 840 1716 tribueret
859 1704 873 1724 ,
898 1668 981 1716 hae
1007 1667 1180 1715 tristitia
1212 1667 1394 1731 cognita
1415 1666 1523 1712 alie-

238 1759 345 1788 num
364 1741 603 1804 pervidens
621 1753 794 1804 tempus
812 1773 826 1797 ‚
847 1742 1071 1805 Cyzicum
1092 1758 1193 1788 cum
1209 1741 1261 1787 iis
1274 1777 1287 1799 ‚
1305 1757 1404 1804 quae
1424 1739 1518 1787 sus-

238 1831 450 1878 ceperat,
486 1814 528 1861 se
570 1815 702 1863 citius
738 1814 948 1862 contulit.
989 1813 1080 1861 Ubi
1103 1812 1220 1860 forte
1258 1812 1522 1860 Serenianus

236 1900 438 1951 repertus
473 1886 824 1934 domesticorum
845 1899 952 1934 tunc
973 1903 1124 1935 comes
1141 1923 1157 1944 ‚
1179 1885 1328 1933 missus
1347 1886 1404 1933 ad
1424 1886 1522 1932 the-

240 1960 392 2008 sauros
438 1959 630 2007 tuendos
653 1994 666 2016 ‚
699 1959 854 2006 urbem
899 1957 1244 2021 inexsuperabili
1297 1958 1521 2005 moenium

240 2034 411 2081 ambitu
442 2033 749 2081 monumentis
784 2049 966 2096 quoque
999 2032 1224 2080 veteribus
1256 2033 1485 2096 cognitam
1506 2068 1522 2090 ,

238 2106 377 2154 fretus
410 2107 706 2155 tumultuario
740 2107 946 2171 praefidio
979 2106 1361 2155 custodiebat:ad
1387 2123 1521 2170 quam

238 2181 581 2242 expugnandam
604 2181 852 2242 Procopius
866 2193 944 2238 ,ut
959 2216 974 2239 ‚
995 2178 1172 2243 possessa
1193 2179 1422 2244 Bithynia,
1440 2179 1521 2226 fibi

239 2252 372 2298 etiam
407 2251 751 2314 Hellespontum
780 2253 1017 2318 jungeret,
1049 2253 1243 2301 validam
1273 2254 1522 2302 destinave-

239 2336 308 2370 rat
336 2341 529 2371 manum.
564 2326 860 2384 Morabantur
890 2339 1034 2373 autem
1062 2326 1263 2373 effestum
1286 2326 1451 2391 sagittis
1471 2327 1523 2373 &

241 2399 474 2464 glandibus
497 2401 740 2467 ceterisque
758 2401 914 2477 jaculis
934 2401 1230 2451 obsidentium
1263 2401 1375 2466 saepe
1396 2401 1522 2465 globi
