1626 2917
230 163 312 210 188
414 160 760 210 AMMIAN1
811 157 1307 205 MARCELLINI

220 268 349 316 misit.
382 269 677 316 Adolescente
706 269 823 316 enim
857 269 1095 317 acerbitate
1114 305 1128 328 ,
1151 270 1378 317 rationum
1415 267 1502 316 ini-

219 341 336 389 mica
354 343 564 387 reclarum
583 376 596 398 ‚
616 353 719 387 trux
749 341 905 404 suopte
928 342 1111 405 ingenio
1132 343 1470 389 Valentinianus
1487 376 1502 400 ‚

220 414 318 477 post
338 412 529 474 ejusdem
546 414 781 461 Maximini
797 415 1042 463 adventum
1059 451 1073 474 ,
1093 432 1174 463 nec
1193 415 1378 463 meliora
1401 431 1501 462 mo-

219 498 353 532 nente
373 486 495 543 ullo,
522 503 606 532 nec
636 499 909 546 retentante‚
933 505 1013 551 per
1031 487 1208 551 asperos
1234 489 1351 535 afilus
1375 487 1502 534 velut

218 557 325 605 aestu
360 560 558 623 quodam
585 558 803 607 fluctuum
831 560 1054 608 ferebatur
1085 563 1135 621 ὅ(
1168 562 1502 624 procellarum:

218 633 331 680 adeo
361 646 411 680 ut
435 632 661 681 irascentis
691 633 803 696 saepe
839 651 938 682 vox
973 637 1021 684 &
1046 635 1198 682 vultus
1229 637 1277 684 &
1313 634 1502 682 inceffus

217 719 462 754 mutaretur
485 707 535 754 ὅ(
561 706 708 755 color.
735 708 884 767 Quam
903 725 996 756 rem
1024 709 1186 756 indicia
1203 707 1323 757 varia
1343 707 1504 755 testan-

218 791 292 827 tur
317 782 365 827 &
392 790 538 837 certa,
562 778 762 842 equibus
784 795 925 842 pauca
951 779 1135 827 sufficiet
1159 779 1283 843 poni.
1313 779 1503 827 Adultus

218 852 399 916 quidam
429 868 485 898 ex
513 851 604 909 his,
638 868 753 915 quos
771 850 1123 917 ⁴paedagogianos
1153 852 1378 916 appellant
1398 887 1412 912 ‚
1449 851 1505 898 ad

219 925 547 973 observandam
579 925 851 973 venaticiam
893 927 1087 989 praedam
1128 927 1391 989 Spartanum
1429 941 1505 973 ca·

217 1014 321 1045 nem
361 998 554 1045 retinere
593 997 826 1061 dispositus
847 1034 861 1056 ‚
899 1011 1002 1045 ante
1034 999 1293 1062 praedictum
1330 1010 1504 1060 tempus

219 1072 416 1119 absolvit
431 1109 444 1130 ‚
467 1073 625 1119 assultu
650 1071 744 1133 ejus
767 1073 958 1120 evadere
978 1074 1187 1121 conantis
1213 1073 1432 1136 appetitus
1453 1073 1504 1120 δε

219 1145 370 1193 morsu
389 1163 400 1192 ε
424 1145 617 1208 ideoque
643 1159 822 1191 necatus
843 1145 897 1191 ad
917 1146 1105 1192 exitium
1125 1145 1334 1202 fustibus,
1349 1145 1503 1191 eadem

220 1218 427 1264 humatus
449 1216 510 1264 est
536 1216 621 1262 die.
653 1215 941 1278 Praepositum
974 1216 1152 1264 fabricae
1172 1218 1326 1263 oblato
1348 1217 1504 1263 thora-

221 1308 273 1338 ce
306 1291 454 1353 polito
482 1288 744 1346 faberrime,
769 1289 1093 1352 praemiumque
1113 1290 1215 1336 ideo
1246 1289 1503 1353 exspectan·

221 1377 310 1410 tem
332 1397 346 1420 ‚
377 1378 428 1408 ea
457 1378 503 1408 re
534 1360 746 1423 praecepit
775 1360 954 1419 occidi,
985 1361 1110 1424 quod
1151 1363 1329 1424 pondus
1366 1362 1501 1425 paulo

221 1435 368 1484 minus
402 1434 564 1482 habuit·
592 1433 757 1497 species
794 1433 960 1489 ferrea,
991 1451 1124 1498 quam
1158 1435 1233 1482 ille
1270 1435 1501 1483 formarat.

221 1508 440 1570 Epiroten
462 1506 655 1570 aliquem
682 1504 792 1552 ritus
818 1505 1058 1554 Christiani
1076 1506 1388 1571 presbyterum
1400 1539 1505 1554 .....

221 1593 312 1629 tam
341 1580 643 1627 octavianum
676 1595 733 1625 ex
757 1579 1281 1641 proconsule............
1311 1579 1502 1626 offensa·

220 1670 321 1700 rum
354 1652 533 1698 aussore
571 1651 676 1700 licet
709 1652 878 1698 tardius
908 1652 964 1698 ad
1000 1652 1073 1699 sua
1101 1653 1245 1699 redire
1280 1652 1502 1715 permisso.

223 1724 570 1773 Constantianus
599 1725 757 1774 strator
782 1742 950 1789 paucos
971 1725 1180 1774 militares
1198 1742 1337 1789 equos
1356 1741 1412 1771 ex
1434 1725 1503 1772 his

222 1799 351 1848 ausus
375 1814 546 1847 mutare
560 1836 574 1859 ‚
599 1800 654 1847 ad
675 1817 791 1863 quos
808 1800 1069 1864 probandos
1091 1801 1240 1848 miffus
1258 1800 1320 1848 est
1340 1800 1387 1846 in
1407 1801 1503 1846 Sar-

223 1872 390 1919 diniam
408 1909 422 1931 ‚
441 1873 598 1920 eodem
620 1870 804 1934 jubente
822 1872 1018 1935 lapidum
1037 1872 1194 1920 iffibus
1213 1873 1388 1936 oppetit
1405 1890 1501 1921 cre-

224 1945 330 1993 bris.
355 1945 616 1992 Athanasius
649 1944 912 1993 favorabilis
944 1957 1053 1993 tunc
1082 1945 1230 2008 auriga
1251 1981 1265 2004 ‚
1286 1944 1503 2008 suspectus

225 2018 268 2065 ei
300 2017 710 2082 vulgari‘levitate,
730 2030 780 2065 ut
812 2019 946 2066 vivus
976 2018 1155 2065 incendi
1187 2018 1443 2079 juberetur,
1469 2018 1502 2064 fi

225 2091 334 2155 quid
359 2092 558 2139 tentasset
578 2091 836 2153 hujusmodi
857 2110 868 2139 ε
892 2097 1074 2155 [quem]
1101 2109 1194 2138 non
1218 2092 1360 2138 multo
1382 2091 1504 2155 post·
1561 2113 1567 2121 ·

226 2182 278 2213 ea
313 2164 547 2212 veneficiis
587 2168 716 2212 usum
752 2165 1009 2224 ferebatur,
1042 2166 1165 2213 nulla
1193 2166 1334 2212 delata
1363 2164 1503 2212 volu-

214 2248 397 2300 ptatum
417 2236 576 2284 artifici
600 2237 732 2284 venia
746 2273 760 2296 ‚
779 2237 955 2301 ignibus
973 2236 1142 2283 aboleri
1165 2249 1410 2299 praeceptus
1428 2235 1502 2282 est.

228 2308 463 2356 Africanus
492 2311 718 2356 causarum
738 2309 784 2356 in
807 2310 915 2356 urbe
937 2308 1140 2356 defensor
1167 2309 1358 2357 affiduus
1373 2343 1385 2364 ,
1403 2306 1504 2371 post

227 2382 568 2429 administratam
595 2374 877 2446 provinciam
902 2383 955 2430 ad
980 2381 1214 2445 regendam
1236 2381 1366 2428 aliam
1393 2379 1504 2442 aspi-

229 2456 348 2504 ravit
366 2474 377 2504 :
399 2455 522 2518 cujus
543 2456 816 2521 suffragatori
835 2455 1043 2520 magistro
1062 2455 1263 2520 equitum
1281 2453 1501 2502 Theodo-
