1626 2917
161 183 275 266 “308
376 197 730 248 AMMIANI
765 197 1271 244 MARct-:Lttm

178 305 274 367 ejus
292 306 337 352 in
357 305 433 350 tali
456 303 639 366 negotio
658 339 671 359 ,
695 302 800 349 licet
816 302 899 349 smt
912 303 995 350 alia
1019 304 1211 367 plurima
1225 342 1239 363 ‚
1262 305 1306 351 id
1324 323 1463 353 unum

179 378 368 427 sufficiet
386 377 510 440 poni.
529 376 764 422 Inimicum
781 376 962 439 quidam
980 377 1104 424 suum
1120 414 1134 435 ‚
1151 395 1252 425 cum
1266 396 1360 441 quo
1380 380 1465 425 dis-

178 452 392 500 cordabat
428 449 692 511 asperrime,
716 448 978 496 commififl'e
1007 450 1054 509 in
1083 448 1345 510 majestatem
1367 465 1465 498 tur-

179 522 405 571 bulentius
436 520 690 587 deserebat:
738 525 1100 585 imperatoreque
1134 523 1428 571 dissimulante
1450 560 1464 581 ,

178 597 333 644 eadem
357 594 515 642 diebus
553 594 782 641 continuis
809 595 1032 656 replicans
1049 631 1061 652 ,
1093 595 1389 658 interrogatus
1409 597 1464 642 ad

176 671 385 718 ultimum
400 704 414 724 ‚
434 669 512 732 qui
535 668 661 727 effer,
683 685 816 732 quem
837 682 1046 732 argueret
1061 706 1073 725 ,
1089 668 1344 731 respondit,
1362 688 1463 716 mu-

177 743 372 806 nicipem
412 741 701 804 locupletem.
741 742 853 800 Quo
888 739 1041 787 audito
1064 776 1078 799 ,
1110 741 1318 804 princeps
1342 743 1464 788 reni-

178 816 310 873 dens,
332 817 479 876 quibus
500 815 675 859 indiciis
693 847 705 867 ‚
726 811 786 858 ait
803 848 817 870 ,
847 816 908 858 ad
925 816 999 859 lzoc
1014 816 1229 881 pervenzsti
1248 817 1272 858 .>
1291 815 1344 860 Et
1365 814 1465 872 ille,

168 905 419 952 purpureum
444 885 558 950 fibi,
589 883 766 947 inquit,
793 887 1080 931 indumentum
1107 905 1160 931 ex
1171 887 1306 947 serico
1325 891 1463 947 pallio

168 975 313 1023 parat.
332 957 561 1020 Juffusque
581 956 679 1020 post
704 957 800 1002 haec
824 969 872 1002 ut
895 957 1025 1015 vilis,
1049 958 1198 1005 ardua:
1230 958 1294 1005 rei
1328 958 1464 1005 vilem

177 1030 383 1078 incusans
400 1065 415 1086 ,
433 1029 554 1075 abire
572 1027 733 1074 tacitus
754 1028 802 1075 δι
821 1027 1036 1076 innoxius
1052 1065 1065 1088 ,
1082 1029 1378 1078 nihilominus
1397 1031 1465 1077 in-

175 1105 332 1153 stabat.
355 1105 467 1163 Quo
490 1102 626 1148 taedio
650 1101 850 1148 Julianus
873 1102 1135 1166 defatigatus
1151 1139 1164 1162 ‚
1185 1103 1239 1150 ad
1261 1104 1464 1167 largitio-

174 1194 286 1224 num
310 1175 524 1224 comitem
548 1173 694 1220 visum
712 1174 899 1236 propius
919 1210 932 1232 ‚
955 1177 1080 1231 Iube,
1100 1175 1248 1240 inquit
1263 1212 1275 1234 ,
1293 1181 1462 1238 pericu-

175 1253 266 1313 loso
283 1252 475 1313 garritori
495 1251 645 1309 pedum
667 1251 846 1310 tegmina
863 1251 957 1295 dari
969 1269 1176 1311 purpurea
1190 1285 1205 1308 ‚
1236 1253 1295 1295 ad
1311 1254 1461 1297 adver-

161 1326 332 1387 sarium
345 1323 586 1384 perferenda
597 1338 612 1366 .·
625 1340 758 1381 quem,
772 1338 818 1367 ut
835 1325 962 1369 datur
978 1325 1154 1383 intelligi
1167 1357 1181 1378 ‚
1198 1325 1459 1384 chlamydem

172 1399 300 1454 hujus
318 1400 465 1443 coloris
482 1411 679 1441 memorat
684 1395 774 1458 fibi
794 1395 1122 1459 consarcinaff'e;
1141 1397 1297 1456 utscin‘
1308 1396 1429 1459 poſjt‘t
1445 1433 1461 1454 ‚

159 1471 260 1537 fine
277 1471 435 1515 viribus
468 1469 669 1512 maximis
687 1469 788 1527 quid
798 1468 986 1526 pannuli
1003 1469 1223 1527 proficiant
1239 1471 1357 1515 leves.
1376 1469 1461 1515 Sed

173 1557 224 1591 ut
255 1544 350 1589 haec
366 1540 588 1588 laudanda
617 1541 666 1587 ὅ(
697 1539 830 1588 bonis
863 1540 1225 1587 moderatoribus
1243 1542 1460 1589 aemulan-

174 1615 255 1662 da:
283 1615 344 1661 ita
373 1613 485 1661 illud
519 1629 719 1659 amarum
753 1614 802 1660 &
829 1613 1029 1659 notabile
1051 1611 1137 1659 fuit
1155 1648 1168 1671 ‚
1197 1614 1322 1676 quod
1343 1632 1458 1678 aegre

175 1687 255 1734 sub
282 1702 338 1733 eo
357 1703 382 1732 a
412 1684 650 1732 curialibus
667 1683 898 1748 quisquam
916 1684 1162 1747 appetitus,
1184 1684 1289 1731 licet
1313 1685 1458 1747 privi-

175 1760 302 1824 legiis
319 1796 332 1817 ,
354 1762 402 1808 &
418 1758 741 1823 stipendiorum
762 1775 951 1805 numero
969 1795 982 1817 ,
1007 1761 1056 1806 &
1078 1758 1266 1822 originis
1282 1759 1458 1821 penitus

173 1832 330 1879 alienae
357 1830 631 1878 firmitudine
662 1830 986 1886 communitus,
1006 1829 1236 1877 obtinebat
1267 1831 1458 1893 aequiffi-

173 1922 299 1951 mum
321 1940 335 1961 ‚
365 1905 478 1951 adeo
508 1918 555 1951 ut
572 1905 775 1968 plerique
795 1903 937 1950 territi
960 1915 1293 1950 emercarentur
1310 1904 1457 1950 mole·

175 1978 276 2024 stias
302 1978 455 2040 pretiis
486 1977 782 2025 clandestinis.
813 1976 1050 2024 Itineribus
1087 1976 1235 2039 itaque
1271 1976 1457 2023 emenfis

173 2065 277 2096 cum
299 2049 351 2095 ad
370 2050 505 2113 Pylas
524 2048 732 2107 venisset,
753 2049 830 2112 qui
845 2050 972 2097 locus
991 2048 1281 2111 Cappadocas
1296 2047 1457 2095 discer-

175 2122 246 2168 nit
266 2123 315 2170 &
336 2123 501 2169 Cilicas
519 2157 532 2178 ,
559 2121 719 2168 osculo
746 2121 996 2185 susceptum
1022 2123 1238 2169 rectorem
1262 2122 1455 2185 provin-

173 2193 256 2241 ciae
279 2194 462 2240 nomine
497 2194 674 2240 Celsum
694 2228 707 2250 ,
739 2193 829 2256 jam
861 2194 963 2241 inde
990 2212 1013 2242 a
1039 2194 1188 2242 studiis
1219 2195 1456 2257 cognitum

173 2267 360 2324 Atticis,
386 2267 658 2331 ascitumque
686 2268 732 2313 in
762 2267 1006 2315 consessum
1044 2267 1241 2315 vehiculi
1263 2267 1453 2315 Tarsum

173 2340 321 2389 secum
356 2341 547 2388 induxit.
584 2345 644 2387 At
675 2340 782 2388 hinc
820 2340 974 2387 videre
1011 2357 1254 2402 properans
1285 2341 1453 2387 Antio-

174 2412 346 2471 chiam,
374 2414 575 2460 Orientis
600 2414 770 2476 apicem
802 2413 1038 2476 pulchrum
1056 2448 1069 2470 ‚
1087 2412 1187 2459 usus
1213 2413 1449 2461 itineribus

174 2484 317 2536 solitis
338 2486 495 2536 venit:
523 2486 711 2551 urbique
745 2485 1056 2552 propinquans
1088 2484 1133 2533 in
1165 2474 1352 2550 specieiit
1371 2486 1451 2534 ali-
