1626 2917
331 222 550 270 RERUM
584 220 925 268 GESTARUM
964 220 1067 265 LlB.
1104 219 1267 265 xvtu.
1359 219 1440 283 183

141 366 144 370 .
163 341 275 391 quas
302 327 505 374 duEtabat
523 361 538 383 ‚
567 344 591 374 a
610 326 770 374 Bebase
793 326 898 374 loco
920 325 1081 372 itinere
1103 324 1223 372 flexo
1244 324 1447 371 dextror-

163 399 261 456 sus,
283 409 333 445 ut
359 409 594 446 monuerat
616 399 871 445 Antoninus
886 434 899 455 ,
928 415 1006 460 per
1029 400 1208 444 Horren
1230 399 1278 445 ὅ(
1301 395 1447 459 MeJa-

165 471 305 519 carire
336 472 385 519 &
419 471 622 518 Charcha
645 507 659 529 ,
691 484 740 518 ut
778 470 1037 518 transiturus
1068 470 1274 517 Amidam‘
1294 506 1307 528 ,
1344 487 1447 517 cum

164 537 309 608 prope
332 544 505 591 castella
521 545 727 591 Romana
752 544 938 592 veniss'et
951 560 1176 607 ‚equorum
1196 561 1336 591 unum
1354 544 1447 589 Re-

165 634 269 664 man
290 654 304 675 ,
331 617 516 664 alterum
543 616 682 664 Busan
709 617 982 680 appellatur,
1015 616 1295 680 perfugarum
1333 616 1448 663 indi-

164 691 242 738 cio
271 689 459 747 didicit,
485 689 733 736 multorum
768 705 878 752 opes
905 689 1010 736 illuc
1042 689 1270 736 translatas
1300 688 1448 734 serva·
1515 689 1516 692 ’

165 763 228 822 ii,
258 776 307 810 ut
335 764 379 810 in
406 763 692 810 munimentis
721 763 935 825 praecelsis
976 765 1024 810 &
1063 761 1192 808 fidis:
1223 761 1446 808 additum-

160 851 255 898 ‘que
289 833 377 892 est,
412 834 473 880 ibi
504 852 604 881 cum
645 834 898 896 supellefflli
935 831 1127 895 pretiosa
1165 832 1355 879 inveniri
1385 832 1446 878 fe-

167 904 330 950 minam
350 906 583 966 pulchram
609 918 708 948 cum
728 905 817 950 filia
839 904 1025 966 parvula
1048 938 1062 958 ‚
1089 903 1316 964 Craugasii
1334 901 1446 947 Nifi-

169 974 273 1021 beni
294 972 514 1034 cujusdam
536 989 746 1029 uxorem,
766 973 812 1019 in
839 973 1098 1035 municipali
1128 973 1287 1019 ordine
1314 988 1448 1035 gene-

170 1062 218 1092 re
235 1082 249 1103 ,
276 1045 418 1102 fama,
449 1043 739 1106 potentiaque
767 1044 1084 1106 circumspeffi.
1119 1043 1343 1090 Aviditate
1364 1043 1447 1089 ita-

170 1135 258 1182 que
283 1116 484 1180 rapiendi
508 1117 649 1164 aliena
677 1116 916 1174 festinans,
945 1116 1054 1179 petit
1086 1116 1257 1178 impetu
1293 1114 1449 1161 fidenti

171 1192 376 1240 castella:
409 1192 526 1239 unde
555 1191 695 1238 subita
727 1191 863 1238 animi
899 1191 1276 1250 consternatione¹
1297 1188 1449 1235 defen-

171 1265 291 1313 sores
306 1300 320 1323 ‚
350 1281 580 1312 armorum
604 1265 817 1312 varietate
838 1262 1088 1326 praestriffi,
1113 1263 1156 1310 se
1180 1261 1450 1325 cunCtosque

172 1339 410 1400 prodidere
425 1374 439 1397 ‚
467 1339 545 1401 qui
566 1339 619 1385 ad
641 1337 837 1401 praesidia
857 1337 1190 1401 confugerunt,
1213 1339 1261 1384 &
1280 1335 1451 1399 digredi

172 1411 295 1474 juffi,
320 1410 553 1458 confestim
585 1411 733 1458 claves
761 1411 966 1456 obtulere
1001 1422 1227 1471 portarum
1249 1427 1259 1455 τ
1284 1407 1453 1470 patefa-

181 1481 345 1545 &isque
371 1483 586 1540 aditibus,
608 1482 824 1545 quidquid
845 1482 906 1527 ibi
926 1482 1184 1544 congestum
1204 1493 1318 1539 erat,
1338 1483 1453 1526 erui-

177 1568 278 1603 tur:
313 1557 361 1602 δε
386 1555 612 1618 ρτοάυᾶεε
642 1554 741 1600 sunt
762 1554 965 1600 attonitae
987 1566 1108 1600 metu
1137 1553 1343 1600 mulieres
1365 1589 1380 1610 ,
1404 1555 1454 1601 &

172 1626 369 1686 infantes
414 1627 627 1674 matribus
667 1625 914 1690 implicati,
947 1642 1102 1690 graves
1135 1642 1352 1672 aerumnas
1387 1624 1453 1672 in·

176 1712 246 1747 ter
285 1699 412 1746 initia
445 1698 680 1746 tenerioris
717 1698 856 1745 aetatis
886 1698 1065 1760 experti.
1098 1699 1305 1760 Cumque
1337 1714 1415 1743 rex
1438 1733 1454 1756 ‚

179 1774 493 1837 percontando
549 1772 774 1834 cujusnam
831 1773 1000 1834 conjux
1047 1771 1149 1819 esset
1172 1807 1186 1828 ,
1229 1769 1455 1834 Craugasii

177 1847 490 1911 comperisset,
525 1847 620 1893 vim
661 1846 708 1892 in
740 1845 783 1893 se
821 1857 1090 1892 metuentem
1119 1860 1261 1908 prope
1296 1842 1454 1889 venire

176 1921 374 1984 permisit
405 1920 671 1983 intrepidam
690 1956 703 1977 ,
725 1921 773 1967 &
795 1918 932 1966 visam
964 1931 1256 1981 opertamque
1292 1915 1455 1979 absque

178 1995 301 2042 labra
326 1994 416 2058 ipsa
444 2007 542 2041 atro
576 1993 801 2040 velamine
822 2028 835 2050 ‚
866 1991 1058 2039 certiore
1085 1990 1171 2053 jam
1205 1989 1278 2052 spe
1306 1988 1455 2035 mariti

179 2067 450 2129 recipiendi,
472 2068 519 2122 ,δι
542 2065 728 2129 pudoris
753 2064 964 2119 inviolati
982 2063 1200 2121 mansuri,
1218 2060 1456 2124 benignius

184 2138 488 2186 confirmavit.
533 2139 731 2185 Audiens
765 2136 912 2195 enim,
943 2136 1181 2199 conjugem
1211 2135 1327 2181 miro
1364 2133 1459 2195 ejus

184 2228 338 2259 amore
365 2212 573 2276 flagrare,
598 2212 689 2258 hoc
720 2211 906 2273 praemio
937 2210 1193 2256 Nisibenam
1223 2207 1264 2254 se
1301 2206 1459 2269 prodi-

186 2285 357 2333 tionem
386 2285 573 2333 mercari
605 2283 727 2346 poffe
754 2283 1057 2330 arbitrabatur.
1081 2284 1291 2329 Inventas
1310 2293 1460 2326 tamen

187 2356 291 2403 alias
322 2374 501 2421 quoque
530 2356 726 2419 virgines
745 2355 1000 2402 Christiano
1019 2355 1105 2400 ritu
1128 2352 1268 2401 cultui
1300 2351 1463 2398 divino

190 2426 397 2486 sacratas,
419 2428 633 2476 custodiri
662 2428 842 2474 inradias
859 2464 872 2486 ,
894 2429 943 2475 &
961 2426 1171 2490 reiigioni
1204 2424 1369 2471 servire
1389 2421 1463 2468 so-

190 2499 273 2547 lito
308 2517 433 2549 more
458 2537 473 2562 ,
508 2500 635 2548 nullo
673 2512 854 2550 vetante
896 2499 1140 2564 praecepit:
1174 2494 1466 2543 lenitudinem

1075 2571 1122 2616 M
1157 2589 1185 2627 4
