1626 2917
299 102 516 197 RERUM
545 125 885 174 GESTARUM
917 126 1020 171 Lm.
1050 125 1224 172 XXXI.
1314 124 1402 188 285

125 233 297 297 legibus
328 233 424 283 lites
455 249 612 281 omnes
639 230 990 296 quaestionesque
1020 230 1303 278 committere
1334 229 1407 276 vi-

125 307 222 353 deri
255 307 295 356 se
329 309 494 365 vellet,
528 306 839 369 destinatisque
874 305 997 352 velut
1030 305 1151 351 lec'tis
1178 303 1403 366 judicibus

124 380 305 443 negotia
335 380 563 443 spectanda
589 380 849 439 mandabat,
875 378 987 426 nihil
1017 378 1085 442 agi
1115 389 1275 424 contra
1301 377 1407 422 libi-

125 453 276 499 dinem
301 453 419 500 suam
449 453 695 516 patiebatur
717 471 727 500 :
750 451 990 515 injuriosus
1011 452 1116 498 alias
1147 453 1194 498 &
1226 450 1407 496 iracun-

125 526 232 583 dus,
253 528 301 574 δε
331 525 670 574 criminantibus
692 526 782 572 fine
812 525 1061 571 differentia
1090 523 1187 571 veri
1214 524 1286 569 vel
1314 521 1408 569 falfi

124 597 335 645 facillime
367 613 550 661 patens:
578 617 680 663 quae
708 599 926 644 vitiorum
958 598 1075 644 labes
1102 597 1234 643 etiam
1263 595 1309 641 in
1337 595 1407 642 his

123 671 311 733 pr'1vatis
332 671 693 736 quotidianisque
711 670 957 717 rationibus
977 669 1210 732 impendio
1229 668 1289 716 est
1307 668 1405 715 for-

123 745 346 793 midanda.
375 747 576 794 Ceffator
601 748 650 795 &
683 746 839 810 piger:
866 744 982 809 nigri
1011 743 1210 803 coloris,
1236 743 1406 806 pupula

125 819 250 865 oculi
272 820 399 865 unius
419 819 665 877 obstructa,
684 818 756 864 sed
778 819 834 864 ita
852 854 863 875 ‚
885 830 934 864 ut
964 833 1058 863 non
1079 815 1252 863 eminus
1273 833 1406 878 appa-

122 904 268 938 reret:
296 891 437 954 figura
467 891 581 937 bene
613 891 844 952 compa&a
869 890 1204 945 membrorum,
1234 886 1406 933 sta‘turae

122 979 206 1009 nec
231 979 455 1027 procerae,
483 979 564 1010 nec
593 962 770 1008 humilis
787 997 799 1018 ,
827 961 1031 1008 incurvis
1066 959 1297 1016 cruribus,
1324 976 1406 1005 ex-

121 1036 348 1099 stanteque
383 1035 669 1081 mediocriter
699 1047 871 1097 ventre.
908 1035 1016 1080 Haec
1050 1032 1181 1095 super
1216 1033 1405 1079 Valente

123 1108 278 1155 dixisse
307 1107 521 1166 sufficiet,
555 1125 655 1171 quae
686 1124 794 1154 vera
829 1106 912 1153 effe
939 1105 1119 1169 aequalis
1146 1105 1280 1151 nobis
1309 1121 1404 1151 me-

119 1181 265 1228 moria
305 1180 435 1243 plene
470 1180 662 1228 testatur.
701 1181 816 1228 lllud
858 1191 1004 1226 autem
1050 1178 1269 1241 praeteriri
1307 1195 1406 1225 non

117 1253 366 1305 con-venit,
396 1252 524 1315 quod
553 1269 653 1301 cum
680 1253 867 1299 oraculo
895 1251 1111 1313 tripodis,
1135 1266 1270 1314 quem
1300 1267 1404 1298 mo·

120 1326 230 1373 viffe
259 1326 500 1373 Patricium
529 1326 764 1373 docuimus
784 1329 831 1373 &
858 1326 1107 1383 Hilarium,
1132 1337 1219 1371 tres
1248 1325 1404 1373 versus

118 1399 225 1446 illos
255 1399 460 1446 fatidicos
502 1399 785 1461 comperisset
802 1435 816 1457 ,
848 1416 1041 1462 quorum
1077 1397 1275 1444 ultimus
1311 1398 1402 1455 est,

119 1481 172 1521 Ἐν
198 1479 368 1520 mxima-1
391 1479 589 1531 Μίμαντος
613 1492 712 1519 ecana
735 1480 947 1530 καιομένοις
972 1480 1068 1533 20293
1099 1471 1216 1530 hoc,
1234 1484 1282 1518 ut
1308 1484 1403 1519 erat

118 1542 501 1591 inconsummatus
525 1544 574 1589 &
600 1542 720 1588 rudis
736 1579 750 1599 ,
772 1543 888 1588 inter
907 1542 1032 1589 initia
1052 1544 1400 1592 contemnebat:

116 1615 323 1678 process‘u
349 1631 460 1662 vero
496 1615 694 1666 luctuum
732 1615 1034 1662 maximorum
1069 1616 1237 1676 abjecte
1266 1617 1400 1665 etiam

117 1687 326 1745 timidus,
353 1685 546 1748 ejusdem
579 1687 709 1733 sortis
741 1687 1055 1734 recordatione
1082 1688 1195 1734 Afiae
1230 1706 1401 1736 nomen

115 1762 356 1809 horrebat:
375 1761 452 1807 ubi
468 1762 710 1825 Erythraeo
731 1761 904 1824 oppido
926 1761 1249 1824 superpositum
1268 1781 1400 1810 mon-

114 1825 206 1881 tem
241 1834 486 1892 Mimanta,
518 1835 568 1881 &
598 1835 846 1880 Homerum
875 1833 1083 1896 scripsisse
1112 1836 1162 1882 &
1195 1835 1399 1882 Tullium

115 1907 258 1954 doctis
288 1906 584 1953 referentibus
609 1906 830 1953 audiebat.
865 1907 1079 1970 Denique
1110 1906 1212 1970 post
1237 1908 1397 1954 interi-

115 1990 212 2025 tum
243 1978 336 2039 ejus
368 1978 685 2041 disceffumque
712 1977 942 2035 hostilem,
973 1996 1116 2042 prope
1135 1979 1287 2026 locum
1305 2015 1318 2037 ‚
1342 1979 1396 2042 in

116 2067 210 2114 quo
237 2051 439 2098 cecidiffe
474 2050 745 2098 existimatus
778 2050 868 2108 est,
893 2052 1103 2098 inventus
1136 2051 1299 2098 dicitur
1329 2049 1394 2096 sa-

115 2139 238 2172 xeus?
251 2123 534 2169 monumenti
556 2122 777 2186 suggestus
794 2159 806 2179 ‚
835 2123 908 2168 cui
930 2122 1041 2184 lapis
1067 2123 1228 2170 affixus
1252 2122 1395 2170 incisis

116 2194 254 2240 literis
276 2195 445 2242 Graecis
461 2231 475 2253 ‚
501 2195 719 2257 sepultum
746 2194 808 2240 ibi
835 2194 1036 2241 nobilem
1065 2196 1284 2260 quendam
1305 2196 1393 2241 Mi-

115 2278 266 2312 manta
298 2278 495 2314 veterem
529 2267 768 2314 indicabat.

181 2340 284 2386 XV.
325 2340 428 2387 Post
454 2341 679 2389 exitialem
707 2356 922 2404 pugnam,
955 2357 1055 2388 cum
1086 2338 1172 2401 jam
1200 2338 1394 2386 tenebris
