1626 2917
298 120 514 195 RERuM
550 119 893 167 GESTARUM
927 121 1035 167 ΜΒ.
1072 121 1249 170 XXXI.
1335 142 1425 188 257

139 224 372 288 dispersit,
404 216 615 273 urebatur
659 224 899 273 dimicandi
940 225 1086 272 studio
1128 227 1427 292 Thervingo-

138 315 236 345 rum
266 297 391 344 natio
415 298 594 346 omnis:
620 299 669 345 ὃς
694 297 811 344 inter
838 299 1078 346 metuenda
1114 299 1276 358 multa,
1304 301 1428 363 peri-

137 368 435 432 culorumque
455 370 626 432 praevia
654 369 955 416 maximorum
977 406 991 429 ‚
1012 371 1194 418 vexillis
1216 373 1269 418 de
1296 390 1426 421 more

136 439 342 500 sublatis,
369 442 616 506 auditisque
640 441 761 488 triste
800 442 1064 490 sonantibus
1098 444 1282 492 classicis
1300 482 1312 501 ‚
1335 446 1425 507 jam

138 523 298 559 turmae
326 514 607 576 praedatoriae
636 514 962 562 concursabant
978 552 993 574 ‚
1012 516 1197 578 pilando
1228 517 1355 565 villas
1377 520 1428 566 &

137 585 428 635 incendendo
447 624 460 647 ,
482 588 701 651 vastisque
727 587 957 652 cladibus,
985 589 1203 653 quidquid
1230 590 1428 640 inveniri

139 669 345 720 poterat,
367 659 698 722 permiscentes,
735 660 962 707 Adversus
989 678 1106 724 quos
1140 663 1389 725 Lupicinus
1411 701 1427 723 ,

138 734 463 795 properatione
489 734 775 781 tumultuaria
801 734 965 782 coactis
990 736 1234 794 militibus,
1261 750 1428 785 temere

138 805 280 868 magis
309 824 441 870 quam
472 806 676 854 consulte
706 808 988 870 progressus,
1020 809 1067 856 in
1095 827 1223 857 nono
1243 812 1298 858 ab
1320 814 1429 860 urbe

139 879 353 927 milliario
378 880 494 926 stetit
512 893 688 941 paratus
709 881 762 927 ad
784 882 1130 930 decernendum.
1154 884 1427 948 Barbarique

141 951 231 1000 hoc
261 951 573 1013 contemplato
598 987 612 1010 ,
647 952 811 1015 globos
834 953 1036 1016 irrupere
1060 956 1319 1003 nostrorum
1353 958 1429 1003 in-

140 1018 326 1082 cautos,
348 1020 398 1071 gg
426 1041 600 1086 parmas
621 1024 855 1086 suppositis
888 1027 1162 1086 corporibus
1181 1027 1428 1088 illidendo,

142 1096 313 1144 obvios
333 1095 464 1142 hastis
481 1095 772 1158 perforabant
798 1098 848 1144 δε
877 1096 1035 1160 gladiis
1058 1116 1068 1145 :
1088 1098 1336 1164 furoreque
1354 1120 1429 1150 ur-

141 1179 272 1232 gente
302 1179 521 1225 cruent0‚
544 1161 798 1225 &ftribuni
826 1169 877 1215 &
910 1168 1125 1232 pleraque
1158 1188 1257 1233 pars
1284 1190 1430 1221 arma-

139 1251 292 1286 torum
320 1239 491 1302 periere
522 1239 655 1302 signis
689 1239 880 1302 ereptis:
907 1257 1069 1302 praeter
1100 1242 1258 1290 ducem
1280 1245 1427 1294 infau-

139 1313 254 1358 stum
272 1348 285 1370 ,
312 1313 388 1376 qui
421 1312 476 1358 ad
499 1311 543 1357 id
572 1311 716 1356 solum
739 1311 981 1369 inventus,
1003 1326 1050 1359 ut
1079 1314 1429 1378 confligentibus

141 1384 238 1432 aliis
271 1384 525 1447 proriperet
553 1383 644 1445 ipse
675 1383 810 1429 semet
839 1384 887 1429 in
916 1382 1093 1447 fugam,
1119 1387 1273 1435 urbem
1299 1391 1428 1438 cursu

143 1454 332 1502 concito
358 1454 500 1517 petiit.
525 1453 626 1499 Post
649 1469 748 1516 quae
769 1452 918 1499 hostes
940 1455 1073 1501 armis
1094 1455 1238 1504 induti
1262 1460 1427 1508 Roma·

143 1528 244 1586 nis,
270 1528 399 1574 nullo
429 1539 610 1575 vetante
640 1544 719 1590 per
750 1527 873 1574 varia
900 1528 1215 1591 grassabantur.
1238 1533 1431 1597 thuo-

142 1600 262 1647 niam
300 1601 355 1647 ad
387 1601 464 1647 has
500 1612 643 1662 partes
680 1600 779 1662 post
817 1601 1088 1662 multiplices
1134 1618 1323 1652 ventum
1367 1607 1431 1656 est

143 1673 264 1720 actus
281 1707 295 1732 ,
321 1673 368 1718 id
395 1673 591 1719 lecturos
610 1708 623 1729 ,
651 1672 680 1718 fi
710 1672 787 1736 qui
819 1690 949 1719 erunt
978 1692 1173 1738 unquam
1193 1714 1208 1735 ,
1231 1680 1430 1727 obtesta-

142 1762 278 1804 mur,
304 1762 360 1792 ne
389 1745 490 1810 quis
526 1762 552 1792 a
580 1744 712 1792 nobis
743 1745 1001 1809 scrupulose
1023 1749 1139 1811 gesta
1168 1752 1243 1797 vel
1266 1771 1430 1800 nume-

143 1825 246 1864 rum
278 1816 426 1880 exigat
461 1829 766 1879 peremtorum
787 1853 801 1875 ‚
833 1818 911 1880 qui
946 1822 1268 1882 comprehendi
1301 1827 1431 1882 nullo

144 1894 306 1954 genere
346 1890 511 1953 potuit.
543 1890 741 1937 Sufficiet
777 1891 896 1937 enim
917 1927 931 1951 ,
962 1894 1153 1943 veritate
1186 1897 1312 1943 nullo
1350 1916 1429 1945 ve·

143 1965 232 2011 lata
261 1964 499 2012 mendacio
520 2001 534 2024 ,
560 1965 673 2028 ipsas
707 1983 857 2013 rerum
888 1967 1086 2030 digerere
1126 1971 1395 2018 summitates
1419 1992 1431 2020 :

146 2051 250 2082 cum
276 2036 555 2099 explicandae
584 2053 730 2083 rerum
761 2039 994 2085 memoriae
1022 2040 1189 2104 ubique
1221 2043 1434 2091 debeatur

115 2109 377 2174 *integritas
413 2109 514 2158 fida.
552 2112 732 2175 Negant
765 2112 1085 2175 antiquitatum
1119 2115 1262 2178 ignari
1298 2119 1432 2165 tantis

146 2186 371 2234 malorum
411 2188 607 2235 tenebris
642 2188 828 2235 offusam
867 2189 1111 2252 aliquando
1145 2191 1272 2240 fuisse
1309 2210 1432 2240 rem-

147 2260 371 2324 publicam
390 2280 401 2309 :
417 2262 487 2309 sed
508 2262 724 2309 falluntur
743 2263 965 2310 malorum
987 2266 1235 2312 recentium
1253 2266 1433 2328 stupore

147 2332 333 2382 confixi.
363 2335 570 2399 Namque
594 2335 622 2381 fi
656 2335 906 2398 superiores
936 2336 1010 2385 vel
1043 2354 1199 2385 recens
1234 2339 1432 2400 praeteri-

147 2418 205 2454 tae
231 2406 511 2454 evolvantur
539 2421 716 2466 aetates,
745 2408 853 2455 tales
891 2421 1069 2475 tamque
1097 2410 1241 2458 tristes
1277 2426 1429 2459 rerum

213 2483 432 2527 Ammian.
458 2481 694 2527 Marcellin.
729 2485 822 2528 Vol.
845 2484 907 2531 II.
1224 2482 1266 2528 R
