1626 2917
228 161 305 208 155'2
440 164 1284 211 AMMtANJMARCELLlNl

218 273 434 321 convivis
461 273 596 320 Siculi
623 272 841 337 Dionysii
868 273 1115 335 pavitantes
1137 293 1145 320 ε
1165 274 1238 337 qui
1267 290 1365 320 cum
1388 290 1496 335 epu-

217 346 271 391 lis
292 345 417 392 omni
451 345 721 393 tristioribus
753 345 868 392 fame
890 346 1214 409 saginarentur,
1241 363 1293 392 ex
1321 346 1498 392 summis

219 419 462 466 domorum
490 419 747 482 laqueariis,
766 419 811 465 in
833 419 993 482 quibus
1018 419 1378 477 discumbebant,
1402 417 1499 464 setis

219 509 363 539 nexos
380 492 558 557 equinis
577 494 626 540 &
644 493 868 556 occipitiis
888 494 1196 541 incumbentes
1212 492 1382 556 gladios
1403 508 1499 553 per-

218 567 480 614 horrebant.
512 568 643 614 Tunc
664 569 711 615 &
732 567 951 614 Bassianus
978 583 1218 629 procerum
1246 582 1404 629 genere
1425 582 1503 611 na-

219 653 318 698 tus,
345 640 545 686 notarius
576 640 769 687 militans
799 640 914 686 inter
938 640 1138 702 primos,
1168 640 1289 703 quasi
1321 655 1504 702 praeno-

220 713 336 759 scere
366 714 525 760 altiora
546 728 757 772 conatus,
782 714 883 762 licet
908 713 997 777 ipse
1025 715 1080 761 de
1108 714 1319 777 qualitate
1350 726 1503 775 partus

218 785 376 832 uxoris
409 786 675 833 consuluisse
705 785 926 845 firmaret,
953 786 1193 834 ambitioso
1221 784 1504 833 necessitudi-

222 877 329 905 num
353 859 502 907 studio
519 896 532 918 ‚
561 861 727 923 quibus
754 861 1013 924 tegebatur,
1040 877 1186 907 morte
1211 872 1410 923 ereptus,
1429 876 1506 922 pa-

222 933 446 980 trimonio
467 934 626 996 opimo
658 947 816 981 exutus
840 934 915 982 est.
942 938 1061 981 Inter
1093 934 1290 997 fragores
1316 945 1387 979 tot
1410 931 1506 979 rui-

222 1024 380 1054 narum
402 1008 681 1055 Heliodorus
710 1021 921 1055 tartareus
947 1008 1021 1054 ille
1051 1007 1271 1054 malorum
1299 1005 1505 1052 omnium

220 1098 323 1128 cum
343 1080 541 1127 Palladio
564 1080 824 1137 fabricator,
848 1079 1202 1136 mathematicus,
1224 1096 1272 1125 ut
1287 1090 1507 1125 memorat

224 1154 388 1216 vulgus
404 1190 416 1211 ‚
442 1152 686 1216 colloquiis
707 1170 761 1199 ex
789 1153 887 1199 aula
911 1152 1028 1215 regia
1051 1152 1400 1215 praepigneratus
1428 1149 1507 1196 ab·

224 1226 368 1274 strusis
385 1264 396 1281 ‚
418 1226 501 1285 jam
526 1226 733 1272 funebres
756 1228 937 1274 aculeos
967 1226 1240 1280 exsertabat,
1273 1223 1401 1271 omni
1422 1224 1510 1269 hu-

226 1299 449 1345 manitatis
471 1299 772 1344 invitamento
795 1300 849 1345 ad
872 1297 1118 1360 prodenda,
1141 1314 1241 1360 quae
1263 1295 1411 1352 sciret,
1434 1295 1509 1340 vel

228 1371 428 1435 fingeret,
451 1372 681 1420 taceffitus,
700 1373 815 1418 Nam
835 1373 883 1418 &
904 1370 1136 1418 sollicitius
1156 1370 1259 1416 cibo
1279 1369 1511 1415 mundissi—

228 1462 307 1493 mo
336 1445 601 1502 fovebatur,
625 1447 673 1491 ὅζ
692 1443 745 1490 ad
767 1443 1041 1506 largiendum
1065 1440 1295 1504 pellicibus
1319 1440 1513 1486 merebat

230 1535 289 1565 aes
321 1518 588 1565 collatitium
621 1534 784 1581 grave,
810 1518 859 1564 &
894 1515 1128 1563 incedebat
1162 1513 1311 1576 passim
1346 1529 1396 1559 ac
1428 1512 1513 1559 late

232 1608 286 1637 os
316 1589 636 1638 circumferens
659 1588 917 1636 vultuosum
937 1625 949 1645 ‚
972 1587 1270 1649 omnibusque
1298 1585 1514 1632 formida·

232 1676 387 1710 tustea
409 1661 568 1711 fiducia
592 1662 824 1717 sublatior‚
845 1662 971 1724 quod
988 1662 1042 1708 ad
1060 1661 1262 1723 lupanar,
1276 1675 1387 1719 quo,
1408 1659 1515 1705 sicut

234 1735 327 1798 ipse
351 1737 520 1790 voluit„
542 1736 725 1783 liberius
747 1736 1027 1793 servabatur,
1048 1731 1331 1781 cubiculariis
1352 1731 1516 1778 officiis

236 1810 526 1870 praepositus,
548 1810 706 1856 assidue
727 1809 957 1871 propalam
978 1807 1249 1863 ventitabat,
1270 1804 1416 1867 elogia
1438 1822 1517 1867 pa·

238 1882 375 1927 remis
408 1881 578 1943 publici
617 1881 856 1944 praeferens
893 1880 1041 1927 futura
1076 1877 1279 1942 pluribus
1311 1876 1518 1924 luetuosa.

240 1956 408 2016 Perque
428 1972 529 2001 eum
553 1966 600 2002 ut
626 1955 866 2002 forensium
887 1952 1112 2000 causarum
1133 1966 1372 2014 patronum
1388 1950 1522 2011 ‚quid

241 2028 288 2075 in
310 2028 464 2091 primis
493 2028 713 2076 orationis
736 2028 933 2091 partibus
961 2026 1232 2081 collocaret,
1253 2036 1303 2070 ut
1325 2023 1522 2087 profice-

241 2120 289 2150 re
323 2103 454 2165 poffit
475 2103 648 2151 facilius
671 2104 833 2149 Valens
848 2139 859 2156 ‚
883 2100 1102 2165 quibusve
1133 2099 1372 2162 figurarum
1394 2115 1522 2146 com-

243 2177 406 2225 mentis
436 2177 658 2238 splendida
684 2177 785 2223 loca
815 2188 1030 2222 attentare
1055 2174 1235 2230 debeat,
1263 2188 1520 2234 praemone-

246 2251 386 2296 batur.
415 2253 468 2296 Et
496 2250 710 2313 quoniam
729 2250 918 2312 longum
942 2249 1028 2305 est,
1053 2264 1154 2310 quae
1174 2244 1416 2293 cruciarius
1446 2242 1522 2289 ille

245 2323 494 2379 conflavi13
533 2325 624 2371 hoc
661 2341 801 2370 unum
840 2322 1094 2377 edisseram,
1127 2337 1260 2383 quam
1301 2317 1521 2382 praecipiti

248 2394 519 2441 confidentia
538 2395 791 2457 patriciatus
820 2392 1048 2440 columina
1075 2391 1165 2452 ipsa
1193 2389 1399 2452 pulsavit.
1428 2389 1523 2448 Qui

245 2485 303 2515 ex
326 2467 626 2525 clandestinis,
648 2481 694 2514 ut
724 2468 885 2514 dictum
908 2465 990 2523 est,
1015 2465 1236 2530 regiorum
1255 2461 1522 2512 confabula-
