1626 2917
243 203 516 252 ἈΜΜῘΑΝΙ
556 200 930 248 MARCELUNI
968 200 1070 246 ΠΕ.
1099 200 1230 246 XXI.
1308 216 1400 265 249

186 311 362 359 occidui,
387 323 461 349 una
483 321 570 348 cum
597 308 768 359 praesidio
791 308 830 345 in
852 307 968 346 fidem
995 306 1146 357 recipit3
1169 307 1312 346 Succos
1338 320 1403 344 oc-

185 381 322 424 cupat,
339 375 373 413 8:
390 373 437 411 ad
454 373 637 411 Senatum
654 371 779 409 scribit
795 379 924 409 contra
943 366 1219 408 Constantium.
1240 370 1291 406 X.
1308 368 1403 406 Duae

184 435 353 487 legiones
378 435 675 483 Constantianae,
701 447 781 484 quae
804 434 907 484 apud
930 431 1108 472 Sirmium
1127 431 1175 470 ad
1208 430 1405 479 Julianum

184 499 227 539 A.
252 497 495 545 transierant,
518 497 565 536 ab
593 510 637 536 eo
665 496 781 535 missae
804 495 844 534 in
869 494 1037 541 Gallias,
1055 491 1264 543 Aquilejam
1292 504 1408 530 occu-

185 573 280 612 pant
306 560 628 600 consentientibus
651 558 874 609 oppidanis,
905 568 950 596 ac
974 556 1112 604 juliani
1142 555 1254 595 militi
1281 563 1409 606 portas

184 620 383 673 claudunt.
406 622 478 659 XI.
506 620 679 670 Aquileia
704 619 834 658 favens
858 616 1066 657 Constantii
1092 618 1131 656 A.
1146 615 1315 666 partibus
1341 629 1410 666 op.

186 694 400 734 pugnatur:
428 696 509 733 quae
533 683 681 734 postea,
705 691 901 732 comperto
931 682 1012 728 ejus
1035 679 1166 727 obitu,
1195 679 1346 727 Juliano
1370 678 1410 718 se

189 746 352 785 dedidit.
373 747 463 787 XII.
486 748 606 797 Sapor
631 747 790 785 domurn
808 745 955 785 reducit
981 746 1132 795 copias,
1148 743 1411 784 inhibentibus

188 808 335 848 bellum
355 808 557 858 auspiciis:
592 808 833 847 Constantius
856 809 896 847 A.
926 809 964 846 in
991 807 1185 855 julianum
1209 820 1312 846 arma
1333 819 1416 844 rno-

191 878 321 916 turus‚
339 869 537 918 Hierapoli
557 869 697 908 milites
714 867 935 918 alloquitur.
955 870 1064 907 XIII.
1090 868 1266 919 Praesagia
1280 869 1418 907 mortis

192 929 402 969 Constantii
424 932 465 969 A.
484 932 591 969 XIV.
612 931 781 970 Moritur
805 931 1044 970 Constantins
1069 932 1112 969 A.
1131 932 1234 981 apud
1259 930 1415 980 Mopsu-

192 1004 324 1032 crenas
351 991 502 1032 Ciliciae.
525 995 611 1032 XV.
629 992 838 1033 Constantii
856 994 897 1032 A.
913 993 1071 1032 virtutes
1093 995 1128 1032 ὁὶ
1145 993 1246 1033 vitia.
1271 993 1376 1033 XVI.

142 1185 174 1230 I.
208 1118 570 1233 INTERCLUSO
597 1182 680 1230 hac
709 1181 932 1230 bellorum
955 1182 1124 1231 difficili
1149 1183 1265 1230 sorte
1286 1186 1420 1231 Con-¹

141 1255 307 1303 stantio
324 1270 443 1302 trans
458 1256 622 1306 flumen
641 1256 1136 1319 Euphratem‚Julianus
1153 1274 1283 1321 agens
1300 1257 1419 1320 apud

142 1327 388 1386 Viennam,
409 1327 655 1375 formandis
682 1328 727 1374 in
746 1328 893 1376 futura
916 1329 1110 1377 consiliis
1138 1331 1228 1376 dies
1248 1330 1420 1393 impen-

143 1400 276 1448 debat
294 1403 344 1449 &
375 1403 554 1458 nofi‘oes,
582 1415 797 1466 quantum
832 1420 942 1466 opes
964 1404 1245 1466 patiebantur
1275 1422 1418 1467 angu-

145 1472 244 1529 stae,
283 1473 411 1520 altius
443 1473 578 1520 semet
614 1476 836 1522 attolens:
870 1476 1125 1539 semperque
1163 1478 1420 1541 ambigens,

146 1559 294 1591 utrum
310 1546 623 1594 Constantium
644 1548 787 1595 modis
804 1549 1012 1595 omnibus
1034 1549 1229 1595 alliceret
1246 1549 1291 1594 in
1308 1566 1423 1596 con·-

147 1618 378 1676 cordiam‚
414 1636 468 1666 an
509 1620 692 1667 terroris
730 1620 975 1669 incutiendi
1018 1622 1155 1686 gratia
1197 1622 1423 1670 lacesseret

148 1690 287 1753 prior.
316 1692 432 1750 Quae
455 1691 644 1739 sollicite
669 1691 875 1755 reputans
892 1730 905 1752 ,
938 1706 1174 1758 utrumque
1206 1683 1423 1741 sormida-

149 1763 253 1833 bat;‚
274 1765 323 1812 &
345 1765 535 1812 amicum
560 1780 789 1813 cruentum
806 1804 818 1826 ‚
839 1770 887 1815 &
914 1767 959 1813 in
981 1769 1188 1814 aerumnis
1211 1767 1423 1816 civilibus

150 1836 264 1900 saepe
285 1838 504 1886 victorem
525 1857 535 1886 ε
557 1840 838 1904 maximeque
858 1841 978 1888 Galli
1002 1841 1148 1888 fratris
1168 1841 1424 1904 exemplum

147 1923 343 1958 mentem
387 1911 483 1974 ejus
526 1914 703 1958 anxiam
748 1913 1065 1976 suspendebat,
1098 1930 1232 1977 quem
1268 1913 1427 1960 inertia

149 1985 392 2049 mixtaeque
425 1985 628 2049 perjuriis
653 1987 828 2035 fraudes
863 1987 1099 2050 prodidere
1123 1989 1425 2051 quorundam.·

150 2059 359 2123 Erigebat
402 2073 548 2108 tamen
581 2061 821 2125 aliquoties
860 2061 1057 2108 animum
1095 2062 1150 2108 ad
1195 2063 1333 2110 multa
1374 2067 1426 2113 &

150 2132 382 2194 urgentia,
420 2134 681 2180 tutiffimum
719 2148 834 2181 ratus
871 2133 1102 2180 inimicum
1139 2133 1180 2180 se
1218 2151 1274 2181 ex
1307 2152 1426 2182 con-

146 2203 262 2251 feffo
294 2206 536 2254 monstrare
558 2207 627 2266 ei,
653 2207 778 2269 cujus
799 2224 854 2254 ex
883 2207 1116 2270 praeteritis
1141 2220 1289 2255 motus
1309 2226 1426 2256 con-

154 2277 338 2339 jediabat
365 2294 414 2328 ut
438 2283 631 2344 prudens
648 2318 661 2341 ‚
687 2299 742 2329 ne
768 2299 846 2345 per
875 2281 1090 2329 amicitias
1117 2280 1236 2331 ἦᾶειε
1258 2281 1426 2330 insidiis

154 2350 380 2399 falleretur
417 2355 624 2403 occultis.
665 2355 799 2402 Parvi
827 2354 964 2419 igitur
998 2355 1185 2414 habitis,
1215 2372 1313 2418 quae
1346 2372 1427 2417 per

154 2426 351 2472 Leonam
380 2427 669 2476 Constantius
695 2428 949 2491 scripserat,
983 2428 1201 2491 nulloque
1238 2428 1424 2474 arbitrio

153 2495 250 2561 ejus
263 2512 576 2563 promotorum
598 2500 799 2566 suscepto
816 2515 974 2564 praeter
988 2501 1270 2561 Nebridium,
1290 2499 1425 2565 quim
