1626 2917
256 108 318 156 94
449 91 795 138 AMMIANI
850 91 1337 138 MARCELLINl

255 199 331 247 bat
349 236 363 255 ‚
397 210 445 244 ut
467 197 508 244 se
535 215 586 244 ac
607 197 637 244 si
664 210 890 260 parentem
910 198 1045 262 magis
1063 199 1352 262 sequerentur
1369 197 1531 246 felicis-

255 271 374 317 fimis
397 270 599 317 duciibus
633 270 864 333 cognitum
882 307 896 328 ,
920 287 1051 333 quam
1085 270 1324 336 profligato
1354 287 1528 318 morem

254 356 457 408 gererent
478 342 721 399 nebuloni,
741 343 1016 390 destituendo
1042 341 1127 403 jam
1147 344 1196 391 &
1220 343 1390 390 casuro.
1412 343 1529 403 Qui·

255 416 339 462 bus
359 415 551 477 cognitis
568 414 870 472 Gomoarius,
891 431 1012 472 cum,
1030 413 1155 461 elusis
1173 414 1390 472 hostibus,
1410 415 1529 460 unde

256 500 459 542 venerat,
478 485 619 532 redire
643 486 783 548 posset
799 485 1018 532 innoxius
1031 522 1045 544 ‚
1059 486 1111 531 ad
1131 485 1269 533 castra
1284 488 1532 550 Imperato-

254 559 315 607 ris
345 559 683 621 opportunitate
714 558 937 605 intervalli
960 558 1189 621 proximi,
1211 559 1380 622 captivi
1401 559 1531 606 colo·

256 648 302 678 re
323 631 525 678 transivit
542 667 557 690 ,
576 631 701 677 velut
722 629 904 677 accursu
935 630 1236 678 multitudinis
1256 631 1361 678 visae
1382 631 1533 678 subito

255 702 592 765 circumseptus.
624 703 725 763 Qua
757 701 970 751 succeffus
1005 703 1227 751 alacritate
1257 704 1422 751 Valens
1454 721 1529 751 ca-

254 777 340 825 stra
378 778 616 840 promovit
648 777 702 822 ad
732 776 1012 842 Phrygiam:
1043 779 1093 825 &
1120 794 1261 840 prope
1294 778 1531 830 Nacoliam

257 851 436 899 collatis
467 850 676 897 manibus
696 885 710 906 ‚
745 850 938 912 partium
971 850 1063 897 dux
1094 849 1141 897 in
1174 849 1359 914 ancipiti
1400 851 1534 915 Agilo

256 941 349 972 rem
381 922 568 971 excursu
601 922 800 985 prodidit
839 923 1078 985 repentino
1112 941 1124 971 :
1159 940 1348 987 eumque
1396 923 1534 972 secuti

255 997 513 1059 complures
539 995 625 1055 jam
659 995 748 1056 pila
779 995 1026 1058 quatientes
1059 997 1108 1043 &
1140 996 1338 1059 gladios,
1360 997 1415 1044 ad
1447 999 1534 1044 lm-

255 1085 509 1135 peratorem
529 1068 755 1115 transeunt
778 1084 878 1114 cum
901 1067 1079 1115 vexillis
1096 1066 1218 1114 scuta
1235 1068 1440 1130 perversa
1459 1085 1536 1133 ge·

258 1147 420 1192 stantes
438 1180 451 1203 ,
470 1143 597 1208 quod
625 1141 889 1189 defeElionis
916 1142 1084 1206 iignum
1115 1139 1176 1187 est
1204 1141 1533 1205 apertiffimum.

255 1219 361 1266 Hoc
389 1229 550 1281 praeter
573 1215 693 1277 spem
717 1214 924 1262 omnium
955 1215 1056 1261 viso
1075 1248 1088 1270 ,
1110 1215 1360 1278 Procopius
1388 1216 1536 1264 salutis

257 1289 500 1338 intercluso
530 1288 738 1352 suffragio
771 1288 922 1335 versus
953 1287 998 1333 in
1025 1287 1158 1350 pedes
1177 1324 1191 1347 ,
1223 1289 1537 1351 circumjeEto-

257 1382 355 1412 rum
387 1378 624 1409 nemorum
654 1360 818 1408 secreta
851 1362 900 1408 &
925 1360 1148 1407 montium
1182 1362 1397 1424 petebat:
1428 1364 1536 1410 Flo-

257 1438 405 1486 rentio
443 1436 651 1499 sequente
688 1437 737 1483 &
767 1434 1012 1482 Barchalba
1041 1433 1225 1482 tribuno
1245 1471 1261 1495 ‚
1290 1452 1421 1500 quem
1458 1454 1537 1500 per

259 1510 491 1559 saeviffima
519 1508 634 1555 bella
667 1508 753 1567 jam
779 1507 883 1555 inde
911 1526 934 1556 a
969 1507 1223 1556 Constantii
1256 1509 1535 1573 temporibus

259 1599 418 1635 notum
437 1620 452 1643 ‚
480 1583 707 1632 neceffitas
735 1583 782 1630 in
810 1583 978 1631 crimen
1011 1596 1224 1642 traxerat,
1254 1601 1347 1632 non
1371 1585 1537 1633 volun·

257 1672 337 1707 tas.
379 1658 555 1718 Maiore
582 1655 729 1720 itaque
758 1655 899 1703 noilis
929 1667 1054 1718 parte
1088 1655 1316 1704 consumta
1335 1691 1350 1714 ,
1380 1674 1479 1704 cum
1511 1675 1536 1705 a

260 1730 516 1794 vespertino
543 1741 648 1776 ortu
669 1729 774 1776 luna
795 1727 1041 1790 praelucens
1063 1727 1108 1774 in
1129 1728 1243 1775 diem
1270 1741 1434 1776 metum
1458 1747 1538 1776 au-

259 1816 402 1870 geret,
425 1801 623 1866 undique
644 1801 850 1848 facultate
882 1801 1103 1848 evadendi
1131 1813 1300 1848 exemta
1324 1802 1539 1850 confilio-

261 1895 360 1924 rum
396 1876 530 1939 inops
562 1875 844 1937 Procopius,
873 1885 923 1920 ut
958 1874 1003 1920 in
1034 1874 1179 1921 arduis
1211 1875 1536 1924 necessitatibus

261 1950 372 1996 solet
396 1985 409 2006 ,
433 1965 535 1995 cum
563 1946 746 1993 fortuna
767 1945 1073 2008 expostulabat
1099 1945 1294 1992 ludluosa
1314 1947 1363 1994 &
1381 1948 1537 2011 gravi,

262 2021 515 2084 mersusque
537 2018 891 2067 multiformibus
922 2019 1039 2067 curis
1052 2054 1065 2076 ,
1085 2018 1233 2065 subito
1249 2036 1273 2066 a
1292 2021 1536 2068 comitibus

265 2095 353 2143 suis
373 2094 531 2141 arfflus
550 2094 727 2140 vinCtus
740 2130 755 2152 ‚
776 2093 917 2140 relato
935 2092 1019 2154 jam
1039 2092 1109 2139 die
1130 2092 1284 2140 duffiis
1302 2094 1357 2140 ad
1371 2093 1504 2141 castra
1520 2129 1536 2154 ,

264 2167 526 2229 Imperatori
551 2166 738 2213 offertur
767 2165 956 2213 reticens
983 2177 1117 2228 atque
1145 2163 1342 2212 defixus:
1371 2166 1538 2213 statim-

266 2256 353 2302 que
397 2238 573 2286 absciss'a
610 2238 824 2297 cervice,
852 2237 1167 2286 discordiarum
1211 2238 1412 2285 civilium
1452 2239 1538 2302 gli-

266 2311 434 2359 scentes
463 2311 662 2358 turbines
687 2311 890 2375 sepelivit
919 2313 967 2359 &
989 2311 1101 2358 bella
1118 2345 1132 2367 ‚
1151 2312 1205 2357 ad
1239 2313 1403 2360 veteris
1435 2313 1538 2361 Per-.

268 2403 427 2449 pennae
445 2386 697 2450 exemplum
720 2402 731 2432 :
752 2385 830 2451 qui
858 2386 956 2450 post
975 2385 1222 2434 Sertorium
1248 2385 1364 2435 inter
1385 2386 1534 2451 epulas
