1626 2917
189 187 281 233 ³28
398 186 735 233 ΑΜΜῙΑΝΙ
781 186 1257 236 MARCELLINI

184 308 358 339 marum
398 303 544 337 autem
579 290 835 337 innumeras
875 305 1003 337 notas
1034 327 1048 349 ‚
1096 275 1463 356 hieroglyphicas

184 367 451 429 appellatas,
484 381 592 426 quas
611 364 651 409 ei
670 364 870 427 undique
891 365 1092 412 videmus
1114 365 1295 422 incisas,
1316 367 1462 413 initia·

183 437 239 486 lis
274 437 498 500 sapientiae
533 451 662 484 vetus
685 437 914 500 insignivit
940 440 1189 487 auctoritas.
1209 440 1463 487 Volucrum

181 511 305 557 enim
319 509 598 572 ferarumque
612 546 624 567 ‚
639 509 770 556 etiam
791 511 921 559 alieni
940 512 1094 558 mundi
1112 547 1125 569 ,
1146 530 1305 577 genera
1322 515 1462 560 multa

182 583 436 646 sculpentes
459 619 472 640 ,
503 583 556 628 ad
590 583 676 629 aevi
700 599 886 647 quoque
908 584 1126 647 sequentis
1150 598 1299 633 aetates
1318 599 1366 633 ut
1386 603 1462 646 pa-

181 670 403 715 tratorum
436 655 663 719 vulgatius
695 656 950 718 perveniret
983 658 1198 704 memoria
1218 693 1231 715 ‚
1251 656 1463 720 promissa

180 731 259 777 vel
287 730 430 776 soluta
457 746 609 793 regum
634 742 743 775 vota
762 729 1082 777 monstrabant.
1109 747 1201 776 non
1229 731 1346 776 enim
1366 765 1378 788 ‚
1409 741 1461 776 ut

180 820 304 851 nunc
322 803 548 850 literarum
566 820 777 849 numerus
799 803 1066 865 praestitutus
1088 805 1134 851 &
1155 803 1292 850 facilis
1312 803 1460 865 expri-

181 875 290 934 mit,
311 875 528 940 quidquid
562 876 759 941 humana
778 893 901 922 mens
935 876 1173 937 concipere
1196 877 1338 937 potest
1357 912 1369 933 ‚
1399 876 1461 921 ita

183 949 318 1012 prisci
340 965 524 1012 quoque
543 949 845 1012 scriptitarunt
866 950 1091 1012 AEgyptii:
1115 949 1183 995 sed
1209 950 1386 1013 singule-e
1405 949 1462 994 li-

183 1034 291 1068 terae
310 1021 489 1084 singulis
508 1022 767 1068 nominibus
786 1021 1040 1067 serviebant
1064 1023 1112 1068 δέ
1141 1022 1317 1072 verbis;
1343 1037 1462 1066 non-

184 1110 412 1156 nunquam
454 1092 758 1156 fignificabant
793 1093 992 1156 integros
1032 1093 1190 1141 sensus.
1225 1093 1364 1155 Cujus
1398 1093 1461 1141 rei

184 1168 379 1215 scientiae
408 1167 454 1214 in
478 1169 546 1214 his
575 1167 753 1215 interim
784 1168 836 1214 fit
870 1168 1044 1213 duobus
1078 1167 1348 1229 exemplum.
1378 1168 1462 1213 Per

182 1240 411 1286 vulturem
433 1250 601 1285 naturae
632 1239 907 1285 vocabulum
938 1239 1137 1301 pandunt
1158 1257 1170 1295 ;
1197 1239 1299 1302 quia
1319 1253 1461 1284 mares

181 1312 336 1358 nullos
365 1310 488 1373 poffe
511 1309 627 1355 inter
656 1311 734 1356 has
762 1310 887 1356 alites
916 1310 1111 1356 inveniri
1134 1311 1329 1356 rationes
1362 1326 1459 1355 me·-

182 1396 364 1431 morant
392 1382 594 1445 phyficae
613 1400 623 1428 :
652 1399 819 1446 perque
838 1381 1026 1444 speciem
1046 1383 1138 1444 apis
1161 1384 1290 1428 mella
1311 1381 1459 1429 confi-

184 1458 344 1505 cientis
365 1457 566 1503 indicant
596 1472 772 1519 regem:
811 1456 1088 1501 moderatori
1117 1473 1216 1502 curn
1247 1455 1459 1515 jucundi-

182 1542 272 1578 tate
303 1530 485 1576 aculeos
501 1544 684 1591 quoque
704 1528 872 1575 innasci
892 1527 1051 1574 debere
1072 1528 1137 1574 his
1162 1528 1291 1592 signis
1310 1527 1460 1574 osten-

183 1605 364 1658 dentes,
399 1603 448 1649 &
480 1601 634 1647 similia
665 1600 870 1664 plurima.
896 1602 951 1647 Et
977 1600 1081 1664 quia
1114 1600 1331 1647 sufflantes
1352 1601 1459 1647 adu-

183 1679 349 1724 latores
379 1693 435 1723 ex
463 1691 591 1721 more
613 1674 929 1721 Constantium
949 1710 961 1731 ‚
982 1674 1026 1719 id
1052 1674 1140 1723 fine
1175 1676 1315 1722 modo
1349 1675 1459 1722 stre-
1482 1700 1485 1703 ¹

184 1752 379 1813 pebant‚
404 1748 529 1811 quod
558 1765 660 1794 cum
683 1747 958 1794 oetavianus
981 1746 1202 1810 Augustus
1237 1746 1459 1792 obeliscos

183 1824 299 1869 duos
318 1823 372 1868 ab
387 1821 723 1883 Heliopolitana
739 1820 919 1867 civitate
939 1819 1216 1865 transtulisset
1229 1819 1460 1882 AEgyptia,

184 1911 382 1959 quorum
409 1911 524 1940 unus
544 1894 590 1940 in
610 1893 734 1940 circo
769 1893 966 1940 maximo
981 1929 994 1950 ‚
1014 1893 1122 1939 alter
1145 1893 1190 1938 in
1212 1909 1369 1955 campo
1391 1893 1462 1938 lo-

186 1979 310 2011 catus
332 1965 393 2010 est
413 1964 605 2019 Marti03
625 1965 744 2012 hunc
762 1982 915 2011 recens
932 1965 1183 2022 advectum,
1201 1965 1460 2011 difficultate

186 2036 508 2100 magnitudinis
541 2036 749 2095 territus,
791 2053 874 2083 nec
913 2036 1185 2082 contrectare
1217 2035 1344 2081 ausus
1372 2036 1460 2094 est,

187 2128 271 2158 nec
297 2126 485 2157 movere
505 2128 515 2156 :
535 2109 727 2167 discant,
750 2110 826 2173 qui
850 2110 1083 2173 ignorant,
1109 2122 1303 2154 veterem
1330 2109 1462 2171 prin&

187 2185 333 2246 cipem
363 2183 582 2229 translatis
598 2183 819 2246 aliquibus
846 2184 963 2228 hunc
987 2182 1195 2228 intafhun
1223 2181 1325 2226 ideo
1348 2199 1458 2243 prae·

186 2255 330 2302 teriffe
349 2290 360 2308 .,
393 2256 517 2318 quod
554 2256 658 2303 Deo
685 2255 778 2301 Soli
800 2253 976 2317 speciali
997 2270 1177 2299 munere
1198 2253 1420 2300 dedicatus
1441 2289 1460 2311 ,

185 2328 387 2392 fixusque
407 2329 527 2375 intra
547 2328 767 2375 ambitiosi
791 2327 945 2389 templi
971 2327 1151 2374 delubra
1168 2364 1182 2384 ‚
1216 2345 1316 2391 quae
1343 2344 1458 2374 con·-

185 2403 299 2467 tingi
330 2420 423 2449 non
442 2415 681 2465 poterant,
705 2415 913 2466 tauquam
933 2418 1042 2464 apex
1067 2402 1267 2448 omnium
1288 2400 1458 2447 emine-

187 2480 278 2526 bat.
295 2480 464 2525 Verum
483 2477 803 2525 Constantinus
827 2477 873 2525 id
893 2476 1024 2541 parvi
1048 2476 1236 2536 ducens,
1261 2476 1456 2524 avulsam
