1626 2917
307 248 524 298 RERUM
559 250 900 297 GESTARUM
935 251 1038 296 LlB.
1074 250 1204 297 XIX.
1306 268 1390 298 211

124 371 221 405 tum
241 369 452 403 extrema.
478 355 551 403 hic
584 354 698 402 Besae
718 354 807 403 Dei
826 355 1031 403 localiter
1061 355 1270 419 appellati
1293 373 1399 405 ora-

125 431 274 478 culum
296 430 524 494 quondam
555 429 700 476 futui-a
720 430 964 491 pandebat,
989 429 1140 492 priscis
1161 430 1400 493 circumja-

125 503 321 559 centium
341 502 577 566 regionum
599 501 868 549 caerimoniis
892 502 1070 549 solitum
1089 503 1194 550 coli.
1214 507 1269 550 Et
1287 521 1400 568 quo·

123 578 242 624 niam
272 576 449 639 quidam
479 575 744 639 praesentes,
779 592 875 638 pars
902 592 981 638 per
1013 576 1124 623 alios
1157 576 1401 624 desiderio-

124 666 223 696 rum
262 647 410 695 indice
449 647 571 694 missa
608 647 852 709 scriptura,
881 647 1282 711 supplicationibus
1317 666 1399 697 ex-

125 725 265 788 preffe
307 725 540 787 conceptis
574 723 776 770 consulta
822 722 1055 769 numinum
1098 723 1401 782 scitabantur3

126 798 337 845 chartulae
362 798 434 844 seu
453 797 744 853 membranae,
765 795 1076 854 continentes,
1100 813 1199 859 quae
1219 798 1403 859 peteba-

126 884 223 929 tur,
249 871 348 934 post
374 871 472 917 data
505 885 688 932 quoque
711 866 919 930 responsa
948 867 1169 914 interdum
1201 886 1404 917 remane-

125 944 230 990 bant
262 944 306 989 in
336 943 458 990 fano.
490 945 555 989 Ex
579 942 646 988 his
671 938 824 1004 aliqua
848 941 902 988 ad
931 944 1247 1004 Imperatorem
1280 946 1404 992 mali-

128 1033 213 1080 gne
248 1015 345 1062 sunt
370 1015 522 1062 miffa:
549 1014 655 1077 qui,
675 1025 723 1058 ut
750 1026 844 1059 erat
876 1013 1044 1076 angusti
1076 1016 1296 1076 pedloris,
1321 1019 1406 1064 ob-

128 1089 381 1136 surdescens
406 1088 453 1134 in
475 1087 568 1134 aliis
593 1087 723 1133 etiam
753 1084 938 1131 nimium
974 1085 1121 1144 seriis,
1148 1087 1193 1134 in
1222 1089 1310 1136 hoc
1347 1090 1405 1135 ti-

127 1162 224 1209 tulo
246 1163 362 1220 ima,
390 1161 515 1226 quod
540 1159 665 1222 ajunt
683 1195 695 1217 ,
720 1158 916 1206 auricula
941 1158 1154 1220 mollior,
1184 1163 1233 1209 &
1268 1162 1406 1225 suspi-

126 1251 235 1293 cax,
255 1236 304 1283 &
324 1233 545 1290 minutus,
566 1230 657 1279 acri
680 1230 782 1301 felle
804 1232 1034 1278 concaluit
1054 1251 1065 1279 z
1095 1232 1328 1298 statimqne
1349 1235 1403 1282 ad

126 1307 357 1354 Orientem
389 1306 516 1353 ocius
549 1305 613 1351 ire
631 1303 808 1350 monuit
826 1303 1030 1350 Paullum
1053 1340 1067 1362 ,
1090 1307 1305 1367 potestate
1325 1309 1406 1354 de-

125 1380 241 1438 lata,
272 1393 321 1428 ut
340 1380 472 1426 instar
492 1379 617 1426 ducis
641 1394 791 1425 rerum
814 1377 1086 1439 experientia
1109 1381 1214 1427 clari
1234 1418 1246 1438 ‚
1265 1383 1317 1428 ad
1338 1401 1408 1430 ar-

126 1454 306 1500 bitrium
334 1453 458 1500 suum
490 1452 630 1499 audiri
656 1451 851 1497 efficeret
882 1450 1042 1499 causas,
1063 1453 1323 1518 Datumque
1343 1455 1406 1504 est

125 1526 359 1589 negotium
382 1525 589 1571 Modesto
608 1523 762 1581 etiam,
789 1540 882 1569 tum
903 1541 980 1586 per
1003 1525 1237 1573 Orientem
1261 1529 1406 1575 comi-

127 1599 162 1646 ti
182 1635 194 1658 ‚
219 1611 325 1662 apto
346 1598 398 1644 ad
416 1598 510 1644 haec
530 1599 578 1646 &
598 1597 764 1643 similia.
785 1598 1091 1662 Hermogenes
1124 1600 1242 1647 enim
1278 1604 1403 1648 Pon-

127 1672 241 1719 ticus
267 1688 316 1718 ea
340 1670 596 1734 tempestate
626 1670 859 1734 praefectus
879 1672 1096 1734 praetorio
1118 1709 1132 1731 ‚
1152 1687 1200 1720 ut
1219 1675 1404 1724 lenioris

128 1743 296 1807 ingenii
328 1743 629 1807 spernebatur.
658 1744 882 1801 Perrexit,
915 1756 967 1790 ut
999 1759 1274 1809 praeceptum
1309 1751 1369 1795 est
1389 1787 1405 1809 ,

126 1817 301 1865 Paullus
317 1854 330 1875 ‚
351 1817 508 1865 funesti
521 1817 684 1865 furoris
700 1819 750 1865 &
766 1818 983 1865 anhelitus
1002 1819 1160 1882 plenus
1181 1838 1191 1866 ε
1213 1821 1403 1886 dataque

127 1891 361 1939 calumniae
387 1891 661 1956 indulgentia
677 1927 690 1951 ,
711 1892 892 1955 plurimi
918 1892 1196 1941 ducebantur
1217 1896 1272 1942 ab
1290 1899 1402 1945 orbe

125 1981 269 2028 prope
295 1977 534 2021 terrarum,
556 1964 682 2026 juxta
711 1964 886 2012 nobiles
907 1967 956 2013 &
975 1965 1183 2014 obscuri:
1205 1985 1400 2032 quorum

126 2036 300 2100 aliquos
328 2035 617 2084 vinculorum
649 2036 903 2084 afflixerunt
930 2054 1070 2086 nexus
1090 2075 1104 2099 ,
1137 2040 1249 2087 alios
1278 2042 1403 2090 clau-

125 2109 208 2155 stra
230 2109 426 2171 poenalia
450 2110 798 2158 consumserunt.
826 2112 880 2158 Et
910 2111 1045 2159 elesta
1073 2113 1134 2159 est
1167 2112 1402 2176 speetatrix

129 2180 447 2244 suppliciorum
472 2183 671 2230 feralium
703 2184 862 2230 civitas
880 2185 925 2232 in
956 2186 1182 2234 Palaestina
1200 2190 1402 2253 Scytho-

129 2255 264 2318 polis,
289 2257 460 2319 gemina
480 2259 654 2305 ratione
676 2259 766 2305 visa
784 2259 920 2323 magis
947 2261 1158 2309 omnibus
1178 2278 1402 2326 opportu-

129 2345 209 2380 na,
239 2329 363 2391 quod
387 2329 626 2391 secretior,
649 2335 696 2379 ὅ(
726 2333 840 2379 inter
875 2333 1164 2382 Antiochiam
1200 2337 1402 2384 Alexan-

129 2400 357 2465 driamque
387 2404 555 2460 media,
581 2406 700 2452 unde
725 2406 852 2451 multi
873 2406 1134 2471 plerumque
1156 2409 1210 2455 ad
1247 2410 1401 2456 crimi-

132 2489 186 2517 na
202 2473 499 2522 trahebantur.
517 2478 690 2524 Ductus
712 2478 771 2524 est
789 2479 940 2541 itaque
958 2479 1073 2526 inter
1092 2480 1261 2543 primos
1282 2483 1397 2527 Sim-

133 2543 291 2605 plicius
322 2546 520 2610 Philippi
547 2546 662 2596 filius
682 2566 737 2597 ex
757 2549 967 2612 praefeEio
1000 2553 1049 2599 ὅ(
1073 2552 1277 2612 consule,
1301 2569 1400 2601 reus

1045 2624 1091 2670 O
1122 2642 1141 2671 2
