1626 2917
231 142 451 191 RERUM
484 142 823 191 GESTARUM
857 143 961 190 ΠΒ.
997 144 1125 191 XIV.
1258 162 1312 210 23

39 248 142 296 dum
163 247 313 314 aliqua
343 249 503 297 mulier
523 249 628 298 vilis
647 286 662 308 ,
686 267 787 314 quae
820 250 875 297 ad
895 249 1108 313 palatium
1123 286 1136 308 ‚
1158 261 1207 296 ut
1228 267 1317 313 po-

30 322 264 385 poscerat,
301 323 578 382 intromissa,
612 323 790 370 insidias
824 324 864 370 ei
899 324 1088 374 latenter
1122 324 1314 370 obtendi

32 395 290 458 prodiderat
324 396 380 443 ab
402 395 619 444 militibus
652 396 968 444 obscurissimis
988 414 999 443 :
1023 413 1156 460 quam
1179 396 1315 441 Con-

29 466 221 515 stantina
245 468 469 534 exsultans
488 505 503 528 ,
533 482 584 516 ut
603 470 648 515 in
670 482 771 516 tuto
802 470 889 516 iam
911 469 1058 517 locata
1080 469 1228 516 mariti
1250 471 1315 517 sa·-

26 537 122 586 lute
139 571 154 595 ‚
182 553 460 588 muneratam
491 541 795 605 vehiculoque
826 541 1080 604 impositam
1102 577 1116 599 ‚
1141 560 1221 606 per
1241 560 1316 589 re-

25 613 124 676 giae
143 614 296 676 januas
317 615 459 662 emisit
475 616 520 663 in
538 616 767 679 publicum
781 652 794 674 ,
813 628 864 662 ut
884 615 935 662 iis
957 615 1177 663 illecebris
1197 617 1316 664 alios

24 701 211 750 quoque
240 688 297 734 ad
329 687 565 735 indicanda
598 689 840 752 proliceret
872 688 994 748 paria
1030 688 1104 734 vel
1123 685 1313 747 majora,

23 758 128 806 Post
148 759 246 806 haec
274 761 434 808 Gallus
458 758 741 820 Hierapolim
761 758 1041 820 profesturus
1055 795 1072 817 ,
1093 771 1146 806 ut
1170 776 1312 823 expe-

23 830 192 876 ditioni
220 829 366 893 specie
392 842 519 878 tenus
539 831 698 877 adeffet
712 865 725 887 ,
746 829 1039 877 Antiochensi
1061 831 1180 893 plebi
1200 832 1309 893 sup-

22 903 202 965 pliciter
224 902 508 958 obsecranti,
541 915 591 948 ut
617 902 779 949 inediae
814 901 1065 965 dispelleret
1097 917 1265 950 metum
1285 940 1302 962 ‚

21 991 124 1038 quae
143 991 223 1037 per
244 975 406 1022 multas
426 974 717 1038 difficilesque
743 975 896 1021 causas
934 975 1075 1023 affore
1099 975 1189 1037 jam
1210 977 1313 1040 spe-

22 1048 233 1106 rabatur,
262 1064 358 1094 non
400 1046 487 1111 (ut
521 1064 622 1094 mos
661 1047 723 1094 est
761 1047 1045 1110 principibus
1065 1086 1078 1107 ,
1111 1066 1311 1112 quorum-

19 1118 178 1167 diffusa
197 1119 394 1183 potestas
411 1119 632 1167 localibus
646 1119 830 1166 subinde
847 1121 1049 1167 medetur
1067 1120 1310 1185 aerumnis)

16 1192 196 1256 disponi
228 1193 472 1258 quidquam
510 1193 658 1239 statuit
681 1228 694 1249 ‚
733 1193 807 1238 vel
835 1209 891 1238 ex
921 1194 1181 1256 provinciis
1218 1196 1308 1241 ali·

16 1278 168 1314 menta
194 1265 425 1315 transferri
453 1265 779 1314 conterminis:
803 1265 875 1312 sed
908 1267 1187 1314 consularem
1212 1270 1306 1332 Sy-

16 1343 107 1389 riae
125 1342 430 1405 Theophilum
450 1357 594 1403 prope
615 1340 858 1387 adstantem
872 1376 885 1397 ‚
910 1340 1067 1387 ultima
1085 1340 1306 1387 metuenti

18 1413 301 1461 multitudini
322 1411 443 1459 dedit
460 1448 474 1470 ,
503 1412 667 1459 affidue
689 1412 952 1474 replicando
968 1448 982 1470 ,
1001 1413 1125 1476 quod
1147 1413 1308 1459 invito

20 1487 191 1534 rectore
224 1486 375 1532 nullus
410 1501 538 1548 egere
571 1485 740 1546 poterit
772 1483 910 1530 vidtu.
935 1485 1172 1530 Auxerunt
1204 1483 1306 1532 haee

21 1558 146 1623 vulgi
175 1555 436 1605 sordidioris
461 1555 724 1603 audaciam:
755 1557 805 1603 &
839 1571 942 1604 cum
974 1555 1305 1620 ingravesceret

18 1632 202 1697 penuria
232 1639 568 1680 commeatuum
587 1665 601 1689 ‚
634 1628 763 1676 samis
799 1631 848 1677 δε
875 1627 1043 1676 furoris
1069 1628 1262 1692 impulsu
1282 1665 1300 1689 ‚

19 1706 180 1754 Eubuli
210 1703 435 1767 cujusdam
470 1703 586 1749 inter
618 1702 722 1748 suos
741 1702 848 1749 clari
869 1703 1056 1749 domum
1081 1702 1301 1749 ambitio-

19 1777 103 1824 sam
129 1777 308 1841 ignibus
327 1774 526 1822 ·subditis
550 1773 874 1821 inflammavit:
905 1774 1215 1836 re&oremque
1248 1785 1300 1820 ut

14 1849 92 1896 fibi
119 1849 291 1911 judicio
316 1847 534 1910 imperiali
551 1846 771 1893 additium
796 1847 993 1895 calcibus
1008 1847 1223 1894 incessens
1245 1849 1298 1895 δε

15 1922 173 1986 pugnis
195 1958 208 1979 ‚
242 1920 517 1969 conculcans
543 1919 807 1967 seminecem
840 1920 1008 1967 laniatu
1043 1920 1303 1966 miserando-

16 1995 253 2059 discerpfit.
279 1993 382 2042 Post
398 1994 524 2055 cujus
541 1993 824 2040 lacrimosum
850 1993 1079 2040 interitum
1096 1994 1141 2039 in
1160 1993 1301 2040 unius

17 2065 156 2114 exitio
176 2064 365 2129 quisque
384 2064 623 2127 imaginem
657 2063 848 2125 periculi
880 2062 944 2110 sui
978 2062 1302 2120 considerans,

14 2135 293 2184 documento
316 2132 667 2181 recenti.fimilia
686 2132 971 2180 formidabat.
992 2134 1163 2179 Eodem
1184 2147 1295 2178 tem-

12 2224 126 2271 pore
155 2208 419 2256 Serenianus
451 2224 506 2253 ex
537 2207 673 2253 Duce
691 2242 708 2263 ,
740 2205 868 2267 cujus
896 2205 1078 2269 ignavia
1097 2206 1294 2270 popula-

11 2292 104 2326 tam
133 2279 180 2326 in
223 2278 442 2326 Phoenice
477 2277 639 2324 Celsen
672 2290 774 2324 ante
806 2277 1073 2331 retiilimuS‚
1109 2277 1295 2340 pullatae

13 2349 248 2413 majestatis
266 2349 446 2414 imperii
473 2366 574 2396 reus
597 2348 692 2410 jure
723 2349 970 2412 postulatus
996 2367 1048 2396 ac
1070 2350 1196 2413 lege»,
1218 2350 1291 2395 in-

14 2438 182 2473 certum
217 2442 305 2490 qua
343 2423 493 2488 po'tuit
523 2423 836 2487 suffragatione
871 2423 1047 2472 absolvi
1083 2442 1096 2471 ε
1136 2438 1291 2486 aperte

933 2499 964 2543 B
1003 2516 1034 2556 4
