1626 2917
215 132 303 194 236
423 131 762 179 AMMIANI
814 129 1296 176 MARCELLINI

208 236 328 299 juffit
350 238 513 285 abscidi
536 274 548 295 ‚
578 239 756 301 hocque
789 236 883 298 joci
911 253 1071 300 genere
1103 236 1359 300 castigatum
1386 251 1498 282 eum>

209 312 425 358 absolvit:
445 328 540 358 non
563 311 666 358 ideo
688 322 971 368 contemtus,
986 322 1035 356 ut
1051 309 1131 373 qui
1151 309 1264 356 bella
1283 308 1492 355 diuturna

209 403 289 449 per
324 385 365 432 se
403 385 630 448 superavit
668 385 717 432 ὅ(
752 383 930 448 gravia,
966 382 1084 430 solus
1115 383 1168 429 ad
1207 382 1493 429 resistendum

209 470 338 520 aptus
369 457 628 504 Alexandro
659 458 856 519 Magno,
876 456 907 501 fi
930 454 1130 502 calcasset
1158 454 1350 513 Italiam,
1378 452 1494 499 aesti-

208 543 367 578 matus.
398 533 508 578 Haec
533 529 716 576 forsitan
739 529 1080 575 Valentinianus
1103 529 1338 591 ignorans,
1359 525 1495 573 mini-

210 620 371 667 meque
403 616 642 667 reputans,
674 602 817 650 affliffl
850 602 1002 649 solatia
1038 602 1170 648 status
1208 601 1376 664 semper
1409 599 1493 646 effe

209 674 505 721 lenitudinem
534 673 790 736 Principum
808 710 823 732 ,
860 690 1018 736 poenas
1044 690 1123 736 per
1158 672 1280 736 ignes
1309 671 1497 734 augebat

210 746 260 794 &
281 745 482 810 gladios:
511 747 637 810 quod
656 746 866 792 ultimum
901 747 948 792 in
968 746 1162 792 adversis
1189 745 1322 791 rebus
1352 759 1498 790 reme-

210 818 332 864 dium
360 819 499 882 pietas
534 817 701 881 reperit
733 818 982 880 majorum,
1003 830 1054 865 ut
1089 817 1294 866 Isocratis
1326 831 1500 863 memo-

210 903 276 938 rat
301 892 591 954 pulchritudo
612 911 623 938 ε
644 891 772 953 cujus
789 908 897 939 vox
926 893 986 939 est
1016 904 1232 955 perpetua
1264 889 1501 946 docentis,

211 966 386 1029 ignosci
425 967 586 1014 debere
628 966 854 1013 interdum
892 967 1024 1018 armis
1061 966 1268 1029 superato
1308 963 1468 1010 restori
1485 994 1504 1019 ,

210 1058 345 1105 quam
371 1040 534 1102 justum
559 1041 667 1104 quid
690 1041 742 1087 fit
764 1041 1008 1104 ignoranti.
1042 1041 1175 1088 Unde
1197 1052 1374 1086 motum
1401 1037 1502 1084 exi-

211 1115 345 1162 stimo
363 1114 564 1161 Tullium
585 1113 800 1176 praeclare
819 1114 1150 1177 pronuntiasse,
1170 1130 1272 1160 cum
1293 1111 1502 1158 defende-

213 1201 280 1236 ret
305 1188 539 1251 Oppium:
572 1192 741 1234 Etenim
770 1193 946 1234 multum
973 1186 1084 1251 poffiz
1113 1188 1367 1247 adsalutem
1396 1189 1502 1230 alce-

214 1266 301 1309 rius
317 1296 330 1318 ,
353 1265 501 1308 lzonorz'
530 1265 672 1307 multis
681 1280 701 1316 ;
724 1280 877 1321 parum
898 1260 1076 1323 potuzffi
1103 1262 1162 1304 ad
1182 1262 1384 1314 exicium,
1400 1276 1503 1319 pro·->

212 1338 284 1382 bro
309 1338 464 1380 nemini
490 1354 675 1396 unquam
692 1334 799 1391 fuit.
829 1333 1038 1380 Aviditas
1067 1332 1167 1395 plus
1193 1332 1386 1377 habendi
1413 1332 1503 1376 fine

214 1407 394 1455 honesti
413 1408 634 1471 pravique
666 1406 947 1463 differentia,
967 1408 1016 1453 &
1046 1404 1287 1468 indagandi
1315 1403 1503 1466 quaestus

215 1482 373 1528 varios
401 1497 480 1543 per
502 1480 658 1527 alienae
682 1480 790 1529 vitae
813 1478 1062 1542 naufragia,
1081 1477 1330 1526 exundavit
1349 1477 1395 1523 in
1413 1476 1506 1523 hoc

215 1553 423 1616 Principe
442 1552 700 1617 flagrantius
720 1551 994 1600 adolescens.
1026 1552 1174 1612 Quam
1192 1549 1374 1614 quidam
1393 1565 1507 1612 prae-

215 1625 451 1672 tendentes
473 1627 792 1687 Imperatorem
813 1623 1103 1670 Aurelianum
1119 1660 1134 1680 ,
1155 1638 1339 1685 purgare
1359 1633 1505 1667 tenta-

217 1699 327 1745 bant
342 1733 353 1751 ,
371 1698 416 1744 id
437 1699 704 1745 affirmando
718 1735 733 1757 ,
755 1699 881 1762 quod
901 1710 950 1744 ut
966 1697 1041 1744 ille
1058 1696 1158 1760 post
1177 1696 1434 1744 Gallienum
1454 1697 1506 1744 &

195 1780 201 1786 '
217 1771 525 1818 lamentabiles
544 1772 805 1835 reipublicae
823 1771 944 1819 casus
959 1771 1188 1818 exinanito
1210 1770 1365 1817 aerario
1378 1806 1393 1826 ,
1408 1782 1506 1815 tor-

217 1844 355 1892 rentis
376 1845 465 1891 ritu
491 1844 716 1892 ferebatur
737 1845 784 1892 in
813 1845 1003 1893 divites:
1023 1844 1084 1891 ita
1101 1843 1177 1891 hic
1200 1858 1383 1906 quoque
1403 1839 1505 1904 post

217 1917 477 1981 procinAElus
495 1917 692 1964 Parthici
713 1917 860 1965 clades
879 1915 1183 1979 magnitudine
1200 1913 1401 1977 indigens
1420 1913 1507 1963 im!⁴

220 1988 452 2053 pensarum
466 2026 478 2048 ‚
498 2003 547 2036 ut
568 1990 700 2036 militi
722 1990 1028 2053 supplementa
1046 1989 1328 2052 suppeterent
1348 1989 1397 2035 ὅ(
1416 1986 1505 2033 im-

219 2063 432 2126 pendium
449 2098 464 2121 ,
485 2062 738 2110 crudelitati
765 2062 1054 2126 cupiditatem
1082 2077 1191 2124 opes
1210 2059 1368 2107 nimias
1386 2075 1504 2106 con-

220 2135 402 2199 gerendi
422 2134 662 2181 miscebat:
682 2134 956 2181 diffimulans
985 2134 1124 2192 scire,
1145 2132 1271 2196 quod
1293 2131 1392 2178 sunt
1420 2130 1504 2177 ali-

219 2223 323 2271 qua,
341 2223 442 2269 quas
461 2205 556 2253 fieri
578 2224 672 2254 non
692 2220 892 2270 oportet,
910 2206 1077 2254 etiamsi
1097 2206 1226 2261 licet;
1239 2204 1501 2253 Themisto-

223 2280 304 2327 clis
331 2279 448 2326 illius
477 2281 642 2327 veteris
672 2280 914 2327 diffimilis:
943 2279 1021 2343 qui
1051 2295 1153 2325 cum
1181 2277 1282 2340 post
1310 2293 1503 2341 pugnam

223 2354 488 2417 agminaque
525 2354 667 2401 deleta
698 2353 928 2402 Persarum
963 2353 1148 2400 licenter
1179 2353 1505 2410 obambulans,

223 2427 416 2475 armillas
435 2443 586 2474 aureas
612 2426 788 2476 vidiss'et
807 2426 929 2474 humi
953 2424 1170 2491 projeflas
1191 2427 1240 2474 &
1259 2437 1503 2489 torquem;
