1626 2917
228 199 319 247 268
440 197 771 245 AMMIANI
823 197 1292 244 MARCELLlNl

220 307 340 370 figna
355 342 367 364 ,
383 304 565 352 retineri
589 303 707 366 juffit
723 319 800 366 per
822 303 938 350 idem
966 305 1180 366 oppidum
1201 304 1498 362 transeuntes,

221 396 310 440 pro
326 378 496 425 viribus
514 378 683 424 laturos
701 377 926 426 auxilium.
954 378 1121 442 Hisque
1142 377 1360 438 dispositis
1377 414 1390 436 ‚
1409 378 1500 440 ipse

220 450 338 497 haud
360 449 436 497 diu
458 450 610 513 postea
633 451 814 514 cognita
835 461 979 496 morte
995 449 1278 507 Constantii,
1301 450 1501 496 discursis

220 523 428 570 Thraciis
448 559 463 580 ,
489 524 934 587 Constantinopolim
969 523 1173 571 introiit:
1205 541 1254 571 ac
1277 523 1386 586 saepe
1416 524 1502 570 do-

218 595 313 641 &us
328 595 490 642 lentius
510 595 609 642 fore
630 595 675 642 id
697 595 941 653 obsidium,
965 612 1096 659 quam
1119 596 1392 652 verendum,
1413 598 1501 641 Im-

221 683 358 714 mone
389 685 493 715 cum
515 668 758 716 comitibus
778 668 873 716 aliis
903 669 958 715 ad
979 669 1068 715 hoc
1089 667 1307 715 destinato
1322 704 1333 724 ‚
1351 683 1504 714 remo-

220 739 291 787 vit
314 740 482 788 exinde.
496 741 717 789 Iovinum
734 778 747 801 ‚
767 741 855 788 alia
869 778 881 798 ‚
899 759 999 805 quae
1020 742 1221 805 potiores
1243 741 1504 805 flagitabant

220 814 520 873 neceffitates‚
542 815 753 862 abimum.
786 815 963 861 Ordine
987 815 1138 878 itaque
1163 814 1394 862 scutorum
1424 830 1503 877 ge-

220 887 349 934 mino
373 887 578 951 Aquileia
598 887 888 951 circumsepta
905 924 918 946 ,
946 888 1290 936 concinentibus
1325 889 1505 934 senten-

220 960 293 1007 tiis
321 961 484 1009 ducum
502 998 516 1019 .,
547 961 828 1010 conveniens
863 959 1008 1007 visum
1037 958 1125 1017 est,
1146 960 1201 1006 ad
1229 959 1504 1006 deditionem

220 1033 399 1080 allicere
418 1033 672 1081 defensores
701 1032 941 1080 minacium
971 1032 1329 1096 blandorumque
1354 1031 1505 1078 varie-

219 1118 310 1154 tate
338 1107 592 1153 sermonum
610 1124 621 1154 z
662 1109 710 1154 &
731 1105 883 1152 multis
899 1105 1020 1150 ultro
1043 1104 1250 1167 citroque
1271 1104 1475 1151 diffitatis
1488 1139 1504 1161 ‚

220 1177 269 1223 in
290 1177 551 1224 immensum
581 1177 883 1225 obstinatione
905 1175 1114 1239 gliscente
1130 1212 1144 1234 ‚
1184 1193 1240 1223 ex
1265 1175 1504 1239 colloquio

219 1266 270 1296 re
302 1249 463 1296 infe&a
485 1249 740 1297 disceditur.
768 1253 824 1296 Et
853 1249 958 1312 quia
983 1247 1095 1293 nihil
1125 1261 1287 1310 praeter
1308 1264 1506 1310 pugnam

221 1321 312 1384 jam
333 1322 608 1385 speEtabatur
627 1358 641 1380 ,
672 1323 834 1369 curatis
857 1321 1102 1384 utrobique
1124 1321 1235 1369 cibis
1253 1321 1505 1383 somnoque

220 1392 517 1460 corporibus,
541 1412 700 1442 aurora
730 1394 817 1457 jam
843 1394 1048 1458 surgente
1065 1433 1078 1454 ‚
1108 1408 1410 1458 concrepante
1431 1396 1506 1442 so-

219 1467 321 1515 nitu
341 1468 639 1516 buccinorum
657 1503 670 1526 ‚
690 1481 836 1532 partes
854 1468 1051 1517 accensae
1076 1468 1122 1514 in
1147 1468 1294 1516 clades
1314 1482 1507 1528 mutuas,

219 1540 493 1590 ferocientes
515 1541 680 1606 magis,
699 1559 830 1605 quam
850 1541 1122 1599 consultius,
1144 1540 1269 1587 elatis
1292 1540 1507 1593 clamori-¹

221 1614 306 1662 bus
325 1613 598 1663 ferebantur.
616 1614 796 1661 Pluteos
816 1613 953 1678 igitur
972 1612 1257 1676 praeferentes
1270 1630 1507 1677 oppugna-

221 1700 344 1735 tores
362 1724 375 1747 ,
400 1687 625 1751 cratesque
658 1687 830 1735 denfius
859 1698 1000 1734 textas
1022 1724 1036 1743 ‚
1066 1687 1221 1734 sensim
1249 1687 1507 1734 incedentes

222 1762 275 1809 δι
301 1774 457 1819 caute,
492 1777 725 1808 murorum
762 1759 849 1807 ima
883 1759 1100 1807 suffodere
1128 1759 1506 1806 ferramentorum

222 1835 509 1882 multitudine
529 1834 830 1882 conabantur:
850 1832 982 1880 faftas
1000 1832 1201 1895 plerique
1217 1833 1432 1879 vehentes
1450 1833 1507 1879 ad

222 1908 474 1956 mensuram
497 1909 719 1956 moenium
740 1908 869 1955 scalas
885 1943 899 1965 ‚
919 1906 1099 1970 jamque
1117 1907 1358 1969 parietibus
1379 1925 1508 1969 paene

226 1982 430 2045 contigui
450 2018 464 2039 ,
493 2001 594 2045 pars
614 1982 835 2046 lapidibus
856 1980 1027 2027 volutis
1046 1981 1092 2027 in
1113 1997 1310 2043 pronum
1329 1982 1472 2028 collisi
1490 2017 1506 2039 ,

226 2072 327 2119 pars
353 2056 527 2103 confixi
547 2056 832 2103 stridentibus
860 2053 1045 2115 jaculis,
1065 2067 1277 2116 retroque
1299 2054 1506 2116 gradien-

227 2141 293 2175 tes
320 2142 580 2176 averterunt
614 2128 762 2175 secum
797 2142 954 2174 omnes
977 2126 1117 2183 alios,
1145 2138 1268 2172 metu
1299 2125 1505 2172 similium

173 2252 175 2255 ,
227 2218 252 2247 a
273 2202 510 2263 proposito
529 2200 756 2265 pugnandi
774 2212 986 2248 retortos.
1009 2201 1114 2246 Hoc
1132 2199 1280 2261 primo
1299 2198 1508 2263 congre-s·

228 2274 279 2321 su
310 2276 440 2321 erecti
474 2276 521 2321 in
549 2275 778 2321 audaciam
800 2273 963 2329 claufi,
993 2272 1174 2319 assumta
1208 2270 1372 2319 fiducia
1409 2287 1507 2318 me-

227 2346 418 2403 liorum,
436 2347 565 2410 parvi
580 2347 800 2394 ducebant
815 2345 1040 2391 restantia:
1061 2343 1374 2405 mentibusque
1395 2341 1506 2388 fun-

227 2418 368 2476 datis,
389 2420 439 2466 &
471 2419 732 2482 compositis
759 2435 836 2480 per
861 2431 1122 2480 opportuna
1153 2415 1409 2469 tormentis,
1432 2414 1506 2459 in-

228 2490 397 2540 defeffo
417 2492 572 2540 labore
597 2492 774 2556 vigilias
803 2492 854 2540 &
882 2505 1028 2540 cetera
1051 2488 1237 2538 subsidia
1266 2486 1508 2539 securitatis
