1626 2917
562 165 604 207 V
638 163 659 207 I
697 163 735 207 T
763 165 823 209 A,
1171 172 1325 205 xxvu

56 268 228 319 tionem
259 283 559 326 revocemus,
587 268 737 315 laxior
755 271 803 317 δι
820 267 1021 315 diffufior
1038 266 1202 315 Tacito
1226 273 1335 313 Am*

60 339 227 383 mianus
255 334 513 396 apparebit:
539 335 642 397 quia
662 351 745 381 nec
768 334 807 380 ei
837 334 1079 380 neceffitati
1100 332 1142 379 ie
1174 332 1339 378 devin-

58 400 156 455 xit,
188 398 259 445 sed
292 399 473 447 liberius
505 401 554 446 &
584 399 768 446 solutius
803 398 956 446 fertur.
991 398 1068 444 Sin
1105 414 1220 443 vero
1252 396 1338 442 Hi-

57 464 214 512 storias
233 464 438 511 Historiis
456 463 764 521 conferamus,
785 476 911 511 tanto
930 464 1093 510 arffior
1111 463 1194 509 erit
1211 466 1339 508 Mar<-

57 532 228 578 cellinus
257 529 423 577 Tacito
439 565 452 588 ,
471 543 643 591 quanto
664 529 735 577 hic
754 546 1001 592 paucorum
1035 528 1248 575 menfium
1269 541 1341 572 res

57 595 196 657 gestas
232 595 432 657 pluribus
471 595 593 642 libris
613 612 628 651 ;
661 595 735 641 ille
776 611 998 642 annorum
1035 594 1209 657 aliquot
1242 607 1366 638 uno·

57 659 268 722 singulari
288 660 615 722 complectitur.
642 663 690 707 In
710 659 966 707 universum
994 659 1108 706 inter
1126 657 1340 706 Tacitum

59 727 111 771 &
140 725 456 779 Ammianum‚
486 737 537 772 ut
563 738 708 774 cetera
728 725 931 771 omittam
952 757 966 779 ‚
1003 736 1175 772 tantum
1203 723 1342 769 inter-

62 790 160 846 est,
191 804 404 852 quantum
443 790 560 837 inter
600 791 778 837 Atticos
818 791 868 836 &
899 791 1087 836 Asianos
1122 790 1344 861 rhetores.

61 855 191 901 Adeo
227 855 378 902 noster
405 855 486 901 illo
512 855 571 901 est
600 855 817 901 tumidior
845 871 897 901 ac
921 855 1146 911 inflatior,
1182 855 1230 900 &
1264 851 1341 900 cui

60 920 204 968 multa
222 920 456 968 detrahas.
482 937 584 967 cum
608 920 673 966 illi
692 932 739 965 ut
764 919 875 965 nihil
901 920 1034 976 addi,
1064 919 1123 965 fic
1146 935 1230 965 nec
1250 918 1342 964 fine

60 985 266 1048 periculo
309 984 470 1032 deduci
512 985 657 1047 poffit.
689 984 762 1031 Est
793 984 911 1031 enim
944 985 1089 1048 aliqua
1125 1001 1181 1030 ex
1219 997 1342 1046 parte

60 1053 332 1102 Marcellinus
361 1050 780 1112 reprehensionibus
809 1050 897 1096 illis
931 1049 1199 1105 obnoxius,
1234 1049 1343 1094 dum

59 1114 312 1164 Constantii
341 1115 463 1161 urbis
494 1115 728 1179 ingressum
762 1131 814 1161 ac
841 1131 1052 1177 pompam
1075 1114 1228 1178 ,signa
1258 1113 1343 1159 mi·

59 1179 206 1226 litaria
235 1179 307 1226 seu
337 1181 555 1227 dracones
581 1180 819 1227 describit.
846 1179 1007 1240 quibus
1034 1150 1099 1226 su’i
1124 1178 1343 1241 temporis
1411 1180 1414 1184 ’

59 1245 322 1291 historicum
343 1257 471 1292 notat
489 1245 724 1292 Lucianus.
754 1245 966 1309 Denique
993 1261 1085 1291 non
1106 1244 1344 1290 dubitave-

58 1310 147 1357 rim
162 1309 374 1372 superflui
391 1309 508 1356 vitio
527 1311 572 1356 in
592 1326 648 1356 eo
675 1314 963 1357 Marcellirum
982 1327 1193 1374 arguere,
1215 1308 1343 1371 quod

61 1392 164 1422 cum
194 1376 352 1437 populi
383 1376 515 1420 Rom.
538 1375 683 1432 vitia,
713 1376 763 1422 &
795 1392 945 1421 curam
972 1392 1150 1420 numam
1181 1345 1345 1436 ⁹spado-

60 1457 168 1486 num
194 1439 436 1501 castigans,
462 1440 516 1485 de
537 1440 824 1486 Semiramide
843 1439 987 1487 sobrie
1014 1439 1213 1494 dixisset,
1237 1440 1343 1499 Quae

61 1522 216 1550 teneros
241 1523 373 1550 mares
403 1505 592 1569 castravit
613 1507 797 1551 omnium
818 1508 960 1565 prima
981 1542 995 1562 ,
1022 1510 1132 1551 velut
1161 1507 1244 1550 vim
1270 1507 1342 1549 in·

50 1570 214 1628 jcfz‘ans
231 1587 386 1615 naturae
404 1589 424 1626 ;
446 1569 596 1615 intulit
621 1583 793 1626 tamen,
814 1572 918 1631 Quae
938 1573 1042 1617 inter
1058 1571 1151 1631 ipsa
1171 1570 1342 1615 oriundi

61 1637 282 1686 crevtmdia
304 1653 377 1694 per
399 1638 665 1697 primigenios
682 1635 862 1694 seminis
879 1635 1051 1694 fomes,
1076 1637 1205 1681 tacita
1234 1653 1341 1694 quo-

60 1703 286 1746 dammodo
315 1704 396 1761 lege
430 1703 524 1746 vias
555 1703 838 1762 propagandae
872 1703 1124 1768 posteritatis
1157 1700 1341 1771 ostendit.

59 1765 178 1810 Nam
211 1764 426 1826 quorsum
455 1777 547 1811 erat
583 1765 650 1811 his
676 1764 827 1825 opus?
861 1781 962 1827 quae
998 1764 1163 1838 pioctil
1196 1763 1341 1810 dubio

59 1829 219 1876 melius
237 1828 474 1876 reticuisset
495 1831 676 1885 audior,
695 1831 744 1877 &
765 1829 1038 1876 verborum
1028 1847 1226 1876 1nan1um
1247 1841 1342 1874 tur-v

59 1894 163 1941 bam
188 1893 461 1956 repreffiffet.
482 1897 543 1940 At
573 1910 687 1941 vero
713 1893 790 1941 lib
817 1896 996 1941 XXXII
1028 1894 1074 1940 in
1101 1894 1342 1956 deploran-

61 1960 117 2006 da
145 1958 437 2005 Thraciarum
461 1958 709 2006 vastatione
739 1959 815 2006 illa
843 1962 1054 2006 Fortunae
1084 1958 1304 2006 allocutio
1322 1993 1341 2015 ,

59 2040 193 2087 quam
223 2040 308 2086 pro
329 2024 560 2086 ingenuo,
585 2024 722 2087 paulo
748 2036 849 2072 ante
869 2024 1013 2071 divite
1034 2026 1082 2071 &
1103 2023 1278 2070 libero
1267 2040 1341 2069 m—

59 2088 229 2146 stituit‚
257 2089 334 2151 qui
353 2087 516 2135 belluae
542 2088 630 2135 ritu
654 2089 909 2136 trahebatur
926 2106 949 2135 a
967 2090 1159 2145 Gothis;
1182 2104 1338 2135 nonne

59 2165 156 2200 tota
189 2153 514 2215 supervacanea
548 2153 642 2209 est,
676 2155 726 2201 &
766 2153 1033 2201 luxuriantis
1067 2153 1235 2218 ingenii
1263 2169 1337 2199 ara

58 2230 344 2281 gumentum.
333 2217 351 2253 ὓ
381 2219 496 2265 Nam
520 2218 616 2264 de
604 2219 809 2282 mgenuis
839 2236 891 2266 ac
909 2218 1138 2266 nobilibus
1158 2218 1335 2274 tractis,

60 2283 195 2345 paulo
229 2295 331 2329 ante
350 2282 447 2329 satis
467 2283 667 2330 dixerat.
688 2300 771 2331 nec
791 2284 936 2346 potest
956 2283 1096 2330 1εᾶοτ
1125 2282 1336 2345 suspicari

61 2347 353 2396 calamitatem
371 2347 464 2409 ejus
485 2348 666 2411 ingenui
682 2348 906 2407 eximiam,
925 2347 1052 2410 cujus
1071 2364 1262 2405 nomen,
1283 2349 1334 2394 δε

60 2411 232 2474 generis
269 2429 321 2458 ac
358 2413 519 2459 domus
563 2413 788 2460 vocabula
832 2414 1003 2461 reticet.
1040 2413 1180 2476 Magis
1223 2429 1335 2473 ergo

59 2488 272 2539 poetam,
299 2479 349 2531 δέ
382 2477 727 2532 declamatorem
767 2478 947 2539 levem,
983 2495 1116 2542 quam
1149 2476 1334 2530 histori-
