1626 2917
320 165 539 212 RERUM
573 164 910 212 GESTARUM
944 164 1049 216 LlB.
1085 165 1211 211 XIV·
1341 179 1399 222 41

130 267 247 316 feffis
269 303 284 326 ,
315 270 364 316 &
393 268 744 329 cogitationibus
781 268 997 330 subjectus
1023 269 1072 315 δι
1115 267 1234 315 curis
1257 303 1272 325 ,
1305 284 1407 329 quae

130 339 390 386 mortalium
408 339 648 386 sollicitant
675 351 844 387 mentes
862 376 877 397 ‚
905 340 1076 404 colligit
1097 338 1190 385 visa
1222 339 1409 385 noeiur-

129 426 215 469 na,
239 428 348 475 quas
374 412 619 474 phantasias
639 429 724 459 nos
745 412 1032 473 appellamus.
1067 412 1293 458 Pandente
1324 410 1410 456 ita-

127 497 218 542 que
244 482 365 529 viam
395 481 592 528 fatorum
621 482 740 528 sorte
767 482 1001 528 tristiffima
1019 519 1034 538 ,
1071 498 1155 544 qua
1195 480 1411 543 praestitu·

129 562 224 598 tum
256 565 348 599 erat
369 569 471 599 eum
503 552 598 599 vita
630 554 679 599 &
708 552 900 614 imperio
927 551 1109 614 spoliari
1130 587 1144 610 ,
1176 550 1411 598 itineribus

130 622 369 685 interjeffis
400 625 728 687 permutatione
757 625 1063 686 jumentorum
1094 624 1303 682 emensis,
1325 639 1412 670 ve·

131 696 199 742 nit
230 697 524 745 Petobionem
557 698 773 758 oppidum
809 698 1088 744 Noricorum
1127 714 1139 743 ε
1183 695 1260 758 ubi
1296 694 1414 742 rese-

134 779 240 813 ratae
270 767 370 813 sunt
405 768 660 814 insidiarum
688 769 867 815 latebrae
903 759 1096 824 omnes‘,
1125 768 1175 814 &
1203 767 1414 814 Barbatio

134 850 316 899 repente
334 839 539 901 apparuit
559 855 733 896 comes,
755 838 830 901 qui
848 837 926 883 sub
950 853 1007 882 eo
1029 835 1283 883 domesticis
1303 854 1416 899 prae-

133 908 220 956 fuit
240 946 254 968 ‚
286 927 389 958 cum
416 911 672 973 Apodemio
701 922 856 973 agente
885 909 932 955 in
956 908 1087 954 rebus
1105 943 1118 965 ,
1137 907 1299 954 milites
1331 910 1416 955 du-

139 1000 244 1030 cens
261 1020 275 1041 ,
291 1000 405 1046 quos
429 981 655 1029 beneficiis
674 983 758 1029 suis
778 981 1098 1046 oppigneratos
1118 979 1309 1042 elegerat
1330 983 1417 1027 Im-

138 1067 348 1119 perator,
375 1066 522 1102 certus
539 1090 553 1112 ‚
585 1071 666 1100 nec
692 1053 886 1117 praemiis
914 1070 997 1099 nec
1022 1050 1307 1098 miseratione
1330 1051 1419 1098 ulla

137 1128 264 1192 poffe
292 1127 476 1175 defleffi.
506 1130 686 1191 Jamque
711 1144 805 1174 non
837 1124 1109 1174 adumbratis
1129 1123 1315 1171 fallaciis
1348 1141 1419 1172 res

138 1202 384 1265 agebatur:
418 1201 490 1248 sed
519 1218 603 1264 qua
640 1201 851 1263 palatium
885 1200 947 1247 est
973 1210 1100 1246 extra
1131 1213 1286 1243 muros
1304 1232 1318 1255 ‚
1345 1214 1419 1244 ar-

138 1276 268 1323 matis
296 1292 432 1323 omne
454 1275 761 1323 circumdedit.
790 1272 1090 1337 Ingressusque
1108 1270 1304 1318 obscuro
1328 1269 1419 1332 jam

141 1348 212 1395 die
245 1385 260 1406 ,
307 1347 461 1395 ablatis
503 1348 634 1411 regiis
674 1348 946 1394 indumentis
968 1382 981 1404 ,
1015 1344 1234 1391 Caesarem
1266 1344 1421 1392 tunica

140 1420 252 1467 texit
272 1422 319 1468 &
341 1421 657 1483 paludamento
688 1419 953 1476 communi,
976 1435 1075 1464 eum
1107 1416 1205 1479 post
1234 1417 1328 1464 haec
1351 1417 1421 1464 ni-

141 1491 207 1537 hil
238 1491 458 1554 paffurum
494 1492 622 1537 velut
644 1492 855 1537 mandato
888 1488 1103 1553 principis
1130 1485 1305 1548 jurandi
1325 1504 1423 1535 cre-

141 1563 304 1611 britate
336 1562 605 1611 confirmans
627 1581 637 1611 :
667 1565 716 1611 &
726 1565 870 1628 statim
888 1597 902 1619 ,
929 1560 1075 1624 inquit
1093 1596 1106 1620 ‚
1124 1561 1291 1622 exsurge
1312 1578 1329 1607 .·
1372 1562 1423 1609 &

143 1635 380 1699 i‘nopinum
406 1648 619 1699 carpento
655 1636 837 1698 privato
870 1633 1125 1697 impositum
1143 1668 1157 1691 ‚
1180 1633 1233 1679 ad
1255 1633 1423 1681 Istriam

145 1710 274 1757 duxit
305 1727 447 1774 prope
477 1709 693 1773 oppidum
724 1709 877 1756 Polam
902 1744 916 1766 ‚
952 1707 1030 1754 ubi
1058 1707 1290 1770 quondam
1316 1723 1423 1770 per-

145 1797 312 1832 emtum
332 1783 631 1831 ‘Constantini
665 1782 804 1830 filium
841 1782 1092 1845 accepimus
1124 1779 1345 1845 Crispum.
1369 1785 1425 1830 Et

144 1874 247 1905 cum
268 1856 329 1903 ibi
344 1856 590 1904 servaretur
606 1856 834 1903 arffiffime
848 1891 861 1914 ,
881 1867 1054 1902 terrore
1072 1853 1424 1918 propinquantis

146 1930 292 1978 exitus
316 1929 405 1993 jam
438 1930 724 1993 praesepultus
742 1940 762 1988 ‚'
778 1928 969 1977 accurrit
988 1927 1201 1975 Eusebius
1226 1928 1425 1975 cubiculi

145 2016 257 2052 tunc
289 2003 580 2067 praepositus,
610 2002 932 2066 Pentadiusque
965 2000 1166 2048 notarius
1185 2035 1198 2058 ‚
1222 2001 1272 2048 &
1305 2001 1425 2047 Mel-

146 2076 362 2125 lobaudes
385 2090 707 2124 armaturarum
743 2075 976 2132 tribunus,
1002 2072 1114 2135 juffu
1139 2074 1426 2136 Imperatoris

147 2149 423 2214 compulsuri
451 2168 553 2198 eum
583 2149 835 2214 singillatim
858 2149 1020 2196 docere
1036 2182 1050 2206 ,
1076 2164 1212 2211 quam
1235 2147 1298 2193 ob
1319 2164 1427 2194 cau-

146 2222 236 2270 sam
269 2240 490 2288 quemque
523 2224 640 2287 apud
668 2221 954 2269 Antiochiam
990 2231 1255 2266 necatorum
1290 2217 1426 2279 juffe-

147 2310 216 2344 rat
240 2298 465 2346 trucidari.
493 2300 564 2345 Ad
592 2314 695 2361 quae
734 2294 951 2342 Adrasteo
979 2292 1151 2356 pallore
1182 2290 1386 2353 perfusus
1406 2327 1424 2349 ‚

147 2370 360 2419 hactenus
393 2371 536 2420 valuit
567 2369 695 2434 loqui
725 2404 739 2427 ,
773 2369 899 2433 quod
934 2364 1170 2430 plerosque
1207 2362 1424 2411 incitante

146 2442 344 2509 conjuge
373 2443 642 2510 jugulaverit
669 2441 994 2491 Constantina:
1019 2440 1234 2504 ignorans
1267 2439 1424 2506 profe-
