1626 2917
201 92 293 142 268
415 95 746 143 ΑΜΜΙΑΝΙ
792 93 1259 143 MARCELLtNt

196 216 284 263 que
313 199 468 248 militis
496 217 590 247 non
622 201 827 264 ignarus,
854 200 927 259 id,
951 202 1077 264 quod
1114 202 1358 267 cogitatum
1393 201 1480 261 ρᾶς

197 273 437 336 suspicatus
452 309 465 332 ‚
495 274 568 321 vel
590 273 933 336 exploratorum
950 273 1168 322 relatione
1184 311 1198 334 ,
1215 292 1328 340 quos
1350 275 1481 322 mise-

196 360 289 406 rat,
308 359 456 409 aperte
481 346 742 406 instrufilus,
768 365 847 409 per
868 348 1095 396 montium
1118 349 1229 397 celsa
1247 350 1481 398 silvarum-

193 435 282 481 que
314 419 546 467 densitates
578 420 633 466 atl
661 420 892 484 Illyricum
917 421 1063 480 redit,
1088 423 1259 470 erefi'tus
1291 423 1479 486 prospe-

193 491 321 538 ritate
348 492 516 551 nimia,
547 511 680 557 quam
707 494 748 540 ei
778 493 872 540 fors
897 494 1089 554 obtulit,
1122 495 1354 559 insperata.
1388 499 1480 544 Re·

193 565 404 626 pedando
440 565 578 621 enim,
615 567 1003 632 congregatosque
1035 568 1082 615 in
1122 585 1293 617 cuneos
1325 568 1481 616 sensim

193 637 512 701 progrediens,
527 640 791 688 Gothorum
810 641 1070 704 optimatem
1083 642 1355 689 Farnobium
1378 658 1481 689 cum

195 710 446 758 vastatoriis
466 711 614 776 globis
636 724 872 776 vagantem
894 712 1099 761 licentius
1120 714 1386 778 occupavit,
1401 714 1484 760 du-

193 795 462 849 centemque
479 784 703 844 Taifalos,
721 803 864 849 nuper
883 787 931 833 in
949 787 1208 836 societatem
1228 787 1452 835 adhibitos
1470 803 1486 834 ε

191 859 298 921 qui,
327 860 356 906 fi
381 860 565 924 dignum
595 861 655 908 est
676 862 764 910 dici
781 898 794 921 ‚
823 862 986 910 nostris
1004 864 1262 927 ignotarum
1282 863 1482 927 gentium

192 946 367 980 terrore
398 934 626 997 dispersis,
656 936 868 982 transiere
893 935 1062 982 flumen
1092 936 1310 999 direpturi
1337 951 1482 983 vacua

192 1005 503 1054 defensoribus
520 1007 636 1055 loca.
655 1008 825 1054 Eorum
846 1009 1039 1056 catervis
1065 1008 1212 1056 subito
1233 1008 1358 1065 vifis,
1382 1025 1484 1056 cer-

193 1091 288 1125 tare
324 1079 532 1127 cominus
564 1081 655 1126 dux
681 1072 952 1129 'cautiffimus
984 1099 1175 1144 parans,
1209 1081 1483 1144 adortusque

193 1151 393 1200 nationis
427 1152 657 1216 utriusque
693 1153 954 1217 grassatores
990 1155 1212 1203 minantes
1243 1155 1482 1206 ,etiamtum

193 1226 376 1285 acerba,
406 1227 659 1274 trucidasset
680 1244 839 1276 omnes
864 1230 918 1276 ad
944 1247 1084 1277 unum
1106 1265 1120 1286 ‚
1141 1243 1190 1278 ut
1215 1247 1271 1276 ne
1297 1231 1483 1278 nuntius

191 1299 375 1362 quidem
407 1300 543 1348 cladis
573 1301 675 1364 post
705 1315 963 1365 appareret,
995 1304 1043 1349 ni
1064 1321 1165 1351 cum
1200 1303 1297 1351 aliis
1329 1303 1484 1350 multis

191 1386 399 1437 peremto
443 1376 704 1434 Farnobi0‚
734 1378 981 1425 metuendo
1020 1378 1206 1426 antehac
1245 1376 1484 1425 incensore

193 1447 452 1506 turbarum,
488 1449 736 1497 obtestatus
775 1466 907 1513 prece
948 1450 1146 1513 impensa
1181 1450 1485 1513 superstitibus

192 1521 485 1584 pepercisset:
512 1521 744 1588 vivosque
776 1539 936 1571 omnes
969 1523 1088 1572 circa
1115 1522 1338 1570 Mutinam
1356 1558 1369 1581 ‚
1393 1523 1484 1570 Re-

193 1593 409 1659 giumque
432 1597 483 1643 &
512 1598 715 1644 Parmam
748 1598 899 1646 Italica
926 1599 1120 1662 oppida,
1147 1614 1250 1645 rura
1279 1596 1484 1644 culturos

194 1672 527 1721 exterminavit.
558 1673 689 1722 Hanc
714 1673 999 1722 Taifalorum
1030 1685 1209 1738 gentem
1232 1686 1409 1735 turpem
1431 1688 1484 1720 ac

195 1743 429 1791 obscoenae
457 1746 564 1793 vitae
600 1746 779 1810 flagitiis
804 1747 867 1795 ita
899 1747 1156 1810 accepimus
1188 1747 1400 1804 mersam,
1433 1761 1485 1792 ut

194 1818 313 1880 apud
356 1835 434 1866 eos
469 1819 652 1867 nefandi
687 1820 958 1869 concubitus
997 1820 1170 1868 foedere
1209 1819 1483 1882 copulentur

193 1889 391 1937 maribus
415 1892 631 1954 puber‘esg
653 1893 790 1940 aetatis
811 1892 1089 1940 viriditatem
1115 1892 1163 1939 in
1190 1907 1348 1939 eorum
1376 1891 1482 1952 pol·

193 1961 300 2009 lutis
330 1963 477 2011 usibus
515 1965 806 2013 consumturi.
837 1966 982 2012 Porro
1016 1964 1048 2012 fi
1083 1963 1163 2029 qui
1193 1963 1278 2025 jam
1305 1962 1482 2009 adultus

195 2051 354 2098 aprum
381 2039 610 2101 exceperit
637 2038 755 2086 solus
773 2073 785 2094 ‚
807 2038 882 2086 vel
906 2037 1183 2086 interemerit
1210 2036 1361 2084 ursum
1390 2035 1480 2084 im-

194 2123 397 2166 manem,
418 2109 689 2158 colluvione
718 2110 931 2158 liberatur
955 2109 1125 2159 incesti.

259 2181 320 2228 X.
354 2183 463 2230 Haec
499 2195 719 2231 autumno
752 2195 969 2248 vergente
992 2183 1052 2230 ‘in
1082 2183 1278 2230 hiemem
1316 2180 1482 2230 funesti

193 2271 273 2318 per
298 2257 515 2305 Thracias
547 2259 747 2305 turbines
778 2258 1110 2307 converrebant
1136 2274 1147 2303 :
1176 2274 1276 2321 quae
1304 2267 1483 2319 tempo-

187 2342 295 2374 'rum
323 2328 466 2376 rabies
484 2364 497 2388 ,
532 2332 658 2378 velut
685 2333 843 2379 cuncta
868 2330 1090 2379 cientibus
1119 2328 1260 2376 Furiis
1280 2363 1295 2386 ‚
1320 2328 1374 2375 ad
1408 2343 1480 2373 re-

194 2399 352 2463 giones
382 2419 565 2467 quoque
599 2405 869 2470 longinquas
894 2403 1184 2470 progrediens
1216 2403 1299 2450 late
1330 2400 1480 2465 serpe-
