1626 2917
213 77 488 124 AMMIANI
514 77 890 125 MARCELLINI
922 81 1394 131 L113.XXVH.101

175 198 340 247 tatibus,
363 200 398 239 &
422 199 605 239 moribus.
620 203 690 242 XI.
710 201 872 241 Romani
899 203 934 241 Sc
957 202 1070 243 Persae
1092 204 1141 244 de
1161 204 1339 245 Armenia
1363 208 1398 246 Sc

174 261 334 301 Hiberia
356 261 453 300 inter
478 261 515 301 se
549 272 735 314 pugnant.
756 266 849 303 XII.

116 473 148 519 I.
189 409 422 522 DUM
457 490 537 537 per
558 475 704 522 Eoum
727 474 883 522 orbem
917 476 1012 524 haec
1028 513 1041 534 ,
1063 494 1163 540 quae
1193 477 1402 525 narravi-

117 562 236 603 mus,
255 545 419 592 diverfi
443 563 591 594 rerum
609 547 853 610 expediunt
875 549 1022 608 casus,
1042 550 1279 596 Alamanni
1299 550 1402 613 post

117 616 390 664 aerumnosas
413 616 597 679 jacturas
618 622 667 667 δέ
688 619 900 678 vulnera,
923 638 1024 684 quae
1045 622 1263 684 congreffi
1287 622 1402 684 saepe

118 689 296 735 Juliano
319 690 482 736 Caesari
506 692 782 753 pertulerunt
797 728 810 750 ‚
835 692 1002 739 viribus
1026 693 1203 740 tandem
1236 692 1405 738 resum-·

118 762 206 818 tis,
229 761 334 808 licet
360 762 600 825 imparibus
626 763 844 826 pristinis,
871 765 933 811 ob
954 764 1123 812 causam
1151 764 1401 826 expositam

117 832 275 895 supra,
312 834 575 883 Gallicanos
609 835 772 882 limites
801 835 1030 882 formidati
1065 835 1151 896 jam
1188 836 1402 898 persulta-

116 907 237 953 bant.
267 907 514 970 Statimque
547 908 647 970 post
688 909 879 955 Kalend.
906 910 1153 966 Januarias,
1185 926 1286 956 cum
1321 925 1402 972 per

118 977 323 1040 glaciales
344 979 506 1025 tractus
526 979 684 1026 hiemis
706 980 896 1043 rigidum
918 980 1245 1027 inhorresceret
1265 980 1402 1038 fidus,

119 1049 341 1097 cuneatim
394 1049 557 1113 egress‘a
602 1049 846 1097 multitudo
897 1050 1102 1097 licentius
1147 1051 1404 1113 vagabatur.

118 1124 295 1170 Horum
317 1123 522 1186 portioni
543 1122 699 1186 primae
728 1123 960 1171 Charietto
976 1159 988 1180 ,
1005 1136 1114 1172 tunc
1133 1140 1211 1186 per
1229 1137 1402 1170 utram-

118 1215 206 1261 que
249 1198 538 1244 Germaniam
584 1214 766 1255 comes,
806 1197 1076 1245 occursurus
1117 1215 1218 1244 cum
1257 1199 1401 1244 milite

120 1271 342 1334 egreditur
378 1271 432 1317 ad
461 1270 574 1317 bella
607 1270 803 1317 ineunda
829 1271 1155 1332 promtiffimo,
1181 1271 1318 1316 ascito
1351 1271 1402 1317 in

118 1342 373 1390 societatem
406 1343 571 1391 laboris
597 1344 845 1391 Severiano
871 1344 1023 1390 itidem
1050 1344 1242 1401 comite,
1264 1343 1403 1390 inva-

118 1416 212 1462 lido
245 1417 294 1462 &
319 1416 537 1479 longaevo
557 1452 572 1472 ‚
598 1415 676 1478 qui
703 1416 823 1478 apud
840 1415 1063 1462 Cabilona
1086 1415 1402 1462 Divitensibus

119 1488 376 1550 praefidebat
393 1490 442 1536 &
457 1488 768 1551 Tungricanis.
787 1488 980 1534 Proinde
998 1487 1245 1535 confertius
1263 1488 1402 1551 agmi-

120 1579 175 1608 ne
195 1561 242 1607 in
268 1579 407 1608 unum
428 1561 587 1608 coacio
600 1597 613 1618 ‚
637 1574 867 1625 ponteque
886 1561 1110 1608 brevioris
1130 1579 1254 1624 aquae
1274 1561 1405 1608 firma

120 1633 346 1680 celeritate
365 1632 640 1691 transmisso,
660 1633 783 1681 visos
803 1634 977 1682 eminus
995 1634 1210 1681 barbaros
1226 1636 1403 1681 Roma·

121 1707 167 1752 ni
186 1705 378 1779 sagittis,
397 1705 580 1769 aliisque
604 1705 781 1754 levibus
799 1705 955 1767 jaculis
979 1706 1274 1764 inceffebant,
1297 1725 1402 1769 quae

120 1778 188 1825 illi
218 1777 461 1840 reciprocis
494 1777 678 1839 jactibus
713 1778 863 1824 valide
894 1779 1270 1842 contorquebant.
1309 1780 1404 1827 Ubi

119 1869 234 1898 vero
258 1864 415 1898 turmae
444 1851 685 1915 congreffae
714 1851 868 1897 strictis
899 1851 1146 1898 conflixere
1166 1853 1406 1899 mucroni-

121 1924 202 1970 bus
217 1959 231 1981 ,
249 1923 509 1969 nostrorum
529 1923 644 1969 acies
671 1922 843 1985 impetu
873 1924 1065 1970 hostium
1090 1923 1263 1971 acriore
1286 1941 1405 1971 con-

122 1996 263 2054 crrffa,
291 2014 373 2043 nec
403 1996 628 2043 resistendi
666 2012 750 2042 nec
784 1995 979 2043 faciendi
1011 1996 1190 2045 fortiter
1223 1998 1403 2062 copiam

122 2071 314 2134 reperit,
335 2071 504 2118 cunctis
525 2082 646 2117 metu
670 2071 910 2134 compulsis
934 2071 979 2118 in
1000 2071 1150 2135 fugam
1165 2109 1180 2130 ,
1201 2089 1302 2120 cum
1330 2074 1406 2119 Se-

124 2145 358 2192 verianum
400 2146 610 2193 vidissent
653 2163 773 2209 equo
815 2146 1094 2193 deturbatum
1115 2183 1132 2204 ,
1167 2146 1406 2210 missilique

123 2218 216 2264 telo
236 2219 549 2280 peroffensum.
570 2217 662 2281 Ipse
689 2218 881 2282 denique
900 2218 1137 2266 Charietto
1152 2254 1168 2278 ,
1194 2219 1299 2266 dum
1325 2235 1404 2265 ce-

126 2292 280 2337 dentes
307 2291 487 2354 objec'tu
515 2292 723 2354 corporis
762 2293 812 2339 &
848 2292 977 2339 vocis
1008 2291 1257 2357 jurgatorio
1290 2291 1405 2337 sonu

122 2362 360 2411 audentius
391 2364 604 2427 pertinet,
632 2362 981 2427 pudendumque
1014 2363 1182 2411 diluere
1212 2363 1404 2409 dedecus

1044 2446 1148 2506 G3
