1626 2917
226 220 318 281 306
372 221 378 228 ’
434 216 772 263 ΑΜΜῘΑΝΙ
822 216 1304 266 MARCELLINI

292 326 368 371 IX.
406 326 462 369 At
488 321 708 385 prosperis
733 322 933 369 Julianus
957 323 1142 382 elatior,
1165 327 1280 373 ultra
1301 326 1509 376 homines

222 395 312 460 §arn
343 395 531 458 spirabat
553 429 567 452 ‚
597 394 807 458 periculis
834 411 1046 458 expertus
1078 398 1251 446 affiduis
1271 435 1285 457 ,
1312 401 1437 463 quod
1468 402 1508 447 ei

222 470 382 516 orbem
404 470 656 515 Romanum
684 468 857 531 placide
879 467 972 531 jam
1006 471 1203 533 regenti,
1223 472 1349 518 velut
1379 489 1509 518 mun-

222 544 383 589 danam
400 541 725 604 cornucopiam
742 544 939 588 Fortuna
959 542 1130 606 gestans
1153 545 1349 608 propitia
1365 582 1378 601 ,
1399 562 1508 592 cun-

220 617 287 663 &a
307 615 500 678 gloriosa
527 613 753 661 deferebat
782 616 832 661 &
870 614 1115 677 prospera:
1148 618 1398 681 ante-gress'is
1432 617 1507 663 vi-

217 688 461 735 &oriarum
487 686 625 733 titulis
656 686 752 734 haec
771 702 955 750 quoque
979 686 1190 747 adjiciens
1211 725 1221 744 ,
1247 689 1371 752 quod
1399 690 1506 735 dum

220 774 394 810 teneret
425 761 661 825 imperium
695 759 815 808 solus
836 796 848 817 ‚
881 777 962 808 nec
994 761 1194 809 motibus
1232 762 1416 809 internis
1445 762 1507 809 est

218 834 450 893 concitus,
474 850 557 881 nec
575 833 865 880 barbarorum
886 832 1120 896 quisquam
1137 834 1254 880 ultra
1274 834 1373 880 suos
1391 835 1506 880 exfi-

218 907 304 953 luit
326 905 436 953 fines
457 924 469 953 τ
497 905 568 953 sed
599 905 758 969 populi
789 921 949 951 omnes
969 904 1183 951 aviditate
1202 905 1372 968 semper
1390 906 1505 953 inse-

218 980 365 1027 &andi
398 970 618 1043 praeterita
639 1015 653 1037 ,
678 991 724 1026 ut
758 979 969 1025 damnosa
999 981 1047 1026 &
1080 979 1220 1026 noxia
1239 1016 1255 1036 ,
1277 980 1324 1026 in
1355 980 1504 1028 laudes

219 1053 314 1116 ejus
340 1053 491 1100 studiis
522 1053 646 1100 miris
682 1052 1050 1099 accendebantur.
1081 1052 1306 1099 Omnibus
1336 1053 1503 1117 igitur,

217 1142 318 1186 quae
350 1142 419 1172 res
442 1125 631 1172 diversae
668 1124 914 1187 poscebant
943 1126 992 1170 ὅ(
1020 1141 1223 1187 tempora
1241 1161 1256 1183 ,
1289 1126 1502 1189 perpensa

217 1197 543 1243 deliberatione
588 1195 806 1258 dispositis
832 1230 846 1251 ‚
880 1195 929 1240 &
959 1195 1176 1241 militibus
1217 1196 1502 1243 orationibus

215 1271 416 1326 crebris,
456 1268 767 1331 stipendioque
805 1268 1083 1329 competenti
1125 1268 1179 1314 ad
1224 1270 1501 1331 expedienda

215 1342 460 1389 incidentia
498 1341 722 1404 promtius
763 1341 967 1387 animatis
992 1377 1007 1399 ,
1049 1341 1310 1388 cunstorum
1344 1341 1501 1390 favore

212 1415 411 1462 sublimis
426 1451 439 1472 ‚
462 1414 746 1461 Antiochiam
768 1414 831 1460 ire
851 1415 1152 1473 contendens,
1172 1415 1351 1478 reliquit
1365 1417 1499 1463 Con-

213 1487 556 1549 stantinopolim
585 1487 872 1534 incrementis
903 1486 1109 1533 maximis
1145 1486 1337 1534 fultam:
1370 1504 1498 1536 natus

213 1563 334 1608 enim
363 1561 457 1607 illic
475 1597 489 1618 ,
509 1560 718 1624 diligebat
733 1577 830 1606 eam
849 1596 863 1617 ‚
877 1573 927 1606 ut
946 1559 1184 1623 genitalem
1205 1560 1393 1624 patriam
1409 1596 1422 1620 ‚
1444 1563 1495 1610 ὃ(

215 1636 407 1683 colebat.
448 1634 757 1698 Transgressus
782 1633 933 1697 itaque
965 1633 1126 1680 fretum
1159 1669 1173 1692 ,
1210 1635 1499 1696 praetercursa

215 1709 505 1755 Chalcedona
539 1710 587 1755 δέ
617 1707 799 1772 Libyssa
820 1743 834 1766 ,
857 1707 935 1754 ubi
963 1707 1157 1771 sepultus
1186 1708 1248 1754 est
1272 1710 1496 1756 Hannibal

210 1782 415 1839 Poenus,
437 1780 540 1826 inde
563 1780 877 1827 Nicomediam
899 1781 1025 1826 venit
1042 1781 1198 1827 urbem
1221 1782 1407 1829 antehac
1426 1782 1494 1828 in·

211 1855 362 1900 clitam
383 1889 396 1910 ‚
429 1853 488 1899 ita
527 1851 697 1915 magnis
730 1864 852 1898 retro
886 1852 1141 1915 principum
1174 1851 1492 1914 amplificatam

209 1927 418 1987 impe-niis
451 1962 465 1985 ,
513 1938 564 1972 ut
598 1925 756 1972 aedium
791 1924 1076 1970 multitudine
1115 1924 1391 1987 privatarum
1438 1927 1491 1974 δέ

209 2000 489 2063 publicarum
521 1999 636 2045 recte
668 1997 957 2044 noscentibus
985 1997 1110 2060 regio
1141 1997 1343 2061 quaedam
1368 1998 1490 2045 urbis

209 2074 497 2121 aestimaretur
520 2086 709 2121 aeternae.
741 2071 882 2134 Cujus
901 2072 1069 2119 moenia
1093 2088 1194 2118 cum
1230 2071 1406 2118 vidisset
1440 2073 1490 2120 in

208 2145 387 2192 favillas
418 2146 684 2192 miserabiles
716 2144 989 2202 consediffe,
1020 2159 1229 2205 angorem
1263 2143 1400 2190 animi
1423 2156 1492 2191 ta-

209 2218 309 2264 citis
337 2217 513 2264 fletibus
543 2218 774 2274 indicans,
803 2215 998 2280 pigriore
1023 2214 1158 2279 gradu
1188 2215 1400 2279 pergebat
1433 2215 1490 2262 ad

206 2289 371 2350 regiam
401 2306 411 2334 :
446 2288 537 2335 hoc
583 2288 776 2334 maxime
809 2286 1019 2334 aerumnis
1058 2285 1153 2348 ejus
1187 2287 1486 2346 illacrimans,

206 2362 332 2423 quod
369 2360 484 2405 ordo
518 2359 719 2422 squalens
754 2359 954 2407 occurrit
985 2361 1033 2406 &
1069 2358 1262 2421 populus
1297 2359 1487 2407 nimium

206 2446 420 2494 quantum
436 2432 620 2478 antehac
636 2432 966 2479 florentissimus
980 2448 990 2477 :
1006 2431 1055 2478 &
1072 2430 1338 2494 agnoscebat
1353 2430 1489 2494 quos-

205 2506 307 2552 dam
321 2539 338 2566 ,
364 2503 529 2552 ibidem
549 2506 603 2552 ab
625 2504 817 2554 Eusebio
851 2504 1061 2555 educatus
1085 2504 1300 2569 episcopo
1314 2539 1331 2567 ‚
1350 2519 1485 2569 quem
