1626 2917
244 144 462 194 RERUM
488 137 838 193 essi-ARUM
873 142 976 194 ΜΒ.
1012 143 1223 197 xxvm.
1294 158 1383 215 143

97 260 203 307 tor,
225 262 319 296 erat
350 265 445 296 uno
470 250 589 313 quafi
610 249 838 312 praecipuo
863 249 1122 299 tolerabilis.
1156 254 1384 302 Interdum

98 322 220 368 enim
252 333 464 368 exoratus
493 321 703 384 parcebat
737 321 960 384 aliquibus
977 358 990 381 ,
1008 323 1131 385 quod
1151 341 1293 388 prope
1315 326 1386 373 vi·-

97 396 215 442 tium
242 397 328 442 effe
356 396 402 441 in
426 397 517 443 hoc
548 396 658 447 loco,
689 397 848 460 legitur
868 398 985 460 apud
1016 398 1246 447 Tullium:
1266 404 1382 447 Nan'z

83 466 135 535 fi
159 471 438 532 implacabiles
460 474 685 516 iracundiae
705 472 814 531 sunt
833 505 847 528 ‚
868 472 1040 531 summa
1067 473 1122 538 est
1138 477 1335 520 acerbitas
1358 480 1376 519 ἑ

84 542 161 608 fin
189 558 324 588 autem
353 546 580 589 exorabiles
597 577 609 599 ‚
623 543 798 603 summa
831 547 978 590 levitas
995 561 1012 590 .·
1030 563 1116 605 quae
1143 561 1308 605 tamen,
1337 563 1385 592 ut

96 617 149 662 ἐπ’
176 618 304 663 malis
320 652 333 674 ‚
360 620 570 663 acerbitati
604 620 891 677 anteponenda
914 618 975 684 est.
1004 618 1107 664 Post
1138 618 1233 666 haec
1267 631 1383 681 prae2-

95 689 241 753 greff'o
281 692 434 737 Leone
453 725 467 749 ‚
501 703 779 752 acceptoque
815 688 1061 737 successore
1084 725 1097 747 ‚
1128 691 1184 737 ad
1211 692 1384 738 Princi-

93 761 164 825 pis
190 763 450 809 comitatum
482 761 753 808 Maximinus
783 761 951 809 accitus
970 797 984 818 ‚
1005 762 1240 825 auCtusque
1260 767 1380 826 prae·

95 832 263 880 festura
292 834 590 896 praetoriana,
611 833 758 879 nihilo
786 833 931 881 lenior
959 833 1074 892 fuit,
1095 833 1253 895 &jam
1274 836 1382 882 lon·-

94 905 193 968 gius
225 921 426 965 nocens,
455 917 506 951 ut
541 904 727 952 basilisci
756 905 989 968 serpentes.
1021 909 1069 953 In
1103 907 1150 953 id
1184 920 1381 971 tempus,

94 989 171 1023 aut
188 993 283 1023 non
303 977 450 1023 multo
477 976 620 1038 prius,
645 977 791 1038 scopae
812 976 974 1024 florere
996 979 1095 1026 sunt
1125 977 1257 1038 visae,
1277 981 1381 1044 qui-

92 1049 176 1097 bus
194 1049 442 1096 nobilitatis
467 1048 588 1094 curia
614 1049 911 1095 mundabatur
934 1067 944 1096 ε
968 1051 1104 1114 idque
1132 1054 1380 1114 portende·

88 1123 169 1170 ’bat
197 1121 480 1169 eiitollendos
512 1119 729 1183 quosdam
777 1121 1118 1183 despicatifl'imae
1155 1124 1285 1173 sortis
1323 1126 1379 1173 ad

89 1194 249 1259 gradus
276 1192 543 1257 potestatum
578 1192 795 1240 excelsos.
829 1196 884 1240 Et
919 1195 1164 1258 quamlibet
1206 1209 1378 1261 tempe—

87 1267 257 1315 ·-stivum
288 1267 350 1314 est
381 1267 437 1313 ad
468 1265 673 1312 ordinem
720 1266 864 1313 redire
896 1280 1155 1330 coeptorum
1181 1305 1195 1328 ,
1225 1283 1376 1319 tamen

88 1342 204 1390 nihil
246 1340 502 1404 impedituri
546 1338 801 1400 tempotum
846 1340 998 1387 cursus
1030 1342 1374 1392 immorabimur

89 1415 240 1479 paucis
263 1451 276 1472 ,
300 1430 401 1476 quae
437 1428 516 1475 per
553 1412 837 1475 iniquitatem
872 1413 1124 1461 curantium
1160 1415 1375 1465 vicariam

89 1485 397 1551 praefecturam
426 1484 472 1531 in
492 1484 602 1531 urbe
617 1519 630 1541 ‚
652 1496 810 1531 contra
831 1501 963 1548 quam
986 1499 1250 1548 oportuerat
1266 1525 1279 1547 ‚
1300 1508 1375 1553 gea

86 1561 153 1607 >sta
180 1558 307 1615 sunt,
327 1557 434 1621 quia
450 1559 512 1604 ad·
530 1570 688 1604 nutum
716 1558 953 1605 Maximini
984 1561 1033 1608 &
1058 1562 1342 1610 voluntatem
1357 1577 1376 1622 ,·

88 1633 244 1680 iisdem
259 1630 467 1678 ministris
486 1629 612 1677 velut
629 1630 954 1693 apparitoribus
972 1633 1249 1695 gerebantur.
1271 1637 1373 1686 Post

89 1707 211 1753 hunc
242 1704 370 1751 venit
393 1695 622 1750 Ursicinus
650 1704 704 1749 ad
736 1703 915 1750 mitiora
940 1706 1237 1768 propenfior:
1265 1711 1370 1772 qui,

86 1768 305 1842 quoniam
342 1789 498 1824 cautus
532 1775 616 1822 effe
657 1775 812 1822 voluit
852 1779 901 1825 &
943 1777 1122 1837 civilis,
1156 1781 1368 1830 retulerat

86 1849 256 1898 Esaiam
275 1866 378 1897 cum
401 1847 522 1906 aliis,
542 1848 604 1894 ob
625 1849 904 1896 commissum
925 1852 1190 1901 adulterium
1210 1855 1258 1902 in
1276 1857 1372 1904 Ru-

84 1921 224 1969 finam
253 1921 469 1979 detentis,
491 1921 755 1969 Marcellum
784 1923 992 1970 maritum
1018 1923 1111 1985 ejus
1131 1941 1188 1972 ex
1212 1942 1369 1992 agente

87 1995 137 2041 in
156 1994 286 2041 rebus
304 2029 317 2052 ‚
341 2010 465 2041 reum
490 1993 739 2042 imminutae
764 1994 995 2056 majestatis
1024 1997 1194 2046 deferre
1225 2018 1367 2048 cona-

84 2067 171 2114 tis:
207 2065 398 2129 ideoque
425 2079 475 2113 ut
513 2066 746 2113 cunctator
780 2081 1059 2129 contemtus,
1093 2073 1143 2120 δε
1178 2073 1233 2120 ad
1269 2074 1368 2124 haec

85 2137 264 2184 fortiter
296 2137 574 2201 exsequenda
610 2155 765 2200 parum
795 2142 1103 2201 conveniens,
1134 2160 1158 2190 e
1192 2145 1366 2194 vicaria

83 2209 304 2273 potestate
331 2209 532 2257 discessit.
562 2209 680 2257 Huic
714 2210 915 2258 succeffit
946 2215 1206 2262 Emonenfis
1243 2217 1363 2263 Sim-

86 2281 246 2344 plicius
261 2317 274 2339 ‚
294 2282 531 2329 Maximini
561 2283 832 2331 consiliarius
852 2302 909 2332 ex
929 2289 1216 2350 grammatico
1232 2325 1245 2346 ,
1263 2289 1363 2351 post

85 2353 433 2402 administratam
452 2373 534 2404 nec
551 2358 720 2404 erectus
739 2375 823 2404 nec
843 2359 1058 2418 tumidus,
1080 2361 1152 2409 sed
1169 2362 1361 2425 obliquo

88 2425 262 2489 aspectu
299 2428 507 2501 terribilis
543 2447 554 2477 ι
588 2429 664 2493 qui
697 2430 959 2494 compositis
998 2433 1053 2480 ad
1100 2433 1361 2483 modestiam
