1626 2917
307 207 528 256 RERUM
563 208 901 256 GESTARUM
934 209 1038 257 LIB,
1072 209 1221 257 XVII.
1326 228 1407 274 143

147 313 324 362 cionem
349 315 535 378 regione
558 315 650 376 ejus
679 315 844 363 vastata
875 315 985 362 nihil
1003 315 1196 367 inveniri
1214 327 1418 379 poteram

146 387 271 450 quod
301 388 492 435 daretur.
519 391 580 434 Ita
612 405 734 452 reges
757 389 821 434 illi
844 401 1063 435 tumentes
1082 390 1306 453 quondam
1327 390 1415 436 im-

145 461 364 519 maniter,
397 463 648 526 rapinisque
687 464 895 510 ditescere
933 464 1085 511 affueti
1118 465 1375 512 nostrorum
1397 501 1414 524 ,

145 532 360 580 Romanae
388 535 602 596 potentiae
633 534 739 597 jugo
769 536 1000 582 subdidere
1019 537 1137 584 colla
1156 537 1242 599 jam
1264 539 1414 584 domi-

144 616 188 651 ta
213 642 227 662 ,
259 608 308 654 &
340 607 468 654 velut
494 608 609 654 inter
639 609 897 655 tributarios
926 610 1017 656 nati
1038 612 1086 658 &
1107 610 1309 669 educati,
1328 612 1415 659 ob-

142 677 440 726 secundabant
464 681 661 743 imperiis
690 682 932 745 ingravate.
967 681 1144 741 Quibus
1164 682 1252 729 hoc
1272 684 1414 730 modo

143 754 327 813 peraEtis
345 789 355 806 ,
373 754 568 817 disperso
588 772 667 818 per
691 755 899 802 stationes
915 755 1054 802 milite
1076 754 1307 803 consuetas
1321 793 1338 815 ‚
1358 757 1414 804 ad

143 827 328 875 hiberna
361 829 574 891 regressus
609 829 669 875 est
698 829 856 876 Caesar.

207 903 286 948 XI.
315 903 422 948 Haec
459 919 558 948 cum
596 901 641 946 in
681 901 899 947 comitatu
936 899 1187 947 Constantii
1229 900 1414 952 subinde

145 973 431 1022 noscerentur
451 974 578 1039 (erat
602 974 720 1021 enim
739 974 929 1031 necesse,
948 987 1157 1037 tanquam
1183 977 1414 1038 apparito-

142 1062 236 1091 rem
272 1046 489 1092 Caesarem
515 1046 645 1108 super
665 1047 876 1093 omnibus
900 1046 1026 1109 gestis
1054 1047 1108 1093 ad
1138 1047 1325 1111 Augusti
1347 1066 1419 1096 re·

144 1117 260 1165 ferre
290 1118 745 1181 scientiam)omnes‚
773 1119 850 1182 qui
869 1120 966 1182 plus
994 1132 1201 1182 poterant
1226 1121 1272 1167 in
1292 1123 1413 1183 pala-

142 1190 210 1238 tio
230 1227 244 1250 ‚
273 1193 480 1240 adulandi
505 1193 772 1256 professores
801 1192 888 1254 jam
912 1193 1055 1250 dosii,
1078 1194 1192 1240 reete
1209 1194 1413 1243 consulta

141 1265 441 1331 prospereque
472 1268 697 1330 completa
732 1268 970 1315 vertebant
1001 1267 1047 1314 in
1082 1268 1412 1318 deridiculum:

141 1338 248 1385 talia
279 1339 370 1386 fine
400 1341 540 1388 modo
570 1340 809 1403 strepentes
835 1339 992 1387 insulse
1013 1376 1026 1397 ,
1051 1343 1104 1385 Itz
1128 1344 1266 1386 odiam
1298 1345 1413 1388 venit

143 1430 234 1458 cum
253 1413 435 1459 νὶἑῖονὶἱς
445 1415 544 1474 suis
561 1418 716 1474 capella
730 1449 744 1470 ,
764 1432 848 1458 non
868 1416 988 1457 homo
1002 1429 1017 1457 .·
1035 1425 1081 1457 ut
1101 1412 1312 1458 hirsutum
1334 1415 1353 1460 J
1360 1432 1412 1461 u-

131 1481 309 1529 lianum
327 1497 582 1546 carpentes,
605 1483 957 1547 appellantesque
977 1483 1209 1545 loquacem
1230 1484 1413 1546 talpam,

139 1558 191 1602 &
215 1569 498 1619 purpuratam
524 1558 688 1604 simiam
704 1594 716 1615 ‚
755 1560 803 1604 &
830 1557 1082 1602 literionem
1104 1558 1342 1605 Graecum:
1365 1562 1416 1607 &

141 1628 210 1674 his
240 1630 531 1693 congruentia
561 1631 747 1691 plurima
786 1641 917 1691 atque
947 1629 1185 1674 vernacula
1220 1630 1414 1694 principi

141 1700 394 1748 resonantes
415 1738 428 1760 ‚
460 1702 608 1747 audire
629 1702 723 1748 haec
745 1701 935 1762 taliaque
960 1700 1157 1763 gestienti
1175 1735 1188 1757 ,
1222 1703 1412 1751 virtutes

141 1776 452 1837 ejus‚obruere
486 1775 632 1821 verbis
661 1775 989 1837 impudentibus
1016 1775 1325 1835 conabantur,
1362 1790 1412 1825 ut

141 1849 317 1912 segnem
348 1848 637 1906 incessentes,
664 1850 714 1895 ὃ(
743 1848 948 1893 timidum
970 1882 983 1904 ,
1017 1849 1066 1894 &
1097 1848 1373 1896 umbratilem
1395 1886 1411 1909 ,

142 1921 345 1985 gestaque
388 1921 509 1968 secus
548 1921 698 1967 verbis
738 1920 1036 1968 comtioribus
1081 1933 1411 1970 exornantem:

140 1995 267 2058 quod
292 2010 386 2040 non
408 2007 515 2041 tunc
547 1993 751 2057 primitus
780 1993 956 2040 accidit.
996 1994 1200 2055 Namque
1223 2006 1271 2040 ut
1296 1993 1411 2041 solet

141 2067 401 2130 ampliffima
418 2068 560 2132 gloria
579 2066 752 2128 objecta
784 2066 867 2113 effe
897 2066 1066 2127 semper
1101 2065 1288 2112 invidiae
1308 2103 1322 2126 ‚
1342 2067 1410 2113 le-

141 2140 284 2202 gimus
320 2140 367 2185 in
399 2153 573 2186 veteres
605 2155 789 2203 quoque
830 2136 1089 2202 magnificos
1124 2137 1257 2185 duces
1298 2139 1410 2187 vitia

140 2212 413 2275 criminaque
431 2249 445 2271 ‚
463 2212 626 2259 etiamsi
650 2211 841 2259 inveniri
862 2228 954 2257 non
977 2222 1212 2274 poterant,
1239 2210 1412 2259 finxisse

139 2283 455 2347 malignitatem
478 2321 491 2343 ,
525 2285 836 2348 speftatiffimis
870 2284 1036 2331 aeribus
1070 2301 1228 2330 eorum
1263 2285 1408 2331 offen-

141 2357 228 2402 sam
249 2373 259 2401 :
285 2367 336 2401 ut
358 2357 598 2404 Cimonem
625 2350 839 2404 Miltiadi&
855 2356 994 2403 filium
1019 2357 1314 2403 insimulatum
1338 2358 1410 2402 in-

141 2430 469 2490 temperantiae,
487 2432 565 2493 qui
591 2448 732 2494 prope
753 2432 1073 2477 Eurimedonta
1093 2430 1409 2493 Pamphylium

143 2499 314 2559 flumen
355 2503 580 2551 Persarum
623 2504 844 2567 populum
887 2503 1055 2554 delevit
1097 2503 1376 2551 innumerum
1396 2536 1412 2561 ,
