1626 2917
284 214 503 268 ‘RERUM
533 217 869 265 GESTARUM
905 216 1008 262 HE.
1040 214 1211 261 xxm.
1293 221 1386 276 349

102 328 255 377 ‘tichus
286 326 472 374 nomine
490 326 697 389 panditur
727 324 844 369 finus
868 320 1066 377 australis
1089 339 1099 367 :
1127 319 1244 366 haud
1272 335 1387 382 pro-

108 400 184 451 cul
200 399 302 446 inde
324 396 432 446 alius
446 435 459 456 ,
480 414 614 461 quem
641 410 813 443 vocant
832 395 1066 454 Chaliten,
1086 393 1281 441 occiduo
1302 394 1390 439 obeb

106 473 274 521 'noxius
301 472 441 519 sideri.
476 472 594 517 Hinc
633 468 880 533 praestrictis
907 467 1108 530 pluribus
1134 466 1286 514 insulis
1305 502 1319 525 ,
1359 482 1387 512 e

105 545 271 609 quibus
304 562 455 608 paucae
487 543 589 590 sunt
618 555 739 588 notae
762 578 775 599 ‚
807 540 1019 587 Indorum
1053 540 1163 587 mari
1192 538 1391 603 jungun-

108 630 182 664 tur
209 634 386 665 oceano
403 653 416 674 ,
444 616 523 680 qui
550 614 798 662 ferventem
825 612 931 659 solis
949 626 1175 674 'exortum
1209 613 1391 675 suscipit

106 690 316 738 omnium
344 690 511 753 primus
529 725 542 747 ‚
563 687 652 750 ipse
684 703 866 751 quoque
893 687 1082 733 nimium
1113 687 1277 735 calens.
1306 690 1392 734 Ut-

107 778 195 824 que
221 761 511 826 geographici
532 759 618 807 stili
643 760 922 817 formarunt,
951 761 1033 806 hac
1061 759 1206 822 specie
1236 761 1392 807 distin-

109 834 261 898 guitur
295 835 443 881 omnis
468 833 679 880 circuitus
704 832 962 879 antedissus.
995 832 1065 878 Ab
1088 832 1259 878 Ar&oo
1293 848 1393 879 car-

107 905 214 952 dine
243 905 437 969 adusque
463 905 644 968 Caspias
663 917 815 967 portas
832 903 1030 950 Cadusiis
1060 903 1392 961 conterminat,

109 978 162 1026 &
199 978 466 1044 Scytharum
498 979 705 1043 gentibus
732 977 915 1035 multis,
950 979 999 1025 ὅ(
1027 976 1267 1039 Arimaspis
1303 978 1393 1023 ho-

110 1052 310 1099 minibus
340 1051 467 1099 luscis
488 1054 537 1098 &
560 1051 663 1097 feris
685 1068 696 1097 ε
716 1051 771 1097 ab
792 1049 982 1096 occidua
1003 1050 1130 1113 plaga
1162 1050 1394 1113 contingit

110 1124 350 1171 Armenios
367 1160 381 1182 ‚
412 1125 462 1172 &
478 1124 708 1187 Niphaten
728 1159 739 1176 ‚
765 1125 814 1170 δε
835 1123 882 1169 in
912 1123 1010 1168 Asia
1030 1122 1136 1168 sitos
1164 1122 1394 1180 Albanos,

112 1214 234 1244 mare
259 1198 468 1255 rubrum,
493 1199 543 1245 &
568 1196 763 1245 Scenitas
784 1196 981 1252 Arabas,
1003 1211 1120 1258 quos
1150 1196 1394 1242 Saracenos

110 1270 346 1334 posteritas
370 1270 613 1334 appellavit
633 1287 644 1316 :
682 1267 1057 1330 Mesopotamiam
1089 1267 1167 1316 sub
1190 1285 1271 1314 axe
1294 1284 1395 1314 me·

110 1343 258 1390 ridiali
293 1344 512 1408 despefitat
535 1362 547 1392 ι
584 1342 764 1390 Orienti
789 1360 814 1390 a
838 1342 988 1388 fronte
1015 1342 1267 1389 contrarius
1287 1377 1300 1398 ‚
1338 1342 1395 1388 ad

111 1417 303 1480 Gangen
338 1417 594 1464 extenditur
625 1415 792 1462 flumen
813 1450 827 1471 ‚
854 1414 980 1477 quod
1009 1415 1221 1460 Indorum
1256 1414 1397 1460 inter-

112 1489 265 1537 secans
282 1504 419 1537 terras
434 1526 447 1547 ‚
467 1490 513 1535 in
543 1489 724 1552 pelagus
742 1486 952 1549 ejefi‘tatur
971 1486 1168 1533 australe.
1188 1489 1297 1533 Sunt
1318 1500 1399 1533 au-·

113 1573 204 1608 tem
233 1562 279 1608 in
308 1564 436 1609 omni
473 1557 644 1608 Perside
675 1562 746 1607 hae
775 1560 981 1623 regiones
1013 1560 1217 1606 maximae
1236 1596 1250 1617 ‚
1285 1576 1397 1624 quas

113 1634 316 1693 vitaxae,
342 1635 388 1680 id
413 1633 475 1680 est
491 1670 504 1691 ,
525 1631 718 1697 magistri
748 1632 948 1695 equitum
978 1643 1172 1688 curant,
1209 1634 1257 1679 &
1280 1632 1397 1695 regis

116 1708 297 1772 satrapae
327 1706 465 1770 (nam
494 1707 692 1754 minores
716 1707 926 1770 plurimas
955 1705 1180 1752 recensere
1214 1707 1397 1753 difficile
1468 1744 1472 1746 .

113 1782 179 1829 est
193 1817 207 1841 ‚
238 1784 288 1830 &
308 1778 611 1845 superfluum)
637 1781 836 1846 Assyria,
859 1779 1034 1827 Susiana
1054 1815 1067 1838 ,
1086 1780 1237 1827 Media
1254 1816 1267 1838 ‚
1296 1782 1398 1827 Per·

116 1855 171 1902 fis
191 1876 207 1913 ;
231 1856 407 1902 Parthia
425 1892 438 1913 ,
471 1855 708 1902 Carmania
739 1855 903 1916 major,
922 1850 1179 1916 Hyrcania,
1201 1854 1398 1917 Margia—

117 1942 201 1982 na,
217 1926 433 1974 Bassriani
450 1965 464 1988 ‚
488 1926 730 1992 Sogdiani,
755 1929 875 1974 Sacae
891 1962 904 1983 ‚
924 1925 1107 1990 Scythia
1121 1926 1237 1973 ultra
1254 1929 1399 1974 Emo-

116 1999 220 2046 dem
248 2014 448 2048 montem
466 2037 482 2058 ‚
500 2001 673 2056 Serica,
694 2000 800 2047 Aria
820 2036 832 2057 ‚
860 1998 1193 2060 Paropanisadae
1212 2035 1226 2057 ‚
1244 2000 1398 2046 Dran-

116 2070 245 2137 giana
263 2108 277 2132 ‚
307 2073 548 2120 Arachosia
568 2110 582 2133 ,
620 2076 669 2121 &
696 2072 926 2121 Gedrosia.
953 2073 1077 2119 Citra
1105 2089 1261 2119 omnes
1290 2090 1398 2136 pro«

121 2148 291 2211 pinqua
325 2147 385 2193 est
417 2149 548 2194 nobis
579 2147 784 2211 Affyria,
815 2144 1071 2192 celebritate
1103 2145 1154 2192 &
1176 2146 1397 2208 magnitu-

120 2223 255 2281 dine,
284 2225 335 2270 &
363 2218 629 2269 multiformi
666 2221 891 2268 feracitate
922 2219 1156 2265 ditissima:
1188 2236 1290 2282 quae
1318 2235 1396 2282 per

122 2294 322 2358 populos
353 2294 575 2359 pagosque
601 2294 774 2357 amplos
795 2289 946 2338 diffusa
979 2291 1207 2353 quondam
1237 2292 1286 2337 ὃ(
1311 2308 1397 2337 co-

122 2366 248 2431 piosa
268 2403 283 2425 ‚
315 2364 368 2414 ad
399 2386 539 2415 unum
585 2366 798 2414 concessit
842 2362 1118 2411 vocabulum
1138 2400 1152 2422 ‚
1186 2365 1235 2411 &
1277 2380 1399 2410 nunc

124 2440 274 2486 omnis
296 2442 540 2504 appellatur
559 2441 735 2504 Affyria
759 2457 770 2486 :
801 2437 880 2485 ubi
899 2437 1015 2483 inter
1042 2438 1277 2484 baccarum
1300 2435 1400 2481 vul·-

129 2516 388 2581 gariumque
419 2516 733 2565 abundantiam
764 2513 943 2578 frugum
976 2511 1178 2561 bitumen
1207 2509 1402 2565 nascitur
