1626 2917
1115 106 1135 124 Ο

549 163 595 207 V
624 162 649 205 I
686 161 727 206 T
752 162 811 207 A.
1239 171 1339 207 XIII

138 269 328 318 Videtur
359 267 556 328 tardius,
588 270 638 316 &
673 267 1061 332 quinquagenario
1099 267 1246 330 major
1284 270 1341 317 ad

58 335 334 385 scribendam
369 334 599 382 historiam
622 334 918 393 descendisse,
945 334 991 381 id
1014 335 1100 391 est,
1130 335 1342 381 consum-

60 401 228 448 matior
263 399 368 447 belli
394 399 603 463 pacisque
636 399 944 461 temporibus,
975 402 1026 448 &
1054 399 1156 462 post
1183 400 1340 446 obser-

60 480 188 513 vatas
217 466 406 528 insignes
431 481 578 511 rerum
594 465 792 528 ,quibus
819 464 1047 522 interfuit,
1068 465 1338 511 viciffitudi-

59 547 150 576 nes.
187 533 367 577 Mecum
391 528 549 587 faciet,
567 530 645 593 qui
670 542 870 592 tempus,
891 546 985 593 quo
1015 529 1057 576 se
1082 529 1343 577 adolescen-

59 607 151 642 tem
181 596 323 654 dixit,
347 595 466 643 circa
500 595 711 642 octavum
742 612 903 658 nempe
930 595 1184 642 Constantii
1213 597 1342 642 Con-

57 659 250 708 sulatum
265 696 280 719 ,
301 678 404 708 cum
424 677 480 707 eo
499 660 766 718 contulerit,
787 677 882 723 quo
904 659 1130 707 historiam
1152 660 1342 723 scripsit,

60 725 189 789 quod
218 725 413 789 contigit
435 725 700 771 Theodofio
726 725 999 787 imperante,
1025 725 1098 771 sed
1124 738 1226 772 ante
1251 726 1344 772 rui-

59 807 165 837 nam
185 791 341 853 templi
358 789 578 837 ambitiosi
563 790 749 862 iSerap}
755 791 820 835 dis
845 790 1138 836 Alexandrini
1155 790 1342 852 ,cujus,

60 869 111 902 ut
135 855 285 902 stantis
316 856 482 912 adhuc,
509 855 676 900 memii
682 854 715 900 it
735 854 782 899 in
803 853 991 925 AEgypti
1016 826 1345 917 descriptione,

60 921 113 967 ὅ(
137 921 237 984 post
258 920 462 968 Gratiani
490 931 696 965 mortem.
731 918 872 980 Hujus
898 936 948 964 er
943 937 1016 964 im
1042 933 1094 964 ut
1114 920 1206 966 fato
1236 920 1345 966 fun-

61 985 119 1032 ἂὶ
149 985 206 1033 fic
236 984 440 1031 meminit
473 983 548 1031 lib.
579 986 787 1031 XXVII:
824 988 1111 1045 Imperatorem
1148 985 1346 1049 implffet

61 1069 154 1097 cum
171 1067 343 1097 veterum
361 1049 576 1113 lefiiffi'nzis
603 1054 930 1125 conparandum
951 1086 964 1108 ‚
979 1050 1224 1113 stperfata
1241 1071 1344 1111 pro-

61 1116 275 1177 ximosque
309 1115 512 1178 licuisset,
543 1118 613 1175 qui
641 1118 828 1161 virtutem
856 1133 945 1172 elus
976 1119 1189 1162 etiamtum
1216 1118 1344 1188 insta·-

60 1183 182 1226 bilem
211 1183 505 1227 obnubilarunt
531 1182 684 1226 aflibus
716 1184 877 1240 pravis.
924 1181 1053 1240 Quin
1084 1181 1218 1227 etiam
1247 1198 1344 1240 ejus

60 1257 113 1292 ut
131 1245 302 1292 mortui
318 1245 509 1291 virtutes
532 1262 583 1292 ac
603 1244 740 1302 vitia,
761 1246 860 1291 data
881 1245 1141 1303 occasione,
1163 1246 1344 1293 strictim

50 1322 420 1369 commemorat,
457 1310 579 1356 vivis
618 1327 798 1370 parcere
836 1310 1085 1357 multorum
1130 1312 1345 1374 exemplo

60 1374 232 1421 solitus.
284 1378 400 1445 Nam
434 1375 561 1436 quod
593 1375 857 1421 Theodosio
890 1375 1128 1438 imperium
1160 1390 1344 1440 regente

62 1437 310 1501 scripserit,
328 1437 452 1500 cujus
474 1450 702 1501 parentem
725 1440 1036 1486 Theodosium
1059 1441 1225 1487 eximie
1247 1442 1346 1488 lau-

64 1503 165 1558 dat,
196 1503 374 1566 ejusque
408 1520 477 1549 res
512 1504 647 1565 gestas
679 1504 780 1551 stilo
815 1504 976 1551 altiore
1012 1507 1202 1564 condit,
1232 1509 1283 1555 &
1319 1523 1346 1553 a

63 1569 349 1631 quorundam
380 1569 795 1630 reprehensionibus
824 1569 1051 1629 defendit,
1081 1585 1245 1633 praeter
1274 1571 1347 1621 su-

61 1632 284 1706 periorem
318 1633 537 1679 rationem
567 1633 642 1679 vel
673 1633 776 1680 inde
807 1636 1047 1693 existimo,
1069 1637 1172 1697 quia
1208 1640 1345 1683 leeo-

61 1698 220 1762 closum
241 1699 476 1757 juniorem,
502 1703 641 1745 ducem
669 1700 849 1764 Moesae,
870 1705 1014 1762 prima
1037 1706 1250 1748 etiamtum
1276 1708 1345 1749 la-

61 1767 215 1824 nugine
237 1764 458 1822 juvenem,
481 1768 717 1825 Principem
742 1767 878 1831 postea
906 1767 1124 1830 perfeft'zſj'
1103 1786 1235 1813 mum
1265 1785 1344 1829 ap-

61 1829 196 1888 pellat
226 1829 344 1892 libro
378 1831 553 1876 XXIX.
585 1830 672 1876 Sed
698 1831 901 1877 &seculi
931 1833 1242 1878 Theodosiani
1272 1833 1344 1879 fe-

61 1892 274 1940 licitatem
303 1911 355 1942 ac
383 1894 647 1941 modestiam
673 1895 827 1942 videtu
816 1913 854 1941 r
888 1898 1206 1944 commendare
1238 1897 1344 1945 libri

62 1959 262 2005 XXVIII
292 1959 517 2022 principio
531 1995 546 2017 ,
566 1977 665 2007 cum
688 1961 747 2007 ait
766 1979 776 2008 t
806 1964 1026 2022 Praesentis
1043 1966 1236 2024 temporis
1254 1983 1344 2009 mo-

62 2026 112 2070 de
145 2027 189 2070 ia
203 2024 364 2083 fretus,
383 2029 581 2086 carptim,
600 2043 646 2071 ut
662 2045 824 2087 quccqzte
846 2031 1041 2074 memoria
1066 2031 1197 2090 digna
1204 2029 1340 2089 sient,
1395 2064 1399 2067 -

62 2092 310 2149 explanabo.
346 2090 414 2136 Ab
434 2092 536 2136 VIII
564 2103 708 2136 autem
733 2092 979 2138 Consulatu
1006 2092 1262 2140 Constantii
1289 2093 1343 2138 ad

60 2165 271 2201 exortum
300 2154 548 2202 Theodosii
576 2155 794 2218 Principis
817 2157 922 2203 anni
951 2157 1052 2204 sunt
1080 2159 1266 2217 XXIV,
1287 2158 1342 2204 ad

61 2218 270 2281 Gratiani
299 2221 353 2266 A.
383 2220 548 2266 caedem
583 2221 792 2268 XXVIII.

129 2284 205 2330 De
224 2296 428 2346 tempore
453 2284 610 2332 mortis
630 2303 681 2333 ae
705 2303 865 2350 genere
890 2287 1000 2334 nihil
1023 2287 1195 2344 habeo,
1215 2287 1343 2352 quod

62 2345 240 2395 dicam:
269 2362 442 2396 tantum
471 2367 668 2408 mone0‚
690 2353 1008 2398 Ammianum
999 2371 1045 2398 in
1073 2353 1224 2400 studiis
1258 2354 1344 2398 do-

63 2411 299 2459 &rinarum
329 2415 384 2460 ad
413 2429 580 2461 extren
586 2432 662 2461 um
693 2415 830 2478 usque
847 2419 964 2464 'vitaz
994 2418 1196 2477 spiritum
1232 2434 1342 2478 ope·

63 2491 157 2524 ram
176 2478 392 2546 possiiffe3
414 2496 470 2528 ex
494 2496 640 2545 eoque
669 2482 868 2548 colligo,
897 2485 1024 2547 quod
1048 2483 1151 2531 dum
1180 2481 1340 2546 populi
