1626 2917
185 210 249 251 ¹54
401 192 733 238 AMMiANI
785 192 1255 242 MARCELLINJ

185 314 319 359 agens
340 298 487 344 vicem
512 311 827 344 armaturarum
848 300 1058 358 refloris‚
1090 302 1140 347 &
1162 299 1463 360 Seniauchus,
1488 300 1493 308 ’

184 371 260 431 qui
281 363 522 434 eiquestrem
542 383 730 417 turmam
752 373 968 419 comitum
991 375 1220 432 tuebatur,
1240 378 1289 422 ἃ
1309 376 1462 436 Bappo

183 444 349 491 ducens
375 456 640 506 promotos,
674 462 775 492 cum
803 446 1042 494 commistis
1074 447 1151 493 fibi
1189 465 1211 494 a
1243 448 1462 510 principe.

182 518 381 580 Urgebat
397 517 520 564 causa
536 519 792 566 communis
809 520 936 566 velut
953 521 1132 584 propria
1147 557 1160 579 ,
1179 521 1273 568 vim
1293 521 1463 569 cunffis

183 591 435 638 arcentibus
473 604 678 639 veterum
722 593 929 652 exemplo
956 612 966 640 :
1003 593 1225 656 instarque
1266 594 1464 642 fluminis

182 662 387 711 hostibus
409 664 644 727 superfusi,
666 681 760 712 non
786 664 905 727 justo
926 667 1118 729 proelio,
1139 667 1210 715 sed
1231 668 1466 716 discursio-

185 738 316 785 nibus
336 738 638 800 praedatoriis,
664 739 898 786 universos
919 739 964 786 in
990 739 1138 803 fugam
1166 758 1357 806 coegere
1376 741 1466 790 foe-

184 814 433 861 diffimam:
465 815 542 878 qui
576 815 752 876 disperii
787 808 943 861 laxatis
977 815 1238 873 ordinibus,
1271 816 1468 872 dumque

187 887 302 935 elabi
320 900 563 950 properant
584 887 783 949 impediti
801 922 814 942 ‚
834 903 1030 950 corpora
1050 889 1265 934 nudantes
1284 888 1444 936 imffia
1457 924 1470 944 ,

185 962 437 1024 gladiorum
455 961 763 1023 hastarumque
788 961 929 1007 denfis
948 961 1105 1008 ictibus
1131 962 1469 1009 truncabantur.

187 1035 414 1100 Multique
444 1053 546 1082 cum
573 1036 700 1097 equis
732 1030 949 1082 interfeffi
969 1073 981 1090 ‚
1001 1035 1191 1095 jacentes
1212 1036 1343 1082 eriam
1371 1048 1475 1082 tum¹

184 1125 345 1156 eorum
367 1110 505 1156 dorsis
527 1110 796 1155 videbantur
820 1109 972 1154 innexi
991 1125 1002 1153 :
1025 1125 1118 1171 quo
1139 1109 1238 1156 viso
1266 1127 1423 1156 omnes
1443 1126 1469 1157 e

186 1181 337 1229 castris
370 1181 522 1239 effusi,
557 1182 631 1244 qui
669 1181 851 1243 prodire
875 1181 920 1226 in
953 1181 1165 1243 proelium
1203 1198 1303 1227 cum
1338 1180 1470 1228 sociis

185 1251 492 1315 ambigebant,
525 1251 717 1299 cavendi
741 1250 1028 1297 immemores
1054 1250 1345 1312 proterebant
1366 1249 1470 1295 bar-

185 1325 338 1372 baram
358 1325 533 1387 plebem
549 1360 563 1380 ‚
587 1324 666 1369 nisi
687 1341 802 1382 quos
823 1323 925 1385 fuga
951 1336 1174 1369 exemerat
1194 1323 1331 1370 mor-ti
1348 1339 1361 1378 ;
1380 1322 1471 1368 cal-

188 1409 341 1459 cantes
375 1396 640 1443 cadaverum
674 1395 837 1452 strues,
869 1396 918 1441 &
953 1394 1115 1457 perfufi
1145 1394 1262 1441 sanie
1292 1399 1470 1457 perem-

186 1480 354 1516 torum.
389 1470 583 1531 Hocque
603 1468 728 1513 exitu
752 1467 920 1528 proelio
942 1468 1208 1526 terminato,
1226 1471 1472 1531 imperator

180 1538 499 1590 ¹Mediolanum
519 1543 574 1589 ad
600 1542 786 1588 hiberna
807 1559 951 1590 ovans
973 1541 1159 1589 revertit
1178 1544 1226 1590 δέ
1244 1541 1388 1588 laetus.

254 1620 312 1664 V.
330 1617 546 1664 Exoritur
571 1616 660 1679 jam
684 1616 792 1663 hinc
823 1617 955 1664 rebus
983 1616 1151 1663 affliciis
1173 1616 1290 1662 haud
1311 1614 1471 1678 dispari

185 1691 532 1754 provinciarum
554 1691 701 1749 malo,
733 1691 1029 1738 calamitatum
1055 1690 1188 1736 turbo
1210 1706 1438 1736 novarum
1457 1707 1470 1736 τ

186 1764 481 1811 exstinCturus
515 1765 669 1812 omnia
708 1765 860 1822 simul,
898 1765 943 1813 ni
978 1764 1162 1812 fortuna
1194 1763 1471 1809 moderatrix

187 1838 490 1885 humanorum
510 1839 685 1886 casuum
699 1875 712 1895 ‚
731 1853 903 1886 motum
924 1851 1092 1886 eventu
1112 1837 1244 1885 celeri
1264 1836 1471 1884 consum-

188 1910 339 1956 maffet
367 1910 598 1973 impendio
624 1912 927 1959 formidatum.
963 1913 1078 1958 Cum
1106 1910 1316 1956 diuturna
1343 1908 1472 1955 incu-

187 1982 253 2028 ria
282 1983 441 2030 Galliae
471 1986 610 2032 caedes
637 1986 837 2040 acerbas,
866 1984 1129 2047 rapinasque
1160 1985 1207 2030 &
1237 1980 1472 2038 incendia,

189 2054 388 2102 barbaris
409 2056 596 2104 licenter
613 2057 901 2120 grassantibus
917 2091 930 2110 ,
950 2055 1075 2102 nullo
1100 2054 1283 2113 juvante
1303 2053 1469 2115 perfer-

190 2138 319 2183 rent3
340 2127 551 2175 Silvanus
571 2128 781 2191 pedestris
801 2127 969 2174 militiae
990 2128 1153 2182 recior,
1172 2140 1220 2172 ut
1241 2127 1398 2173 efficax
1417 2125 1473 2172 ad

188 2199 287 2246 haec
309 2200 571 2263 corrigenda
591 2236 601 2254 ‚
619 2201 833 2264 principis
849 2201 961 2261 juffu
980 2199 1205 2262 perrexit,
1226 2198 1474 2246 Arbetione

190 2269 237 2317 id
257 2273 463 2318 maturari
483 2273 628 2320 modis
641 2310 655 2331 ‚
681 2273 841 2336 quibus
860 2285 1036 2334 poterat
1051 2308 1063 2329 ‚
1081 2272 1306 2334 adigente,
1329 2283 1379 2318 ut
1398 2271 1472 2318 ab·

190 2343 302 2391 senti
326 2344 491 2390 aemulo
505 2380 518 2401 ‚
538 2362 671 2407 quem
694 2345 907 2407 superesse
925 2345 1065 2392 adhuc
1085 2344 1378 2407 gravabatur,
1396 2357 1473 2406 pe-

190 2415 397 2463 riculosae
423 2417 557 2464 molis
581 2434 696 2464 onus
718 2417 998 2482 impingeret.
1020 2421 1070 2443 ⁴¹*
1092 2416 1351 2480 Dynamius
1372 2416 1473 2478 qui-

190 2489 292 2536 dam
324 2489 541 2538 aiiuarius
573 2489 854 2539 sarcinalium
887 2490 1101 2555 principis
1133 2489 1474 2553 jumentorum,
