1626 2917
177 105 203 150 8
402 109 732 154 AMMlANI
776 111 1227 158 MARCELLINI

175 210 248 257 die
273 212 419 274 primo
448 213 640 275 adusque
672 217 815 262 noetis
843 217 1018 264 initium
1049 220 1278 267 miffilibus
1307 226 1452 268 certass

172 284 315 332 batur.
351 287 467 333 Tum
496 288 749 336 defensores
782 291 935 338 animo
970 295 1221 355 praestantes
1256 297 1304 342 &
1336 294 1452 340 viri-

174 357 256 403 bus
274 394 286 414 ,
309 376 385 420 per
408 364 743 425 propugnacula
765 365 922 413 ciliciis
944 367 1140 429 undique
1170 369 1310 414 laxius
1338 385 1452 429 pan-

172 429 226 475 fis
242 465 255 484 ,
275 448 375 492 quae
397 433 590 480 telorum
610 436 802 499 impetus
828 438 1116 496 cohiberent,
1138 440 1302 486 obtecti
1322 438 1453 486 scutis

173 502 345 550 vimine
379 504 625 556 firmiffimo
664 512 820 569 textis,
859 515 908 560 &
945 514 1188 560 crudorum
1224 526 1455 576 tergorum

173 574 385 625 densitate
411 581 605 641 vestitis,
636 586 899 634 validiffime
924 588 1202 646 resistebant,
1224 587 1362 633 ferrea
1383 585 1457 631 ni-

173 648 337 696 mirum
365 652 477 700 facie
502 657 661 704 omni:
693 660 796 721 quia
820 659 997 706 laminae
1024 660 1206 723 singulis
1226 659 1456 706 membro-

174 736 273 767 rum
294 723 573 776 lineamentis
596 732 874 780 cohaerenter
894 746 1072 795 aptatae,
1089 733 1181 779 fido
1201 733 1457 797 operimen-

175 805 227 840 to
256 809 398 845 totam
419 800 615 851 hominis
636 804 826 867 speciem
854 808 1166 869 contegebant.
1201 808 1256 851 Et
1275 804 1457 866 aliquo-

177 863 261 911 ties
283 868 536 919 Hormisdae
557 876 605 922 ὅ(
627 876 846 940 indigenae
871 880 920 925 &
941 880 1098 942 regalis
1125 876 1355 940 colloquia
1375 891 1457 938 pe-

175 948 322 987 tentes
345 943 500 991 obnise
518 983 531 1004 ,
563 950 942 1012 propinquantem
974 951 1151 1013 probris
1181 963 1312 1011 atque
1341 963 1458 994 con-

178 1011 315 1057 viciis
332 1027 382 1060 ut
402 1017 512 1063 male
532 1018 666 1066 fidum
695 1021 963 1068 inceffebant
983 1025 1031 1069 &
1052 1023 1320 1068 desertorem
1338 1037 1348 1064 :
1375 1019 1458 1065 hac

178 1082 299 1130 lenta
323 1088 612 1138 cavillatione
639 1094 726 1140 diei
753 1096 938 1141 maxima
960 1108 1081 1157 parte
1105 1106 1306 1149 exemta,
1328 1104 1459 1136 tene-

178 1156 361 1206 brarum
401 1162 575 1212 silentio
615 1168 763 1229 primo
801 1169 1101 1216 multiformes
1134 1169 1327 1214 admotae
1360 1163 1459 1210 sunt

178 1232 426 1293 machinae,
451 1252 690 1301 coeptaque
717 1242 905 1290 altitudo
928 1241 1205 1303 complanari
1232 1239 1459 1285 foffarum.

179 1303 300 1362 Quae
341 1308 532 1356 vixdum
575 1314 780 1376 ambigua
821 1316 918 1363 luce
957 1314 1211 1362 defensores
1250 1310 1459 1358 intentius

180 1382 504 1443 contemplati,
525 1401 580 1431 eo
603 1390 863 1446 accedente,
884 1391 1006 1452 quod
1026 1387 1280 1450 angularem
1302 1384 1461 1431 turrim

181 1447 294 1498 {Eius
313 1452 484 1502 foravit
505 1459 652 1506 arietis
675 1461 925 1508 violentior
939 1500 951 1521 ‚
982 1462 1142 1509 reliffis
1165 1459 1362 1506 civitatis
1381 1458 1462 1502 du-

179 1523 372 1585 plicibus
391 1530 529 1578 muris
544 1567 558 1590 ,
578 1534 885 1582 continentem
904 1549 1128 1599 occupant
1149 1551 1292 1581 arcem
1308 1569 1320 1589 ‚
1339 1531 1462 1593 aspe-

182 1598 220 1643 ri
256 1602 424 1649 montis
459 1604 707 1669 interrupta
738 1609 920 1671 planitie
958 1608 1273 1672 superpositam
1296 1603 1461 1663 :cujus

181 1674 395 1722 medietas
416 1676 462 1724 in
483 1679 667 1728 sublime
699 1683 996 1746 consurgens,
1025 1682 1153 1729 tereti
1181 1679 1347 1727 ambitu
1381 1682 1461 1721 Ar·

182 1746 324 1807 golici
345 1747 455 1796 scuti
474 1751 662 1814 speciem
686 1755 971 1814 ostendebat,
994 1755 1071 1801 nifi
1091 1753 1214 1817 quod
1234 1769 1255 1798 a
1276 1750 1462 1811 septem-

184 1820 338 1867 trione
378 1823 451 1882 id,
479 1827 606 1888 quod
646 1830 912 1876 rotunditati
940 1830 1115 1886 deerat,
1144 1827 1189 1872 in
1227 1820 1462 1885 Euphratis

184 1891 351 1941 fluenta
389 1899 598 1959 projeEtae
632 1917 781 1950 cautes
817 1903 1082 1950 eminentius
1115 1900 1380 1947 tuebantur:
1414 1894 1462 1938 in

185 1980 274 2025 qua
304 1970 576 2018 excellebant
608 1975 740 2020 minae
776 1991 1010 2022 murorum
1027 2010 1042 2031 ,
1066 1969 1284 2019 bitumine
1305 1969 1352 2014 &
1379 1982 1462 2012 co-

186 2037 361 2086 &ilibus
398 2042 619 2094 laterculis
662 2047 913 2107 fabricatae,
950 2064 1045 2112 quo
1086 2043 1259 2092 :edificii
1302 2055 1463 2104 genere

187 2111 300 2158 nihil
318 2114 400 2160 effe
421 2118 557 2164 tutius
579 2121 764 2167 constat.
789 2124 973 2185 Jamque
999 2118 1196 2166 ferocior
1217 2116 1342 2161 miles
1361 2130 1464 2192 pet-

188 2184 291 2230 vasa
318 2188 448 2246 urbe,
477 2209 608 2254 quam
636 2194 809 2240 viderat
843 2211 1060 2249 vacuam,
1087 2189 1295 2237 adversus
1326 2203 1462 2249 Opp1·

188 2258 330 2305 danos
357 2261 411 2306 ab
436 2281 536 2311 arce
565 2266 829 2313 multimoda
854 2268 939 2313 tela
969 2265 1203 2311 fundentes
1227 2262 1315 2307 acri
1346 2276 1461 2306 con-

188 2334 392 2380 tentione
426 2339 662 2399 pugnabat.
694 2340 810 2385 Cum
841 2339 960 2384 enim
995 2338 1127 2382 iidem
1159 2332 1462 2396 prohibitores

190 2408 422 2471 catapultis
447 2411 705 2464 nostrorum
726 2427 985 2479 urgerentur
1004 2425 1133 2476 atque
1154 2409 1330 2457 ballistis
1352 2405 1461 2471 :ipsi
