1626 2917
269 141 489 188 RERUM
523 141 863 189 GESTARUM
891 143 995 190 LIB.
1031 143 1188 190 XXX.
1285 163 1371 193 221

97 244 306 292 audiendi
334 247 459 294 causa
486 265 539 294 ex
561 260 656 295 tota
678 249 853 295 Graecia
876 247 971 296 fieri
997 248 1151 296 solitos
1171 285 1183 307 ‚
1211 267 1378 299 monu-

99 317 262 364 mentis
295 319 457 366 Atticis
492 319 780 366 continetur:
809 323 858 367 &
899 321 1170 368 Callistratus
1191 357 1206 380 ,
1243 340 1378 386 quem

98 391 300 438 nobilem
332 393 452 439 illam
484 393 614 455 super
647 395 812 455 Oropo
849 392 1044 450 causam,
1064 394 1140 457 qui
1175 394 1300 442 locus
1330 398 1378 444 in

97 465 271 511 Euboea
290 464 378 522 est,
401 479 684 528 perorantem
704 501 718 523 ,
740 465 856 511 idem
879 465 1207 513 Demosthenes
1228 503 1240 524 ‚
1263 471 1376 516 Aca-

96 536 241 582 demia
261 553 361 584 cum
393 537 578 584 Platone
609 537 756 583 reliCta
774 572 788 594 ‚
807 536 988 582 se&atus
1012 535 1072 581 est
1096 553 1106 581 τ
1135 549 1182 582 ut
1214 539 1377 602 Hype-

95 609 232 666 rides,
254 612 302 657 &
323 610 554 658 AEschines
571 647 584 667 ‚
616 612 666 658 &
696 609 950 656 Andocides
969 644 981 666 ‚
1005 611 1053 656 &
1083 609 1339 660 Dinarchus
1361 651 1376 674 ‚

96 683 144 729 &
165 683 401 745 Antiphon
436 683 509 729 ille
538 681 834 729 Rhamnusius
853 718 868 740 ,
890 698 1022 744 quem
1053 683 1113 729 ob
1147 682 1374 733 defensum

93 756 325 818 negotium
358 757 565 803 omnium
598 755 788 819 primum
817 756 1056 818 antiquitas
1086 758 1281 818 prodidit
1300 778 1376 809 ac-

95 828 255 890 cepiffe
283 830 546 876 mercedem.
576 831 672 875 Nec
702 828 847 875 minus
878 828 993 890 apud
1020 830 1254 878 Romanos
1276 833 1374 880 Ru-

94 899 205 957 tilii,
236 902 285 948 &
308 901 464 947 Galbae
481 937 494 958 ‚
525 902 573 948 &
594 900 745 948 Scauri
765 935 778 958 ,
809 899 904 947 vita
923 935 936 956 ,
961 901 1161 949 moribus
1178 938 1191 961 ‚
1224 903 1375 969 fruga-

94 969 306 1033 litateque
335 971 535 1034 speetati,
555 973 602 1018 &
627 971 775 1032 postea
798 988 874 1032 per
896 972 1036 1018 varias
1066 975 1154 1020 aevi
1184 976 1374 1040 sequen-

93 1045 149 1091 tis
175 1058 324 1093 aetates
350 1045 568 1102 censorii,
591 1046 638 1091 &
670 1043 923 1090 consulares
952 1046 1083 1091 multi
1105 1082 1118 1105 ,
1145 1049 1194 1096 ὃ(
1213 1050 1373 1098 trium-

92 1118 248 1180 phales
268 1153 282 1175 ‚
309 1118 448 1164 Craffi
468 1119 516 1164 δε
543 1116 732 1164 Antonii
752 1151 765 1175 ‚
785 1118 834 1163 δε
863 1134 964 1163 cum
999 1118 1215 1182 Philippis
1252 1125 1373 1172 Scae-

93 1190 217 1237 volae
235 1189 400 1254 aliique
427 1190 649 1236 numerosi
668 1225 682 1246 ‚
711 1188 810 1251 post
831 1189 1051 1237 exercitus
1075 1193 1372 1256 prosperrime

93 1262 252 1308 duEtos
268 1298 281 1321 ‚
312 1262 412 1325 post
439 1262 649 1309 viROrias
673 1262 721 1308 &
742 1275 910 1323 tropaea
926 1297 938 1319 ‚
966 1262 1176 1312 civilibus
1206 1267 1373 1330 stipen-

94 1333 271 1380 diorum
304 1334 466 1381 officiis
493 1333 749 1381 floruerunt
772 1334 1055 1397 :laureasque
1076 1335 1164 1383 fori
1194 1338 1372 1401 specio-

93 1405 147 1452 fis
174 1406 489 1453 certaminibus
528 1418 836 1468 occupantes,
878 1405 1054 1453 summis
1093 1409 1246 1470 gloriae
1281 1413 1371 1458 ho·-

92 1479 280 1528 noribus
332 1479 603 1527 fruebantur.
658 1479 760 1525 Post
807 1496 923 1543 quos
981 1483 1369 1535 excellentiffimus

92 1552 299 1598 omnium
336 1552 502 1599 Cicero
534 1588 547 1610 ‚
580 1552 795 1598 orationis
831 1552 1078 1614 imperiosae
1110 1554 1370 1607 fluminibus

91 1622 206 1686 saepe
242 1625 464 1687 deprefl'os
496 1625 670 1688 aliquos
702 1624 972 1686 judiciorum
1011 1626 1202 1688 eripiens
1237 1630 1369 1676 flam-

90 1698 206 1755 mis,
231 1719 316 1745 non
345 1700 511 1758 defhndi
544 1703 728 1745 homines
752 1699 843 1762 fine
875 1702 1168 1760 vituperatione
1191 1704 1367 1769 fortaſj}

85 1771 226 1836 poffi,·
258 1777 504 1836 negligenter
534 1773 698 1832 defendi
716 1773 811 1837 stne
826 1774 974 1833 scelere
1005 1794 1090 1821 non
1115 1775 1258 1839 poſjie,
1288 1778 1368 1825 fir·-

88 1835 250 1894 mabat.
273 1849 332 1892 At
361 1863 481 1894 nunc
502 1846 656 1893 videre
687 1845 748 1892 est
770 1862 847 1908 per
880 1849 1002 1892 Eoos
1023 1863 1179 1895 omnes
1205 1851 1367 1899 mistus

90 1916 294 1964 violenta
323 1918 372 1964 ὃ(
401 1917 673 1979 rapaciffima
704 1933 863 1980 genera
894 1917 1128 1965 hominurn
1161 1938 1238 1983 per
1266 1923 1365 1971 fora

88 1987 243 2035 omnia
281 1989 570 2036 volitantium
592 2024 607 2046 ,
637 1991 685 2036 &
718 1989 1029 2035 subsidentium
1068 1992 1232 2040 divites
1277 1997 1365 2042 do-

86 2076 185 2107 mus
201 2095 216 2118 ‚
245 2073 293 2106 ut
317 2063 558 2124 Spartanos
590 2078 718 2108 canes
739 2074 812 2108 aut
830 2063 982 2108 Cretas
1000 2099 1014 2121 ‚
1035 2063 1216 2128 vestigia
1242 2067 1363 2132 saga-

88 2132 186 2180 cius
218 2133 475 2196 colligendo
497 2170 512 2190 ,
540 2134 595 2180 ad
622 2134 711 2196 ipsa
745 2134 908 2181 cubilia
939 2138 1178 2197 pervenire
1212 2142 1364 2188 causa-

87 2221 201 2251 rum.
224 2208 271 2250 ln
297 2206 363 2253 his
393 2207 560 2269 primus
585 2206 644 2252 est
666 2220 810 2254 coetus
834 2225 989 2254 eornm
1006 2244 1018 2267 ,
1040 2211 1118 2272 qui
1140 2212 1362 2262 seminan-

88 2278 150 2324 do
181 2278 352 2326 diversa
383 2279 523 2343 jurgia
556 2297 633 2343 per
663 2281 921 2327 vadimonia
955 2283 1075 2329 mille
1110 2284 1361 2346 jaetantum

88 2351 322 2399 viduarum
351 2353 497 2415 postes
519 2356 567 2401 &
591 2356 807 2401 orborum
836 2355 988 2402 limina
1014 2357 1258 2408 deterentes
1281 2397 1291 2415 ,
1312 2364 1361 2409 &

88 2438 162 2480 aut
195 2426 310 2475 inter
340 2427 642 2478 discordantes
673 2429 871 2492 amicos,
904 2443 978 2479 aut
1002 2434 1358 2498 propinquantes
