1626 2917
168 203 252 259 ‘¹73
356 197 694 246 ArvffittANI
745 199 1245 246 MARCELLINI

160 308 374 356 stratione
400 306 481 353 vili
508 303 746 352 transmissa
762 341 775 361 ,
798 304 1016 353 incendiis
1044 306 1166 354 arida
1186 306 1439 355 nutrimen-

161 394 314 429 torum
352 379 565 425 varietate
591 375 886 424 crescentibus
913 412 927 435 ,
968 377 1204 441 fugitantes
1239 379 1439 442 inopiam

160 453 342 517 pabuli,
368 451 444 498 sub
461 449 683 496 montium
715 448 901 511 pedibus
927 466 1005 512 per
1023 451 1162 507 valles
1192 451 1441 515 gramineas

159 524 438 574 incedebant.
460 523 673 584 Cumque
699 520 892 568 Bebasen
918 521 1071 570 villam
1091 522 1332 582 venissent,
1352 541 1440 571 un-

160 600 216 644 de
245 597 296 644 ad
323 592 670 642 Constantinam
703 593 838 657 usque
860 593 1106 656 oppidum,
1137 595 1265 658 quod
1290 609 1441 643 cente-

160 675 274 721 fimo
296 671 440 734 lapide
473 668 742 732 disparatur,
768 668 972 716 arescunt
996 669 1150 717 omnia
1181 660 1439 734 fiti‘perpe-

159 760 236 793 rua
251 782 266 804 ‚
289 744 366 791 nisi
388 742 514 807 quod
541 742 587 787 in
616 741 761 804 puteis
780 758 892 804 aqua
919 742 1136 805 reperitur
1155 743 1282 789 exilis
1297 779 1310 801 ,
1331 743 1439 806 quid

160 831 343 884 agerent
375 817 451 863 diu
484 813 709 871 cunctati,
735 813 910 877 jamque
929 813 1110 861 suorum
1131 815 1302 862 duritiae
1323 814 1440 862 fidu·

159 893 231 940 cia
268 887 528 947 transituri,
558 886 846 949 exploratore
882 885 974 932 fido
1006 886 1198 934 docente
1217 923 1231 945 ,
1260 904 1440 952 cogno-

158 966 289 1014 scunt
321 963 587 1026 Euphratem
616 959 796 1007 nivibus
834 958 1058 1006 tabefaffls
1088 959 1289 1007 inflatum
1308 996 1324 1019 ,
1353 962 1440 1009 late

159 1038 263 1086 fufis
295 1035 539 1101 gurgitibus
559 1033 765 1097 evagari:
787 1032 980 1095 ideoque
1010 1028 1132 1079 vado
1161 1050 1442 1096 nequaquam

159 1110 285 1176 poffe
304 1107 490 1155 transiri.
512 1108 861 1153 Convertuntur
889 1121 997 1168 ergo
1028 1105 1081 1151 ad
1109 1121 1158 1151 ea
1177 1141 1191 1162 ‚
1223 1122 1324 1168 quae
1345 1123 1441 1152 am·

158 1180 388 1247 plectenda
415 1177 600 1224 fortuita
621 1177 743 1223 daret
761 1176 938 1224 occasio
953 1212 968 1233 ,
987 1175 1059 1237 spe
1086 1188 1305 1239 concepta
1323 1193 1442 1238 prae-

159 1270 228 1303 ter
254 1251 520 1316 opinionem
547 1248 743 1296 exclusi:
773 1264 824 1296 ac
856 1248 1093 1311 proposito
1126 1264 1210 1311 pro
1242 1249 1439 1312 abrupto

159 1343 309 1374 rerum
336 1321 618 1387 praesentium
648 1319 758 1366 statu
785 1319 962 1383 urgenti
990 1320 1181 1367 consilio
1203 1356 1218 1377 ,
1239 1321 1439 1367 Antoni·
1494 1372 1496 1375 ,

158 1416 245 1447 nus
272 1398 447 1454 dicere,
470 1394 579 1458 quid
602 1391 787 1450 sentiat,
817 1391 950 1453 juffus
977 1392 1153 1438 orditur
1170 1428 1184 1449 ,
1213 1392 1329 1440 fleffi
1356 1393 1439 1441 iter

158 1473 343 1521 suadens
366 1470 412 1516 in
442 1468 673 1515 dexterum
703 1465 815 1512 latus
834 1501 847 1523 ,
876 1477 926 1511 ut
963 1480 1041 1526 per
1073 1464 1327 1528 longiorem
1348 1467 1440 1513 cir-

159 1548 331 1600 cuitum
352 1582 365 1605 ,
395 1539 599 1592 omnium
628 1555 776 1588 rerum
811 1537 889 1585 usu
924 1538 1158 1601 regionum
1187 1538 1399 1586 feracium
1421 1575 1438 1597 ‚

159 1624 211 1669 &
228 1615 586 1668 consideratione
604 1630 652 1666 ea
665 1649 678 1670 ,
702 1626 790 1675 qua
805 1611 945 1657 rectus
965 1621 1167 1674 pergeret
1184 1609 1344 1668 hostis,
1362 1612 1439 1658 ad-

158 1696 247 1742 huc
275 1690 534 1738 intaetarum
556 1721 570 1744 ,
604 1684 740 1733 castra
767 1683 858 1728 duo
888 1681 1153 1744 praesidiaria
1178 1682 1356 1729 Barzala
1388 1685 1440 1732 &

159 1767 347 1815 Laudias
367 1771 619 1827 peterentur
642 1756 726 1804 sese
747 1757 951 1803 dt1&ante
971 1773 982 1801 ε
1007 1754 1085 1800 ubi
1104 1754 1249 1802 tenuis
1268 1754 1439 1804 fluvius

158 1854 304 1903 prope
331 1834 551 1898 originem
571 1832 620 1878 δε
643 1827 876 1895 angustus,
903 1825 1120 1888 nullisque
1141 1825 1287 1872 adhuc
1309 1825 1437 1890 aquis

156 1909 346 1961 advenis
370 1904 624 1955 adolescens
642 1939 657 1960 ,
675 1901 804 1949 facile
831 1899 1051 1963 penetrari
1074 1897 1241 1961 poterit
1269 1910 1319 1944 ut
1349 1914 1436 1945 va-

157 1983 305 2031 dosus.
323 1981 402 2026 His
423 1976 582 2025 auditis
596 2012 609 2031 ‚
634 1974 906 2036 laudatoque
928 1970 1100 2016 suasore
1115 2005 1129 2028 ,
1154 1970 1203 2016 &
1220 1968 1333 2031 juffo
1351 1970 1437 2016 du-

158 2074 286 2114 cere,
311 2070 398 2118 qua
416 2066 576 2108 norat,
596 2047 769 2113 agmina
795 2046 949 2094 cunita
974 2045 1029 2091 ab
1053 2043 1257 2091 instituto
1276 2043 1435 2091 itinere

157 2126 378 2180 conversa
407 2122 628 2188 praevium
660 2119 966 2184 sequebantur.

220 2201 338 2248 VIII.
370 2200 480 2258 Quo
513 2194 644 2243 certis
674 2191 1054 2257 speculationibus
1089 2188 1278 2253 cognito
1299 2225 1313 2248 ,
1348 2205 1435 2238 nos

156 2273 451 2338 disposuimus
472 2284 714 2334 properare
733 2266 973 2321 Samosata,
992 2278 1056 2323 ut,
1075 2264 1280 2327 superato
1301 2264 1434 2310 exin-

157 2352 212 2397 de
237 2346 420 2394 flumine
439 2380 452 2402 ,
486 2343 783 2406 pontiumque
815 2340 932 2402 apud
961 2339 1156 2401 Zeugma
1182 2339 1232 2386 &
1261 2339 1434 2401 Caper-

156 2423 255 2471 sana
290 2417 503 2480 junfiluris
531 2413 718 2462 absciffis
738 2449 752 2470 ,
780 2411 960 2459 hostiles
982 2411 1174 2472 impetus
1191 2444 1205 2467 ,
1227 2408 1258 2455 fi
1286 2408 1432 2470 juvis-

157 2500 219 2544 set
252 2493 347 2541 sors
379 2491 495 2551 ulla,
527 2488 852 2552 repelleremus.
883 2486 966 2533 Sed
1000 2483 1193 2548 contigit
1212 2496 1346 2531 atrox
1378 2486 1428 2532 &
