1626 2917
287 137 506 185 RERUM
541 138 880 186 GESTARUM
916 140 1018 185 LIB.
1052 140 1247 187 XXVII.
1321 156 1410 205 109

129 244 282 291 Ponto
305 244 494 302 labenti,
517 245 806 309 pergentique
839 245 1044 292 fluffibu‘s
1075 246 1320 310 reciprocis
1355 248 1412 294 ad

129 319 363 380 AEgaeum,
398 317 630 364 discidium
666 318 874 380 panditur
907 333 1125 366 terrarum
1162 320 1410 383 angustum.
1478 384 1481 385 7

128 393 199 437 Ex
234 392 401 455 angulo
438 405 586 438 tamen
623 392 834 438 orientali
876 394 1181 440 Macedonicis
1207 393 1408 458 jungitur

127 464 375 513 collimitiis
393 482 472 528 per
485 467 621 512 arEias
636 465 973 529 praecipitesque
991 468 1104 524 vias,
1120 485 1218 530 quae
1237 484 1410 531 cogno--

126 537 356 585 minantur
392 539 657 585 Acontisma
678 557 690 585 ε
712 539 784 585 cui
813 539 1019 600 proxima
1051 539 1265 586 Arethusa
1293 556 1411 586 con-

126 611 260 658 vallis
279 613 329 660 &
349 612 476 659 statio
492 649 505 670 ,
532 612 579 658 in
607 629 693 676 qua
714 612 870 660 visitur
891 615 1113 677 Euripidis
1133 615 1408 676 sepulcrum,

125 684 444 747 tragoediarum
467 684 734 732 sublimitate
761 686 1020 749 conspicui,
1038 689 1086 733 &
1113 688 1281 749 Stagira
1297 723 1310 743 ‚
1330 687 1407 732 ubi

127 759 412 806 Aristotelem
428 795 442 817 ‚
462 772 510 805 ut
529 759 706 806 Tullius
724 758 810 816 ait,
834 759 1094 806 fundentem
1115 777 1295 805 aureum
1324 759 1409 805 ssu-

126 848 230 877 men
248 868 262 888 ,
291 832 544 895 accepimus
569 845 733 879 natum.
763 834 873 879 Haec
896 849 1081 895 quoque
1107 831 1258 895 priscis
1294 846 1409 879 tem-

125 905 310 967 poribus
331 905 432 952 loca
462 905 635 951 barbari
663 919 878 963 tenuere,
906 923 1086 952 morum
1120 906 1405 954 sermonum-

123 995 213 1041 que
243 979 458 1026 varietate
491 979 728 1026 diffimiles.
761 983 795 1025 E
817 980 977 1042 quibus
1007 994 1166 1041 praeter
1198 980 1334 1039 alios,
1356 996 1406 1028 ut

123 1050 378 1098 immaniter
406 1052 602 1110 efferati,
619 1053 892 1098 timebantur
920 1053 1112 1115 Odrysae
1130 1089 1142 1107 ‚
1161 1053 1220 1099 ita
1246 1054 1406 1101 huma-

121 1141 229 1170 num
260 1124 445 1172 fundere
478 1125 737 1190 sanguinem
770 1126 949 1183 affueti,
970 1138 1045 1184 ut,
1074 1134 1176 1173 cum
1210 1128 1404 1175 hostium

120 1194 254 1256 copia
281 1211 375 1241 non
396 1196 594 1251 daretur,
621 1196 697 1258 ipsi
724 1196 840 1242 inter
866 1198 1017 1259 epulas
1042 1197 1142 1260 post
1169 1198 1259 1245 cibi
1280 1200 1404 1248 satie-

119 1280 255 1314 tatem
276 1269 326 1315 &
346 1282 481 1330 potus
496 1304 509 1326 ,
532 1268 643 1326 suis,
671 1268 798 1315 velut
817 1270 970 1315 alienis
985 1307 999 1327 ,
1031 1271 1298 1332 corporibus
1317 1272 1403 1318 im-

90 1341 365 1402 'primerent
402 1340 582 1388 ferrum.
615 1343 783 1386 Verum
827 1343 952 1387 ancia
992 1343 1218 1404 republica
1245 1379 1260 1400 ‚
1297 1345 1402 1392 dum

122 1412 357 1459 consulare
388 1413 561 1476 vigeret
600 1412 836 1475 imperium
861 1448 875 1469 ‚
912 1414 987 1458 has
1025 1425 1178 1476 gentes
1218 1415 1405 1464 antehac

121 1485 292 1548 semper
309 1486 572 1543 indomitas,
596 1486 894 1549 vagantesque
923 1486 1014 1531 fine
1041 1487 1163 1533 cultu
1190 1487 1265 1533 vel
1292 1488 1403 1550 legi-

121 1558 204 1604 bus
229 1594 243 1616 ,
278 1562 453 1606 Marcus
489 1559 654 1605 Didius
686 1559 857 1622 ingenti
889 1558 1182 1606 destinatione
1218 1562 1402 1622 preffit3

121 1631 300 1679 Drusus
333 1632 450 1678 intra
482 1632 594 1678 fines
633 1632 861 1679 continuit
889 1632 1133 1694 propriosg,
1174 1633 1402 1682 lviinucius

120 1722 264 1767 prope
281 1723 457 1752 amnem
478 1707 678 1751 Hebrum
698 1740 712 1761 ‚
731 1722 754 1750 a
774 1704 895 1750 celiis
922 1704 1203 1767 Odrysarum
1228 1707 1401 1752 monti-

120 1783 204 1827 bus
230 1780 442 1827 ssuentem
462 1817 476 1839 ‚
496 1780 722 1842 superatos
753 1779 919 1841 proelio
945 1777 1127 1825 stravit:
1161 1779 1260 1840 post
1285 1796 1401 1842 quos

119 1854 278 1900 residui
311 1855 367 1900 ab
397 1854 550 1916 Appio
586 1851 781 1898 Claudio
812 1849 1084 1912 proconsule
1115 1849 1214 1896 sunt
1241 1849 1398 1899 infesta

118 1925 461 1973 concertatione
495 1924 645 1971 deleti.
675 1922 856 1985 Oppida
883 1922 1001 1968 enim
1028 1922 1074 1968 in
1093 1923 1301 1985 Bosporo
1323 1925 1399 1972 sita

121 2000 170 2045 ὅ(
196 1997 474 2060 Propontide
508 1996 656 2042 classes
681 1995 919 2042 obtinuere
942 1995 1176 2041 Romanae.
1197 1996 1398 2044 Advenit

120 2071 221 2136 post
253 2073 338 2119 hos
371 2072 614 2135 imperator
647 2069 887 2125 Lucullus,
923 2068 1001 2132 qui
1035 2086 1135 2115 cum
1174 2069 1397 2118 duriffima

119 2158 250 2207 gente
280 2146 506 2199 Bessorum
536 2143 747 2191 conflixit
773 2141 975 2189 omnium
997 2141 1164 2204 primus
1185 2159 1196 2189 ε
1218 2143 1400 2190 eodem-

119 2235 209 2280 que
239 2218 409 2280 impetu
449 2218 810 2265 AEmimontanos
848 2217 1006 2262 acriter
1038 2215 1280 2263 resistentes
1309 2234 1398 2280 op-

121 2290 284 2353 preffit.
315 2291 425 2349 Quo
455 2290 714 2336 imminente
733 2325 746 2346 ,
776 2289 985 2336 Thraciae
1011 2306 1167 2336 omnes
1188 2292 1235 2336 in
1265 2292 1397 2338 ditio-

119 2380 222 2409 nem
253 2375 456 2410 veterum
490 2363 696 2409 transiere
728 2363 983 2408 nostrorum
1006 2381 1017 2409 ε
1043 2365 1224 2427 hocque
1255 2367 1396 2411 modo

122 2435 222 2498 post
256 2437 514 2499 procinfiius
538 2436 787 2499 ancipites,
816 2435 1072 2498 reipublicae
1104 2437 1176 2484 sex
1206 2437 1398 2500 provin-
