1626 2917
240 198 328 246 190
427 182 769 228 AMMIANI
820 182 1323 230 MARCELmNt

232 290 406 336 viderat
428 289 674 352 sepulturas
691 325 704 348 ,
724 301 775 336 ut
804 290 918 337 bene
942 289 1143 338 meritam
1171 290 1218 338 in
1239 290 1368 338 silvas
1394 287 1517 337 abire

232 363 395 412 dimisit
434 362 682 410 innoxiam.
708 364 948 426 Exop.....
978 363 1117 410 simile
1145 362 1251 410 sedit
1264 399 1367 412 .....
1401 366 1425 388 ⁴*
1460 366 1485 387 ⁴*

296 437 372 482 lV.
414 436 469 481 Et
509 435 607 482 haec
646 434 829 499 quidem
871 452 1050 482 morum
1089 434 1185 496 ejus
1216 438 1265 484 &
1299 433 1516 498 proposui

231 508 406 555 cruenti
440 508 538 555 sunt
571 509 844 556 documenta
872 508 1128 555 veriffima:
1160 508 1368 555 sollertiae
1404 524 1518 555 vero

231 580 352 629 circa
395 579 718 643 rempublicam
761 579 974 644 nusquam
1013 580 1298 644 digredientis
1320 616 1335 639 ‚
1374 597 1518 643 neque

231 672 332 702 eum
364 655 439 701 vel
465 655 741 702 obtre&ator
764 654 976 718 pervicax
1005 653 1248 702 incusabit:
1274 654 1384 700 illud
1404 668 1519 702 con*-

233 727 476 791 templans,
501 727 627 790 quod
655 726 794 789 majus
827 726 1023 790 pretium
1053 742 1204 789 operae
1232 725 1415 774 forsitan
1445 743 1520 773 re-

232 800 389 864 gendis
423 799 572 848 verius
600 799 741 846 milite
775 798 1000 856 barbaris,
1031 815 1165 861 quam
1202 798 1432 862 pellendis.
1466 800 1521 845 Et

233 880 337 919 cum
378 871 562 919 dediffet
598 872 623 894 ⁸
658 875 683 897 ¹*
720 887 745 918 e
787 870 1006 934 speculis,
1044 870 1075 916 fi
1110 871 1210 935 quis
1245 870 1440 917 hostium
1479 868 1523 915 se

234 944 581 1003 commovisset,
602 943 786 1007 desuper
810 943 927 993 visus
945 943 1231 992 obruebatur.
1260 943 1523 1008 Agitabatur

235 1028 384 1064 autem
412 1015 528 1062 inter
555 1015 828 1079 multiplices
856 1031 982 1064 curas
1015 1015 1060 1062 id
1089 1015 1296 1062 omnium
1325 1015 1522 1077 primum

235 1093 285 1139 &
312 1089 586 1153 potiffimum
603 1125 616 1143 ,
637 1102 686 1136 ut
712 1091 990 1137 Macrianum
1021 1106 1170 1153 regem
1202 1090 1375 1136 anetum
1407 1089 1522 1135 intur

234 1163 507 1211 mutationes
528 1162 701 1209 crebras
719 1161 1033 1210 sententiarum
1047 1198 1059 1221 ,
1076 1160 1255 1224 jamque
1276 1161 1322 1208 in
1342 1161 1479 1208 nostr<
1501 1179 1522 1209 s

236 1235 396 1283 adultis
424 1233 596 1280 viribus
618 1233 924 1297 exsurgentem
942 1269 955 1292 ,
976 1234 1022 1281 vi
1044 1233 1315 1296 superstitem
1347 1248 1520 1296 raperet

236 1308 312 1355 vel
345 1306 538 1364 insidiis,
559 1318 610 1352 ut
638 1305 785 1352 multo
814 1318 918 1352 ante
945 1306 1269 1353 Vadomarium
1294 1306 1488 1355 Julianus
1510 1324 1522 1353 z

239 1382 288 1428 &
309 1378 501 1443 provisis
515 1415 528 1437 ,
550 1395 648 1442 quae
670 1376 902 1442 negotium
922 1376 1132 1440 poscebat
1150 1379 1198 1426 &
1217 1390 1390 1441 tempus
1406 1415 1421 1436 ,
1440 1396 1523 1432 co?

239 1452 460 1518 gnitoque
489 1450 816 1515 transfugarum
845 1449 1050 1509 indiciis,
1086 1449 1163 1498 ubi
1197 1451 1521 1514 comprehendi

240 1527 352 1575 nihil
371 1526 609 1589 opperiens
630 1524 799 1588 poterit
819 1525 1062 1572 antedifiius
1077 1561 1091 1584 ,
1111 1524 1245 1573 tacite
1261 1562 1275 1582 ,
1302 1537 1522 1589 quantum

241 1600 455 1650 conceffit
479 1599 689 1657 facultas,
709 1616 764 1646 ne
785 1599 862 1663 qui
882 1599 1163 1647 conserendo
1185 1600 1389 1647 officeret
1406 1617 1524 1663 pon-

241 1675 303 1733 ti,
333 1672 483 1734 junxit
517 1672 710 1719 navibus
735 1672 957 1719 Rhenum.
990 1675 1046 1718 Et
1065 1673 1333 1737 antegressus
1365 1685 1523 1721 contra

241 1744 474 1793 Mattiacas
495 1760 629 1807 aquas
650 1742 819 1806 primus
838 1744 1029 1791 Severus
1043 1779 1057 1801 ,
1082 1743 1158 1807 qui
1178 1743 1420 1807 pedestrem
1443 1762 1524 1792 cu-

241 1818 366 1865 rabat
391 1815 638 1865 exercitum
656 1852 677 1877 ,·
692 1816 904 1880 perpensa
932 1816 1122 1864 militum
1146 1816 1365 1880 paucitate
1391 1818 1523 1864 terri-

243 1902 313 1937 tus
333 1888 450 1936 stetit
467 1925 479 1948 ‚
500 1887 685 1946 timens,
706 1905 761 1935 ne
779 1888 972 1936 resistere
994 1889 1208 1954 nequiens
1222 1925 1236 1948 ‚
1257 1889 1522 1937 irruentium

244 1962 576 2025 opprimeretur
595 1959 824 2007 hostilium
846 1961 1072 2025 agminum
1092 1961 1227 2008 mole.
1252 1962 1306 2007 Et
1329 1961 1434 2024 quia
1455 1962 1524 2007 su-

245 2037 495 2100 spicabatur
517 2035 694 2082 venalia
719 2036 930 2082 ducentes
960 2035 1182 2098 mancipia
1210 2034 1402 2092 scurras,
1425 2033 1536 2089 casu,

245 2113 340 2160 illic
362 2124 563 2175 repertos
579 2147 595 2169 ‚
620 2110 665 2157 id
686 2111 809 2175 quod
828 2110 1034 2158 viderant
1052 2107 1238 2157 excursu
1259 2109 1391 2156 celeri
1410 2126 1525 2155 nun-

245 2185 355 2232 tiare
369 2220 383 2243 ,
401 2185 585 2232 cunitos
599 2221 612 2244 ‚
631 2184 852 2231 mercibus
873 2183 1082 2246 direptis,
1100 2180 1282 2229 occidit.
1308 2182 1523 2228 Adventu

246 2259 394 2322 itaque
414 2258 607 2321 plurium
629 2256 863 2320 copiarum
879 2256 1059 2304 animati
1075 2255 1245 2319 judices
1259 2291 1273 2314 ‚
1289 2255 1526 2319 castrisque

247 2331 302 2378 ad
337 2343 510 2394 tempus
545 2330 852 2378 breviffimum
895 2328 1024 2388 fixis,
1054 2327 1157 2392 quia
1189 2345 1273 2375 nec
1313 2326 1523 2374 sarcinale

248 2402 498 2465 jumentum
517 2403 764 2467 quisquam,
782 2419 864 2450 nec
884 2401 1219 2450 tabernaculum
1235 2399 1389 2448 habuit
1410 2416 1524 2462 prae-

247 2491 314 2525 ter
330 2477 580 2542 Principem
598 2514 611 2540 ,
636 2479 708 2527 cui
728 2490 894 2542 tapetes
913 2476 1169 2526 suffecerant
1190 2492 1274 2540 pro
1295 2474 1491 2523 tentorio
1512 2497 1520 2524 :
