1626 2917
200 236 287 299 338
392 233 746 281 AMMlANI
792 232 1290 279 MARCELLINI

199 352 386 389 cavatus
405 376 417 397 ‚
447 341 496 387 &
524 340 609 387 hac
640 339 881 402 multiplici
910 340 1081 387 chorda
1102 338 1350 388 nervorum
1385 352 1486 387 tor-

194 414 342 461 tilium
365 412 585 475 illigatus:
615 411 745 474 eique
768 411 968 458 cochleae
991 413 1088 458 duae
1111 412 1267 476 ligneae
1286 412 1486 475 conjun-

198 499 369 551 guntur
397 484 610 548 aptissime
630 521 641 543 ,
673 502 859 549 quarum
884 502 1028 548 prope
1049 503 1181 532 unam
1203 487 1348 534 affistit
1376 487 1485 533 arti-

196 561 272 608 fex
304 558 668 621 contemplabilis
689 595 702 617 ,
731 561 781 605 &
813 559 1030 604 subtiliter
1055 560 1243 621 apponit
1266 560 1311 606 in
1335 573 1484 606 temo-

194 635 264 681 nis
295 634 531 680 cavamine
551 633 748 695 sagittam
772 633 964 697 ligneam
985 633 1158 694 spiculo
1180 634 1348 695 majore
1367 651 1483 682 con-

192 707 458 771 glutinatam
482 724 492 752 :
515 707 694 769 hocque
717 705 836 752 fatto
853 743 866 765 ,
889 707 993 752 hinc
1014 706 1117 752 inde
1139 707 1276 754 validi
1296 707 1484 769 juvenes

193 780 377 827 versant
414 779 589 844 agiliter
623 781 862 827 rotabilem
894 781 1077 827 flexum.
1103 782 1218 827 Cum
1252 782 1305 828 ad
1335 794 1484 828 extre·-

189 853 392 901 mitatem
416 869 663 901 nervorum
693 869 882 899 acumen
911 853 1087 899 venerit
1113 852 1359 912 summum,
1384 872 1486 917 per-

190 923 282 971 cita
311 924 493 969 interno
528 923 659 986 pulsu
678 941 701 969 a
726 923 894 969 ballista
923 941 980 969 ex
1014 924 1160 971 oculis
1194 921 1348 972 avolat
1368 962 1382 984 ,
1410 927 1483 973 in-

189 998 372 1045 terdum
406 997 549 1042 nimio
572 997 733 1042 ardore
754 996 994 1043 scintillans
1013 1015 1022 1042 :
1049 999 1098 1044 &
1123 998 1277 1044 evenit
1298 997 1454 1060 saepius
1469 1035 1484 1058 ,

192 1083 243 1117 ut
278 1082 515 1133 antequam
547 1070 684 1115 telum
717 1085 959 1128 cernatur,
988 1070 1123 1116 clolor
1151 1071 1281 1117 letale
1315 1071 1484 1119 vulnus

187 1143 420 1208 agnoscat.
448 1142 712 1205 Scorpionis
742 1159 889 1189 autem
907 1179 922 1199 ,
951 1160 1082 1205 quem
1112 1145 1336 1206 appellant
1357 1162 1480 1192 nunc

188 1233 415 1280 onagrum
435 1251 448 1274 ,
468 1214 724 1275 hujusmodi
748 1215 894 1262 forma
915 1215 986 1262 est.
1008 1217 1240 1263 Dolantur
1265 1234 1370 1264 axes
1390 1218 1481 1264 duo

190 1290 380 1356 quernei
402 1290 476 1336 vel
511 1289 657 1346 nicei,
699 1304 1036 1352 curvanturque
1069 1291 1360 1338 mediocriter
1384 1328 1397 1347 ,
1435 1307 1483 1340 ut

193 1363 457 1428 prominere
493 1362 732 1408 videantur
765 1361 810 1407 in
846 1361 999 1424 gibbas
1020 1397 1031 1418 ,
1052 1363 1187 1425 hique
1215 1363 1261 1409 in
1295 1367 1481 1411 modum

191 1435 443 1483 serratoriae
471 1434 689 1494 machinae
715 1435 1048 1481 connectuntur
1070 1470 1083 1491 ,
1115 1451 1172 1480 ex
1201 1448 1393 1498 utroque
1418 1438 1483 1483 la-

191 1523 287 1557 tere
322 1508 546 1573 patentius
576 1507 792 1571 perforati
819 1525 829 1553 :
866 1524 980 1571 quos
1012 1507 1130 1555 inter
1163 1526 1242 1571 per
1269 1527 1482 1558 cavernas

192 1583 323 1630 funes
354 1581 626 1645 colligantur
648 1581 818 1627 robusti
839 1615 850 1635 ‚
883 1597 1147 1645 compagem
1167 1618 1178 1639 ,
1211 1599 1266 1628 ne
1285 1583 1482 1642 diffiliat,

191 1655 494 1702 continentes.
515 1652 585 1698 Ab
607 1653 686 1698 bac
708 1652 942 1698 medietate
966 1652 1146 1697 restium
1169 1651 1340 1714 ligneus
1364 1653 1482 1702 stilus

190 1727 431 1790 exsurgens
459 1726 702 1788 obliquus,
723 1727 770 1772 δέ
803 1725 846 1770 in
881 1726 1065 1771 modum
1096 1725 1256 1787 jugalis
1286 1729 1482 1776 temonis

189 1800 361 1864 erectus
377 1836 390 1857 ,
412 1800 472 1845 ita
493 1815 741 1844 nervorum
763 1798 945 1845 nodulis
973 1798 1258 1860 implicatur,
1284 1810 1333 1844 ut
1351 1799 1482 1847 altius

192 1873 297 1921 tolli
318 1873 464 1936 possit,
488 1874 535 1920 &
554 1872 757 1919 inclinari
775 1890 785 1918 :
807 1872 1140 1934 summitatique
1159 1870 1252 1932 ejus
1272 1872 1378 1918 unci
1396 1872 1481 1919 fer-

191 1947 257 1993 rei
284 1946 558 2009 copulantur
576 1981 589 2003 ,
622 1962 644 1992 e
671 1945 833 2006 quibus
860 1945 1023 2007 pendet
1042 1944 1222 2006 stuppea
1245 1946 1319 1990 vel
1338 1945 1481 1993 ferrea

190 2021 330 2068 funda
359 2039 371 2067 τ
403 2021 476 2067 cui
505 2021 633 2084 ligno
663 2019 931 2066 fulmentum
961 2017 1260 2080 prosternitur
1287 2018 1444 2082 ingens
1465 2056 1479 2076 ‚

192 2095 392 2142 cilicium
417 2095 553 2158 paleis
575 2094 832 2141 confertum
866 2092 1049 2139 minutis
1069 2129 1082 2148 ‚
1108 2092 1268 2138 validis
1293 2093 1480 2139 nexibus

187 2168 409 2231 illigatum
432 2204 445 2225 ‚
474 2170 521 2216 &
545 2168 745 2214 locatum
777 2167 905 2230 super
925 2165 1162 2229 congestos
1185 2166 1381 2227 caespites
1404 2168 1479 2213 vel

193 2240 422 2286 latericios
438 2256 628 2303 aggeres.
657 2241 772 2286 Nam
795 2256 930 2286 muro
950 2230 1083 2285 saxeo
1104 2239 1356 2299 hujusmodi
1376 2258 1479 2288 mo-

192 2314 256 2360 les
293 2313 525 2376 impolita,
558 2312 755 2373 disiectat
786 2314 1010 2377 quidquid
1041 2313 1266 2361 invenerit
1299 2313 1478 2373 subter,

195 2387 492 2435 concussione
515 2388 716 2434 violenta
733 2423 747 2446 ‚
770 2403 866 2433 non
898 2387 1112 2450 pondere.
1133 2388 1246 2433 Cum
1269 2387 1404 2451 igitur
1425 2387 1479 2433 ad

196 2460 584 2507 concertationem
604 2473 791 2508 ventum
815 2459 974 2516 fuerit,
993 2458 1138 2520 lapide
1155 2459 1352 2504 rotundo
1373 2458 1478 2504 fun-

195 2535 264 2581 dae
289 2535 502 2599 impolito
518 2570 533 2593 ,
557 2533 763 2598 quaterni
787 2530 1046 2581 altrinsecus
1066 2529 1258 2594 juvenes
1286 2547 1479 2596 repagu-
