1626 2917
215 145 301 193 108
399 147 742 194 AMMIANI
791 147 1293 195 MARCELLINI

208 253 318 300 vilia
348 254 463 300 bella
496 254 731 316 coeptanti.
762 257 882 318 Ergo
909 255 1159 314 convenit,
1181 273 1321 318 pauca
1353 254 1485 319 super

206 327 362 373 harum
395 327 570 391 origine
602 327 840 392 regionum
878 329 929 376 &
958 328 1042 375 fitu
1074 329 1369 377 transcurrere
1403 345 1485 391 per

207 398 393 445 brevem
412 400 647 446 excessum.
675 403 776 446 Erat
795 401 1090 448 Thraciarum
1108 402 1347 464 descriptio
1372 401 1487 447 faci-

206 472 260 517 lis
284 508 299 528 ‚
330 472 361 518 fi
392 483 565 519 veteres
596 473 892 520 concinerent
926 473 1012 520 stili
1041 493 1051 521 :
1077 491 1269 538 quorum
1296 474 1487 521 obscura

205 544 398 591 varietas
417 546 634 608 quoniam
656 564 770 608 opus
790 546 1023 593 veritatem
1040 547 1282 610 professum
1307 563 1399 593 non
1420 546 1489 607 ju·

204 627 298 674 vat,
319 615 530 675 sufficiet,
552 634 620 674 ea,
638 634 739 681 quae
762 618 916 664 vidiffe
935 618 1240 677 meminimus,
1261 619 1488 680 expedire.

204 689 294 735 Has
322 701 459 736 terras
489 690 700 737 immensa
736 692 965 755 quondam
1004 708 1267 754 camporum
1298 691 1489 753 placidi-

202 774 293 809 tate
313 781 613 827 aggerumque
637 764 869 811 altitudine
890 764 1014 811 fuiffe
1034 766 1280 828 porrefilas,
1299 765 1489 812 Homeri

205 836 415 897 perennis
444 836 685 883 auftoritas
714 837 878 896 docet,
910 837 1185 901 Aquilonem
1218 838 1268 884 &
1301 838 1489 900 Zephy-

203 924 301 953 rum
333 921 500 955 ventos
531 909 693 956 exinde
724 909 856 968 flare,
877 909 1085 974 fingentis
1112 928 1123 956 ε
1153 911 1279 974 quod
1316 922 1391 957 aut
1419 909 1489 955 fa-

201 980 409 1027 bulosum
444 982 533 1039 est,
564 995 637 1028 aut
666 984 829 1030 traditus
862 984 1047 1030 antehac
1079 982 1223 1030 diffufi
1258 983 1489 1037 latissime.

202 1052 495 1116 destinatique
530 1053 792 1100 nationibus
834 1054 940 1100 feris
962 1091 975 1111 ,
1008 1055 1158 1101 cunfti
1192 1055 1488 1102 Thraciarum

203 1125 437 1171 vocabulo
465 1125 772 1172 censebantur.
801 1128 856 1172 Et
881 1139 1051 1187 partem
1081 1143 1229 1173 earum
1258 1127 1490 1173 habitave-

204 1213 251 1243 re
272 1197 496 1244 Scordisci
517 1234 529 1254 ‚
559 1198 696 1261 longe
718 1215 838 1245 nunc
866 1199 921 1244 ab
943 1198 1096 1244 iisdem
1129 1199 1383 1260 provinciis
1404 1199 1489 1245 dis-

204 1269 369 1331 parati,
404 1269 512 1315 saevi
543 1271 772 1332 quondam
796 1271 846 1317 &
868 1282 1042 1326 truces,
1062 1283 1112 1317 ut
1137 1271 1373 1333 antiquitas
1405 1272 1490 1318 do-

204 1353 276 1388 cet
293 1377 306 1399 ‚
338 1341 493 1388 hostiis
513 1342 800 1405 captivorum
828 1343 1027 1389 Bellonae
1054 1343 1230 1390 litantes
1253 1346 1303 1391 &
1320 1345 1450 1390 Marti
1472 1381 1489 1402 ‚

201 1415 541 1479 humanumque
572 1415 830 1480 sanguinem
862 1416 909 1462 in
939 1416 1105 1463 offibus
1140 1417 1336 1478 capitum
1365 1418 1490 1465 cavis

202 1488 406 1536 bibentes
425 1489 634 1536 avidius:
659 1506 854 1553 quorum
887 1488 1117 1552 asperitate
1139 1489 1239 1552 post
1269 1490 1488 1553 multipli-

204 1578 277 1607 ces
303 1578 551 1625 pugnarum
580 1578 799 1609 aerumnas
828 1561 941 1625 saepe
962 1578 1030 1608 res
1052 1563 1260 1608 Romana
1294 1575 1452 1609 vexata
1472 1598 1490 1621 ,

201 1634 432 1697 postremo
447 1651 630 1682 omnem
647 1635 789 1682 amifit
801 1634 1046 1683 exercitum
1065 1652 1168 1682 cum
1184 1637 1368 1682 redtore.
1385 1636 1489 1693 Sed,

203 1720 254 1753 ut
275 1724 399 1755 nunc
429 1708 675 1766 cernimus,
704 1709 857 1756 eadem
888 1709 991 1756 loca
1017 1708 1206 1756 formata
1230 1709 1276 1754 in
1307 1709 1488 1755 cornuti

203 1780 355 1827 sideris
381 1783 566 1829 modum
585 1818 598 1840 ,
626 1782 842 1845 effingunt
862 1782 1022 1828 theatri
1052 1780 1209 1828 faciem
1230 1780 1489 1842 speciosam.

203 1853 349 1915 Cujus
383 1855 428 1901 in
457 1855 703 1902 summitate
731 1855 1003 1902 occidentali
1040 1854 1272 1900 montibus
1318 1870 1487 1916 praeru-

202 1928 292 1990 ptis
322 1928 533 1976 denfitate
560 1930 808 1976 Succorum
828 1927 1060 1990 patescunt
1080 1926 1289 1990 angustiae
1307 1962 1321 1981 ‚
1340 1927 1487 1972 Thra-

203 2001 291 2048 cias
323 2001 580 2048 dirimentes
609 2004 658 2049 &
695 2002 900 2048 Daciam.
927 2003 1099 2047 Partem
1129 2017 1244 2046 vero
1275 2000 1488 2047 sinistram

203 2074 368 2122 ar&ois
396 2074 642 2123 obnoxiam
672 2073 803 2120 stellis
827 2073 1174 2121 AEmimontanae
1208 2072 1488 2119 celsitudines

202 2145 422 2193 claudunt
445 2183 460 2203 ,
494 2159 543 2192 ut
585 2148 633 2193 &
666 2146 800 2204 Ister,
834 2162 921 2208 qua
964 2147 1220 2191 Romanum
1260 2145 1485 2206 caespitem

201 2219 395 2276 lambit,
423 2219 610 2266 urbibus
630 2219 781 2266 multis
810 2222 860 2267 &
889 2218 1039 2266 castris
1070 2218 1306 2281 contiguus
1330 2221 1379 2266 &
1408 2236 1485 2265 ca-

202 2292 353 2340 stellis.
382 2294 463 2339 Per
482 2293 686 2339 dextrum
701 2329 715 2351 ‚
749 2293 876 2356 quod
895 2292 1078 2339 australe
1106 2291 1167 2337 est
1184 2327 1196 2349 ‚
1218 2293 1331 2338 latus
1348 2329 1361 2349 ‚
1383 2292 1484 2339 sco-

201 2365 300 2428 puli
326 2365 572 2412 tenduntur
606 2366 886 2428 Rhodopes:
919 2364 1035 2411 unde
1067 2367 1212 2410 Eoum
1243 2363 1372 2425 jubar
1405 2381 1485 2410 ex-

200 2434 361 2500 surgit,
383 2432 538 2481 finitur
567 2435 613 2481 in
641 2434 834 2483 fretum:
864 2434 937 2484 cui
968 2434 1179 2482 undosius
1206 2436 1261 2482 ab
1297 2435 1482 2482 Euxino
