1626 2917
370 189 589 235 RERUM
626 188 964 235 GESTARUM
998 188 1104 234 LIB.
1136 188 1281 234 XVII.
1387 205 1472 252 123

192 311 275 344 nea
295 296 499 360 quaedam
520 295 697 343 occulta
719 294 934 357 fossasque
963 294 1201 345 multifidas
1222 295 1357 343 latere
1379 297 1483 358 plu-

191 371 332 419 rimos
350 407 363 429 ,
390 370 466 418 ubi
498 370 644 418 habile
672 370 813 418 visum
841 370 975 417 fuerit
1006 367 1260 434 erupturos.
1286 371 1391 417 Aufi
1411 383 1482 417 ta-

189 460 296 490 men
331 460 489 491 omnes
529 443 740 491 accedere
780 443 1059 490 fidentiffime
1079 479 1094 502 ‚
1123 442 1303 491 ilicibus
1333 441 1486 492 incifis

190 517 243 563 &
270 516 481 574 fraxinis,
507 515 767 579 roboreque
795 515 989 562 abietum
1011 532 1177 579 magno
1209 515 1382 563 semitas
1410 516 1480 562 in·

189 605 359 637 venere
389 588 646 637 constratas.
686 589 884 651 Ideoque
914 588 1165 651 gradientes
1201 589 1374 636 cautius
1410 606 1483 636 re-

190 673 297 721 tro,
330 679 424 709 non
456 661 536 708 nisi
563 679 641 724 per
675 661 895 708 anfi-ailus
927 662 1092 725 longos
1125 663 1175 709 &
1203 661 1380 724 asperos
1411 662 1485 708 ul-

191 748 256 781 tra
285 735 495 799 progredi
518 734 665 796 poffe,
694 734 776 780 vix
809 733 1165 798 indignationem
1201 734 1483 796 capientibus

189 806 378 863 animis,
403 807 710 853 advertebant.
736 807 792 852 Et
819 807 1037 869 quoniam
1071 805 1184 852 aeris
1216 818 1373 852 urente
1402 806 1485 852 sae-

190 879 329 938 vitia,
356 897 457 926 cum
483 879 808 927 discriminibus
831 877 1001 924 ultimis
1035 877 1324 924 laborabatur
1343 877 1485 925 incas·

192 951 288 999 sum
310 989 324 1010 ,
359 951 670 1017 (aequinoctio
699 951 868 1013 quippe
894 950 1139 997 autumnali
1177 950 1336 996 exa&o
1358 985 1372 1007 ‚
1403 967 1484 1012 per

194 1043 274 1075 eos
303 1027 465 1073 trailus
494 1025 728 1088 superfusae
765 1025 896 1072 nives
935 1025 1183 1088 opplevere
1213 1038 1391 1071 montes
1429 1025 1485 1070 fi-

196 1099 290 1146 mul
315 1101 365 1147 &
399 1097 620 1160 campos)
640 1114 754 1160 opus
779 1110 1002 1159 arreptum
1021 1097 1080 1144 est
1100 1097 1405 1144 memorabile.
1429 1100 1486 1144 Et

193 1169 299 1216 dum
319 1169 468 1217 nullus
488 1169 715 1215 obsisteret
737 1205 750 1227 ,
771 1170 1100 1216 munimentum
1121 1205 1134 1227 ,
1153 1170 1279 1232 quod
1303 1169 1348 1214 in
1383 1169 1487 1215 Ala-

191 1260 462 1291 mannorum
493 1244 592 1291 solo
634 1245 866 1292 conditum
913 1244 1138 1305 Trajanus
1178 1244 1258 1290 suo
1295 1244 1484 1291 nomine

191 1318 343 1368 voluit
372 1319 616 1382 appellari,
642 1319 814 1366 dudum
845 1317 1097 1365 violentius
1132 1330 1444 1381 oppugnatum
1469 1354 1484 1374 ,

192 1392 492 1439 tumultuario
535 1391 683 1447 studio
718 1404 974 1453 reparatum
1015 1391 1107 1437 est:
1137 1390 1385 1454 locatisque
1421 1391 1484 1437 ibi

193 1481 281 1528 pro
306 1476 512 1526 tempore
547 1463 877 1522 defensoribus,
899 1480 955 1510 ex
985 1463 1279 1510 barbarorum
1303 1462 1485 1509 visceri-

193 1535 277 1584 bus
313 1539 521 1585 alimenta
553 1537 759 1601 congesta
791 1538 904 1585 sunt.
929 1539 1049 1598 Quae
1083 1537 1148 1583 illi
1176 1548 1393 1583 maturata
1428 1538 1484 1583 ad

195 1611 314 1657 suam
346 1611 588 1675 perniciem
622 1611 1008 1674 contemplantes,
1031 1621 1242 1672 metuque
1272 1608 1336 1654 rei
1355 1625 1484 1671 pera-

196 1687 276 1732 &ae
304 1685 556 1732 volucriter
589 1684 882 1747 congregati,
917 1684 1126 1746 precibus
1154 1684 1204 1730 &
1233 1682 1484 1729 humilitate

195 1754 397 1818 suprema
424 1755 617 1818 petiere,
649 1755 780 1801 miffis
816 1755 1098 1813 oratoribus,
1130 1770 1286 1817 pacem
1314 1772 1324 1800 :
1348 1770 1483 1818 quam

196 1829 364 1886 Caesar,
390 1829 517 1875 omni
541 1828 836 1900 copfiliorum
859 1829 934 1875 via
961 1827 1134 1875 firmata
1150 1863 1164 1885 ‚
1183 1827 1382 1875 causatus
1407 1845 1482 1874 ve-

195 1903 393 1950 risimilia
428 1902 645 1967 plurima,
672 1919 750 1965 per
782 1903 935 1950 decem
966 1902 1183 1949 mensium
1215 1902 1377 1948 tribuit
1408 1902 1485 1947 in-

195 1978 434 2025 tervallum
463 1995 474 2024 :
511 1977 556 2024 id
584 1977 796 2023 nimirum
829 1975 1000 2023 sollerti
1031 1976 1249 2039 colligens
1294 1988 1445 2021 mente
1466 2010 1482 2032 ,

197 2052 321 2114 quod
344 2050 509 2108 castra,
527 2049 654 2113 supra
681 2067 815 2114 quam
840 2049 985 2113 optari
1007 2049 1158 2112 potuit
1187 2061 1407 2111 occupata
1431 2048 1486 2094 fi-

197 2139 254 2170 ne
274 2123 506 2171 obstaculo
521 2160 534 2179 ,
563 2125 804 2172 tormentis
841 2123 1087 2170 muralibus
1107 2124 1158 2170 &
1174 2134 1386 2185 apparatu
1410 2123 1485 2168 de·

196 2196 354 2243 herent
387 2197 542 2244 valido
574 2197 861 2245 communiri.
891 2198 984 2243 Hac
1015 2194 1178 2242 fiducia
1203 2210 1291 2242 tres
1321 2194 1485 2241 imma-

197 2269 360 2317 niffimi
389 2287 512 2333 reges
544 2284 767 2318 venerunt
785 2307 799 2327 ,
818 2271 996 2316 tandem
1018 2269 1259 2333 aliquando
1280 2267 1367 2330 jam
1388 2280 1482 2314 tre-

196 2343 320 2406 pidi,
348 2359 403 2389 ex
427 2343 525 2402 his,
551 2344 631 2407 qui
656 2343 812 2391 misere
839 2343 971 2390 viciis
996 2344 1112 2406 apud
1134 2345 1483 2405 Argentoratum

195 2416 393 2474 auxilia,
414 2415 608 2476 jurantes
638 2417 873 2481 conceptis
902 2417 989 2464 ritu
1010 2417 1158 2478 patrio
1198 2415 1376 2471 verbis,
1410 2413 1483 2458 ni-

194 2490 261 2539 hil
284 2490 534 2555 inquietum
566 2491 743 2540 afturos
765 2527 782 2550 ‚
809 2491 882 2539 sed
895 2489 1078 2539 'foedera
1108 2490 1163 2539 ad
1184 2488 1487 2554 praestitutum
