1626 2917
355 201 575 249 RERUM
609 200 947 250 GESTARUM
983 201 1085 248 LlB.
1115 201 1239 248 XIX.
1342 214 1431 265 199

160 321 254 353 non
273 305 563 354 inordinatim
580 342 593 365 ,
609 318 656 353 ut
675 319 824 365 antea,
848 306 920 353 sed
939 307 1145 368 tubarum
1167 304 1314 352 sonitu
1339 303 1433 351 leni

160 380 366 427 duslante
384 415 398 438 ‚
418 380 549 426 nullis
567 381 930 443 procursantibus
949 380 1242 437 incedebant,
1265 378 1435 426 machi-

159 466 317 497 narum
335 464 504 514 opertae
525 452 794 515 tegminibus
808 487 821 510 ,
838 451 1064 515 cratesque
1082 451 1299 497 vimineas
1320 467 1433 513 prae-

157 524 402 571 tendentes.
447 527 650 589 Cumque
694 525 1051 588 propinquantes
1085 525 1139 570 ad
1178 523 1434 585 conje6h1m

158 613 324 644 venere
353 598 570 657 telorum,
598 597 815 661 oppofitis
835 597 968 645 scutis
1006 596 1145 643 Persae
1173 596 1342 659 pedites
1374 596 1436 644 sa-

156 668 285 732 gittas
305 670 541 717 tormentis
565 670 760 717 excussas
782 687 805 717 e
835 670 972 716 muris
1001 669 1160 733 aegrius
1187 669 1436 724 evitantes,

155 742 364 790 laxarunt
388 744 549 802 aciem,
576 743 701 790 nullo
724 761 851 807 paene
869 742 1004 805 jaculi
1025 759 1184 807 genere
1201 742 1246 789 in
1266 760 1436 793 vanum

157 817 343 864 cadente
361 835 371 864 :
391 818 523 864 etiam
548 817 813 880 cataphracti
834 817 1027 869 hebetati
1045 818 1095 863 δι
1116 816 1321 862 cedentes
1341 815 1436 862 ani-

157 906 256 937 mos
286 908 445 938 auxere
477 890 745 937 nostrorum.
775 892 945 935 Tamen
975 889 1078 951 quia
1099 889 1280 936 hostiles
1302 889 1436 936 balli·-

157 962 229 1008 stae
243 999 257 1022 ‚
278 963 450 1011 ferratis
473 963 693 1022 impositae
718 961 939 1019 turribus,
959 962 1003 1007 in
1025 962 1267 1007 humiliora
1285 978 1342 1007 ex
1363 961 1435 1007 su-

157 1036 305 1096 pernis
334 1034 534 1079 valentes
552 1068 564 1089 ,
592 1047 642 1078 ut
666 1032 774 1079 loco
809 1033 966 1095 dispari
990 1069 1003 1091 ,
1027 1034 1084 1080 ita
1113 1047 1283 1080 eventu
1316 1033 1436 1080 diffi-

157 1103 253 1151 mili
275 1104 422 1151 nostra
452 1104 596 1150 multo
627 1120 787 1150 cruore
806 1104 1061 1151 foedabant:
1095 1104 1435 1168 ingruentejam

156 1177 337 1240 vespera
367 1194 469 1224 cum
502 1176 827 1240 requiescerent
855 1189 1029 1239 partes,
1071 1177 1214 1224 nostis
1244 1178 1434 1241 spatium

155 1249 298 1311 majus
325 1250 607 1297 consumtum
642 1250 702 1296 est
722 1285 735 1308 ‚
772 1262 822 1296 ut
849 1250 1097 1313 excogitari
1128 1249 1258 1312 possit
1281 1286 1294 1306 ‚
1326 1250 1436 1314 quid

154 1324 298 1370 exitio
317 1323 374 1370 ita
396 1323 538 1370 atroci
562 1322 871 1385 objec‘taretur.
890 1327 944 1369 Et
964 1324 1139 1369 tandem
1164 1324 1303 1371 multa
1328 1341 1437 1372 ver-

154 1397 350 1444 santibus
383 1398 515 1444 nobis
535 1397 643 1443 sedit
667 1398 899 1444 consilium
916 1433 929 1454 ‚
948 1398 1073 1460 quod
1106 1397 1243 1444 tutius
1272 1397 1436 1445 celeri-

154 1483 220 1518 tas
249 1470 383 1528 fecit,
408 1482 603 1532 quatuor
621 1469 770 1516 iisdem
790 1469 972 1517 ballistis
1001 1468 1264 1532 scorpiones
1281 1487 1436 1534 oppo-

154 1543 202 1590 ni
226 1561 237 1589 :
266 1542 343 1603 qui
371 1543 476 1589 dum
499 1543 696 1590 translati
726 1559 750 1590 e
784 1543 968 1607 regione
997 1556 1156 1601 caute,
1177 1544 1301 1607 quod
1327 1545 1436 1592 artis

155 1616 216 1662 est
237 1615 532 1674 difficillimae,
554 1616 855 1673 collocantur,
870 1616 942 1661 lux
961 1616 1093 1663 nobis
1114 1615 1299 1663 advenit
1317 1634 1435 1664 moe-

154 1686 353 1744 stissima,
375 1686 601 1733 Persarum
619 1687 873 1749 manipulos
894 1686 1160 1735 formidatos
1177 1687 1404 1737 ostentans
1419 1723 1436 1747 9

154 1758 332 1820 adj-estis
363 1759 700 1822 elephantorum
728 1759 1005 1823 agminibus,
1032 1776 1223 1823 quorum
1247 1759 1436 1807 stridore

153 1832 514 1896 immanitateque
544 1849 791 1895 corporum
812 1832 921 1878 nihil
940 1833 1144 1879 humanae
1159 1845 1328 1880 mentes
1348 1847 1437 1881 ter-

153 1906 327 1952 ribilius
359 1918 560 1953 cernunt.
589 1906 795 1969 Cumque
820 1905 946 1952 omni
972 1922 1027 1952 ex
1045 1906 1179 1952 latere
1205 1923 1436 1954 armorum

153 1981 204 2027 &
228 1996 415 2041 operum
443 1980 781 2044 belluarumque
810 1980 1006 2027 molibus
1036 1996 1323 2044 urgeremur,
1356 1997 1437 2042 per

153 2049 450 2113 scorpionum
473 2051 635 2099 ferreas
656 2052 815 2099 fundas
835 2069 858 2098 e
883 2051 1233 2115 propugnaculis
1252 2051 1438 2098 subinde

153 2124 343 2170 rotundi
360 2124 527 2187 lapides
546 2125 628 2172 affl
644 2161 657 2182 ‚
683 2125 900 2172 dissolutis
920 2125 1110 2171 turrium
1131 2125 1438 2188 coagmentis,

155 2195 346 2243 ballistas
379 2214 622 2261 earumque
654 2209 850 2245 tortores
884 2197 945 2248 ita
969 2197 1123 2244 fudere
1150 2198 1401 2260 praecipites
1422 2231 1440 2257 ,

156 2281 205 2316 ut
234 2270 412 2333 quidam
444 2270 554 2317 citra
581 2271 819 2319 vulnerum
851 2287 995 2318 noxas
1017 2307 1030 2329 ‚
1055 2270 1132 2317 alii
1156 2270 1314 2317 obtriti
1342 2287 1438 2317 ma-

157 2342 389 2407 gnitudine
415 2344 667 2406 ponderum
698 2342 963 2390 interirent:
997 2342 1247 2406 elephantis
1270 2343 1320 2389 vi
1347 2359 1439 2389 ma-

157 2431 244 2478 gna
275 2417 493 2478 propulfis
508 2452 522 2474 ‚
543 2433 661 2480 quos
682 2415 871 2463 flammis
892 2415 1106 2478 conjefilis
1126 2416 1324 2479 undique
1345 2414 1438 2461 cir-

157 2504 439 2550 cumnexos,
472 2488 561 2551 jam
597 2488 867 2552 corporibus
903 2488 1029 2538 tastis
1051 2525 1068 2548 ,
1104 2487 1440 2551 gradientesque

1064 2562 1180 2626 ‘N4
