1626 2917
291 106 510 164 RERUM
541 116 877 162 GESTARUM
914 96 1015 162 Lm.
1047 113 1200 161 xxv.
1265 135 1268 138 Δ
1314 130 1375 176 49

96 225 147 273 &
177 235 422 271 turmarum
444 260 459 280 ,
496 221 624 285 super
666 223 861 270 creando
903 222 1110 285 Principe
1148 220 1378 268 consulta-

95 299 216 346 bant.
239 296 504 359 Disciffique
523 297 671 342 studiis
702 296 967 342 turbulentis
985 332 997 352 ‚
1021 296 1303 357 Arinthaeus‚
1328 300 1379 345 &

97 369 285 426 Vfflor,
308 370 357 416 &
377 384 400 413 e
420 368 587 429 palatio
605 368 858 416 Constantii
884 368 1070 423 residui,
1086 368 1140 414 de
1156 382 1279 431 parte
1303 370 1377 419 sua

96 440 530 505 quendamghabilem
558 441 885 489 scrutabantur:
915 453 1071 488 contra
1092 442 1301 501 Nevitta,
1329 447 1380 493 &

98 514 402 577 Dagalaiphus
420 545 434 568 ‚
455 514 753 578 proceresque
778 513 1017 560 Gallorum
1033 551 1046 570 ‚
1073 515 1222 561 virum
1245 516 1377 564 talem

99 606 156 635 ex
192 587 463 636 commilitio
496 587 575 634 suo
617 586 926 651 quaeritabant.
959 589 1076 647 Quae
1106 588 1211 633 dum
1243 590 1383 637 ambi-

100 672 268 723 guntur
289 696 302 718 ‚
335 659 455 706 nulla
488 659 688 706 variante
711 659 926 705 sententia
949 695 961 716 ‚
986 659 1096 705 itum
1119 659 1180 705 est
1212 662 1385 708 volun-

102 745 190 778 tate
223 732 426 779 omnium
457 732 504 778 in
531 732 813 779 Sallustium:
839 749 984 795 eoque
1022 732 1226 779 causante
1255 752 1386 780 mor-

102 807 255 854 bos&
273 806 536 853 seneElutem
560 843 573 863 ,
595 807 867 854 honoratior
891 806 1049 870 aliquis
1080 807 1204 854 miles
1227 809 1385 855 adver-

103 891 202 926 tens
220 878 473 927 destinat-ius
491 881 778 927 relufiantem
800 897 810 926 t
832 884 893 926 Et
911 884 1011 942 quid
1031 884 1199 943 ageretis
1217 917 1229 937 ‚
1249 883 1326 941 ait,
1338 884 1388 949 si

105 957 217 1000 illud
246 956 392 999 bellum
432 958 548 1000 vobis
583 957 807 999 curandum
846 952 1094 1018 commislffic
1128 956 1274 1014 absens
1294 992 1305 1012 ‚
1341 974 1388 1002 uc

94 1029 206 1090 saepe
222 1028 385 1086 fizc‘lum
417 1031 496 1094 (st,
526 1031 792 1089 Imperator?
811 1029 947 1073 nomia
969 1030 1214 1093 posthabitis
1251 1035 1387 1076 ceteris

106 1103 277 1146 militem
306 1100 556 1165 instantibus
581 1104 773 1147 aerumnis
790 1105 1025 1162 eriperetis?
1043 1106 1100 1149 Id
1118 1122 1227 1150 mmc
1247 1107 1354 1166 agite
1371 1122 1389 1151 .·

108 1170 153 1218 δ’
169 1173 218 1238 si
238 1175 587 1234 Mesopotamiam
617 1177 748 1220 videre
775 1178 931 1220 licuerit
953 1211 965 1231 ‚
998 1178 1204 1237 utriusque
1235 1183 1391 1225 exerci-

108 1263 176 1292 tus
195 1248 429 1308 consociata
447 1245 663 1308 fiffagia
696 1249 918 1307 legitimum
940 1249 1177 1310 Principem
1205 1254 1390 1297 declara-

110 1322 226 1365 bunt.
253 1319 372 1363 Inter
391 1318 466 1363 has
483 1317 662 1379 exiguas
681 1317 735 1362 ad
765 1329 929 1363 tantam
961 1335 1052 1364 rem
1074 1337 1244 1378 moras,
1267 1340 1389 1368 non-

112 1391 216 1437 dum
245 1389 435 1451 pensatis
458 1389 682 1435 sententiis
697 1425 710 1447 ‚
731 1391 1102 1438 tumultuantibus
1132 1395 1280 1455 paucis
1300 1432 1313 1450 ‚
1341 1410 1391 1444 ut

111 1463 159 1510 in
184 1462 314 1508 rebus
338 1461 546 1514 extremis
568 1460 680 1528 saepe
711 1460 771 1506 est
798 1460 956 1507 fafitum
979 1497 991 1518 ‚
1012 1463 1230 1511 Iovianus
1257 1466 1394 1530 'eligi-

114 1548 189 1582 tur
213 1538 458 1597 Imperator
476 1569 490 1591 ‚
513 1529 859 1579 domesticorum
888 1533 1059 1581 ordinis
1082 1535 1250 1597 primus
1272 1575 1285 1596 ,
1313 1557 1395 1602 pa·

115 1607 256 1654 ternis
302 1605 470 1652 meritis
517 1604 805 1651 mediocriter
850 1606 1232 1654 commendabilis.
1286 1612 1393 1658 Erat
1436 1604 1447 1613 ’

116 1681 236 1728 enim
264 1672 535 1726 Varroniani
564 1677 778 1724 notiffimi
811 1677 988 1724 comitis
1009 1677 1148 1736 filius,
1173 1681 1288 1728 haud
1308 1684 1394 1730 du-

117 1740 223 1801 dtiin
245 1752 345 1816 post
363 1752 614 1815 depositum
636 1751 805 1797 militiae
824 1767 983 1797 munus
1002 1751 1055 1797 ad
1082 1754 1395 1817 tranquilliora

119 1829 229 1876 vitae
257 1828 442 1891 digressi.
463 1831 516 1873 Et
538 1826 770 1879 confestim
797 1825 1067 1874 indumentis
1095 1827 1395 1880 circumdatus

119 1900 439 1964 principalibus
454 1936 466 1958 ‚
493 1899 732 1962 subitoque
759 1899 999 1967 pro'dufilus
1020 1915 1042 1945 e
1074 1900 1364 1950 tabernaculo
1382 1941 1398 1963 ‚

121 1989 200 2036 per
229 1971 403 2035 agmina
432 1970 517 2032 jam
546 1971 814 2018 discurrebat
847 1969 1069 2034 proficisci
1101 1975 1311 2035 parantia.
1340 1979 1397 2025 Et

124 2045 338 2105 (moniam
369 2045 484 2092 acies
512 2045 702 2108 adusque
731 2044 920 2107 lapidem
952 2040 1156 2110 quartum
1191 2052 1400 2115 porrige-

123 2118 253 2164 batur
271 2153 284 2176 ,
309 2117 582 2181 antesignani
607 2118 820 2182 quosdam
850 2120 1039 2166 clamare
1059 2122 1301 2170 Jovianum
1322 2142 1400 2171 au-

126 2191 294 2237 dientes
315 2191 558 2254 Augustum
578 2225 590 2248 ,
627 2192 780 2237 eadem
815 2192 960 2253 multo
989 2193 1125 2256 magis
1159 2194 1399 2244 sonabant:

128 2262 371 2326 gentilitate
395 2264 514 2309 enim
544 2280 686 2326 prope
719 2264 876 2325 perciti
905 2265 1133 2323 nominis,
1157 2268 1281 2329 quod
1312 2283 1398 2314 una

127 2336 254 2382 litera
272 2334 564 2395 discernebat,
581 2338 602 2385 J
608 2337 802 2383 ulianum
823 2350 1066 2390 recreatum
1086 2339 1285 2387 arbitrati
1304 2340 1405 2388 sunt

190 2412 413 2459 Ammian.
438 2413 753 2489 Marcellin3V
750 2416 802 2460 ol.
827 2414 886 2463 II.
1146 2426 1151 2440 ³
1181 2413 1231 2459 D
