1626 2917
315 140 535 187 RERUM
570 138 913 186 GESTARUM
950 138 1052 184 LlB.
1087 136 1276 183 XXVII.
1351 153 1435 200 ¹23

159 247 314 313 giones
340 248 528 294 instituit
551 246 807 300 universas,
837 263 938 293 cum
967 244 1171 292 aviditati
1192 244 1441 290 multorum

161 341 215 369 ex
244 322 429 369 libidine
456 322 643 368 trutinas
669 320 1042 384 componentium
1068 319 1251 368 occurri
1279 319 1445 382 nequi-

159 408 242 444 ret.
265 399 315 442 ln
343 395 652 443 examinandis
672 411 788 441 vero
815 394 964 441 litibus
981 407 1083 441 ante
1104 395 1216 440 alios
1236 393 1281 439 id
1299 393 1444 455 impe-

161 468 322 526 travit,
357 469 486 532 quod
517 468 741 514 laudando
775 469 962 514 Brutum
994 467 1169 513 Tullius
1200 466 1360 521 refert,
1391 475 1443 511 ut

106 537 111 543 ’
162 559 264 588 cum
295 542 409 588 nihil
440 542 495 589 ad
525 541 709 605 gratiam
743 540 935 598 faceret,
963 540 1116 587 omnia
1141 555 1287 587 tamen
1319 553 1443 604 grata

162 614 426 663 viderentur
446 616 530 663 effe
545 651 558 671 ,
578 633 679 679 quae
707 615 946 663 faciitabat.

225 688 285 737 X.
305 690 393 736 Sub
409 689 528 736 idem
546 688 637 735 fere
656 702 827 751 tempus
847 687 1170 735 Valentiniano
1186 688 1242 734 ad
1255 685 1444 748 expedi-

161 761 334 809 tionem
353 777 509 822 caute,
529 777 577 810 ut
596 764 793 821 rebatur,
812 762 1015 826 profecto
1037 799 1052 819 ‚
1073 762 1349 808 Alamannus
1370 776 1445 805 re-

162 837 271 899 galis
289 838 452 886 Rando
478 838 664 885 nomine
684 874 697 896 ,
715 838 791 884 diu
810 838 1074 898 praestruens
1092 873 1104 894 ‚
1131 836 1254 899 quod
1274 835 1444 899 cogita·

162 911 236 956 bat
254 947 266 968 ‚
287 912 634 975 Mogontiacum
656 911 869 973 praefidiis
890 928 1082 959 vacuum
1103 927 1205 957 cum
1225 907 1445 971 expeditis

161 983 216 1028 ad
231 983 586 1032 latrocinandum
606 984 796 1030 latenter
814 983 1000 1045 irrepsit.
1022 985 1075 1029 Et
1094 982 1311 1045 quoniam
1341 979 1445 1028 casu

160 1055 397 1102 Christiani
423 1055 536 1102 ritus
563 1055 740 1101 invenit
759 1055 973 1102 celebrari
992 1054 1341 1110 solemnitatem,
1359 1052 1447 1098 im-

161 1128 405 1189 praepedite
423 1127 765 1190 cujusquemodi
795 1126 993 1174 fortunae
1011 1126 1141 1173 virile
1162 1128 1211 1174 δέ
1230 1125 1446 1172 muliebre

160 1200 287 1247 secus
306 1219 407 1249 cum
434 1202 691 1265 supellectili
716 1218 809 1249 non
831 1218 973 1264 parva
1001 1199 1281 1247 indefensum
1301 1200 1445 1246 abdu-

161 1275 244 1321 xit.
270 1276 418 1321 Parvo
437 1275 542 1322 inde
572 1275 673 1338 post
704 1273 946 1321 intervallo
971 1273 1160 1335 inopina
1182 1273 1244 1319 rei
1272 1273 1446 1318 Roma-

160 1365 231 1394 nae
266 1348 361 1410 spes
393 1348 618 1394 laetiorum
655 1346 826 1393 affulfit.
860 1347 974 1393 Cum
1007 1345 1126 1390 enim
1160 1343 1444 1390 Vithicabius

162 1436 243 1465 rex
270 1419 530 1465 Vadomarii
560 1418 678 1466 filius
698 1454 711 1476 ‚
739 1417 880 1480 specie
912 1416 1095 1481 quidem
1118 1416 1375 1463 molliculus
1395 1416 1446 1462 &

164 1492 399 1539 morbosus
425 1527 440 1549 ,
477 1491 550 1538 sed
581 1492 728 1538 audax
769 1492 819 1538 &
850 1490 1015 1545 fortiS,
1050 1490 1233 1536 ardores
1269 1490 1315 1535 in
1361 1506 1448 1537 nos

163 1565 334 1628 semper
368 1566 654 1613 succenderet
683 1565 870 1612 bellicos
889 1601 902 1622 ‚
924 1582 1060 1627 opera
1085 1565 1337 1612 navabatur
1358 1566 1446 1612 im-

164 1637 346 1700 penfior
367 1673 380 1695 ‚
413 1650 462 1684 ut
496 1638 694 1700 qualibet
724 1638 1017 1685 occumberet
1049 1637 1201 1701 strage.
1239 1641 1295 1685 Et
1340 1639 1447 1702 quia

164 1723 361 1769 tentatus
408 1711 648 1774 aliquoties
684 1711 815 1758 nullo
851 1728 1014 1774 genere
1059 1711 1208 1774 potuit
1250 1712 1447 1774 superari

163 1784 239 1832 vel
267 1784 433 1847 prodi,
465 1784 619 1831 fraude
651 1785 874 1832 citerioris
905 1785 1014 1832 vitae
1047 1784 1267 1841 ministri,
1299 1785 1446 1832 studio

162 1856 429 1904 sollicitante
455 1858 712 1905 nostrorum
733 1858 951 1905 occubuit
973 1876 984 1904 :
1014 1857 1138 1918 cujus
1164 1857 1263 1920 post
1288 1875 1446 1905 necem

163 1929 443 1993 aliquatenus
476 1930 655 1977 hostiles
686 1943 898 1992 torpuere
918 1930 1148 1977 discursus.
1180 1930 1447 1978 Interfector

165 2015 314 2050 tamen
345 2022 435 2068 prae
459 2017 581 2052 metu
602 2022 840 2067 poenarum
855 2041 870 2062 ,
888 2020 998 2068 quas
1018 2004 1285 2062 verebatur,
1314 2005 1345 2050 fi
1366 2021 1446 2067 pa-

166 2075 315 2124 tuisset
332 2080 582 2142 negotium,
597 2080 650 2125 ad
662 2080 919 2126 Romanum
933 2078 1078 2124 solum
1097 2077 1137 2124 se
1151 2077 1284 2125 celeri
1303 2078 1446 2125 trans-

167 2150 270 2197 tulit
297 2152 448 2215 gradu.
477 2154 714 2200 Parabatur
749 2152 850 2215 post
889 2154 987 2198 haec
1027 2151 1295 2199 lentioribus
1323 2151 1446 2198 curis

165 2225 217 2271 &
235 2241 314 2286 per
339 2226 491 2289 copias
516 2225 814 2273 multiformes
838 2225 886 2271 in
914 2226 1191 2272 Alamannos
1211 2224 1446 2288 expeditio

167 2297 312 2345 solitis
347 2299 534 2363 gravior
557 2336 572 2358 ,
605 2299 862 2346 destinatius
890 2299 935 2345 id
967 2299 1148 2362 publica
1178 2300 1317 2346 tutela
1360 2314 1446 2360 po-

166 2371 314 2418 scente
329 2408 344 2428 ,
370 2372 586 2435 quoniam
614 2373 870 2435 reparabilis
889 2372 1030 2436 gentis
1049 2385 1201 2419 motus
1221 2372 1447 2418 timeban-

163 2457 237 2490 tur
269 2442 429 2491 infidi:
457 2445 598 2492 milite
631 2445 923 2492 nihilominus
947 2444 1163 2500 accenso,
1189 2443 1263 2492 cui
1290 2444 1350 2489 oh
1374 2443 1445 2489 su-
