1626 2917
310 113 531 161 RERUM
561 111 902 160 GESTARUM
934 113 1038 161 LIB.
1062 114 1238 162 XXXI.
1331 114 1418 162 281

138 223 311 273 acervis
333 224 551 272 caesorum
575 222 755 287 aggestis
772 258 786 281 ,
814 222 1069 268 exanimata
1091 220 1310 268 cadavera
1334 220 1425 267 fine

136 298 407 361 parsimonia
440 297 740 345 calcabantur.
775 295 948 358 Solque
975 293 1211 343 sublimior
1237 293 1427 340 decurso

135 374 290 418 Leone
321 372 376 418 ad
409 371 691 418 domicilium
726 370 920 418 coelestis
951 369 1153 433 Virginis
1185 369 1429 428 transiens,

136 444 373 491 Romanos
392 445 531 509 magis
549 456 802 491 attenuatos
824 442 974 514 inedia
992 443 1151 507 fitique
1171 443 1430 502 confectos,

100 566 103 567 ⁷
138 515 270 563 etiam
302 533 530 563 armorum
563 517 856 581 gravantibus
892 516 1072 564 sarcinis
1106 517 1332 565 exurebat.
1360 517 1431 564 Ad

139 587 347 635 ultimum
369 589 658 636 incumbente
677 590 971 636 barbarorum
994 590 1195 651 pondere
1223 590 1340 637 acies
1363 590 1431 635 in-

140 660 319 706 cli'natae
357 661 643 720 nostrorum,
678 662 806 725 quod
848 662 992 707 solum
1030 660 1263 722 postremis
1306 661 1430 707 malls

140 733 338 780 habuere
371 734 638 793 subsidium,
672 734 937 793 incondite,
961 750 1046 797 qua
1081 734 1271 798 quisque
1302 749 1433 797 pote-

138 821 231 867 rat,
259 821 502 856 vertuntur
537 808 584 854 in
622 809 771 871 pedes.
791 812 793 814 ’
813 808 1033 870 Dumque
1063 824 1222 854 omnes
1253 807 1432 869 disperii

139 896 221 943 per
248 880 433 944 ignotos
457 880 655 927 tramites
682 880 872 937 cedunt,
895 882 1142 942 Imperator
1163 879 1266 926 diris
1288 897 1433 942 pavo-

140 952 265 1000 ribus
294 953 643 1016 circumseptus,
664 953 969 1016 paulatimque
998 953 1192 1000 infiliens
1223 953 1435 1001 funerum

143 1025 286 1073 moles
301 1062 316 1085 ,
340 1026 400 1073 ad
416 1026 683 1074 Lancearios
716 1025 924 1088 confugit
945 1027 993 1073 &
1015 1027 1270 1074 Mattiarios
1293 1045 1303 1073 :
1331 1029 1436 1090 qui,

143 1099 251 1145 dum
268 1099 512 1146 multitudo
531 1098 811 1146 tolerabatur
828 1097 1002 1145 hostilis
1014 1135 1026 1153 ,
1040 1097 1142 1145 fixis
1163 1101 1436 1162 corporibus

143 1171 636 1222 st'eteran‘t‘inconcuffi.
654 1174 815 1237 quue
837 1173 936 1229 viso
956 1172 1175 1235 Traianus
1193 1175 1436 1232 exclamat,

144 1245 263 1308 spem
293 1263 476 1294 omnem
505 1247 777 1303 absumtam,
810 1246 1087 1293 ni'desertus
1120 1247 1173 1292 ab
1208 1247 1437 1310 armigeris

144 1317 358 1382 Princeps
383 1318 531 1366 saltem
561 1319 817 1368 adventino
838 1332 1063 1382 tegeretur
1087 1319 1278 1367 auxilio.
1307 1322 1437 1368 Hoc-

147 1405 234 1454 que
256 1392 410 1438 audito
430 1393 589 1441 Victor
616 1393 802 1439 nomine
825 1393 993 1440 Comes
1017 1394 1215 1440 Batavos
1235 1393 1283 1439 in
1303 1392 1437 1439 subsi-

147 1464 232 1511 diis
261 1465 435 1513 locatos
455 1467 572 1513 haud
601 1466 764 1530 procil
794 1467 847 1512 ad
874 1466 1161 1529 Imperatoris
1186 1466 1438 1530 praesidium

146 1535 308 1598 raptim
339 1553 505 1602 cogere
537 1555 810 1601 properans,
838 1555 940 1586 cum
973 1538 1181 1587 invenire
1210 1538 1438 1586 neminem

147 1607 317 1670 poffet,
343 1610 547 1672 gradiens
573 1623 698 1658 retro
729 1610 946 1659 disceffit.
974 1612 1161 1675 parique
1190 1613 1331 1660 modo
1357 1613 1436 1659 Ri-

149 1683 385 1729 chomeres
417 1683 623 1745 periculo
662 1685 799 1732 semet
839 1685 1033 1743 exemit,
1069 1687 1119 1732 &
1158 1685 1436 1734 Saturninus.

148 1754 461 1819 Sequebantur
490 1757 642 1820 itaque
669 1757 827 1805 furore
858 1775 911 1804 ex
942 1758 1089 1805 oculis
1120 1758 1301 1806 lucente
1335 1759 1437 1806 bar·

149 1828 244 1876 b'ari
261 1830 465 1891 nostros,
484 1830 571 1894 jam
592 1831 824 1895 linquente
843 1849 1067 1880 venarum
1081 1833 1232 1881 calore
1252 1846 1438 1897 torpen-

150 1914 215 1948 tes
235 1921 246 1949 ε
265 1920 460 1967 quorum
483 1903 621 1966 aliqui
641 1904 973 1967 percussoribus
996 1907 1212 1954 cadebant
1232 1907 1438 1968 incertis,

151 1974 362 2020 nonnulli
390 1976 666 2038 ponderibus
692 1976 796 2023 solis
829 1978 1084 2041 urgentium
1117 1979 1300 2038 obruti,
1326 1980 1437 2026 ieiu-

152 2062 240 2108 que
268 2046 448 2094 suorum
477 2049 615 2112 aliqui
646 2049 888 2098 trucidati:
919 2068 1003 2099 nec
1025 2051 1145 2098 enim
1174 2051 1288 2115 saepe
1321 2057 1439 2100 reni-

152 2118 350 2166 tentibus
385 2121 653 2179 cedebatur,
680 2134 755 2169 aut
784 2124 992 2185 parcebat
1023 2124 1281 2171 cedentibus
1317 2125 1439 2188 quis-

155 2207 303 2253 quam.
332 2195 473 2256 Super
492 2194 561 2242 his
584 2195 878 2243 obstruebant
897 2196 1057 2244 itinera
1080 2197 1278 2260 jacentes
1307 2198 1438 2245 multi

155 2261 422 2325 semineceS,
446 2268 671 2315 cruciatus
701 2265 941 2316 vulnerum
962 2286 1058 2316 non
1089 2269 1309 2317 ferentes:
1333 2288 1437 2317 cum

155 2334 317 2398 quibus
342 2354 519 2402 aggeres
544 2357 727 2406 quoque
758 2357 981 2405 equorum
1011 2343 1224 2393 constrati
1251 2343 1437 2391 cadave-
