<?xml version="1.0" encoding="UTF-8"?>
<!DOCTYPE html PUBLIC "-//W3C//DTD XHTML 1.0 Transitional//EN"
    "http://www.w3.org/TR/xhtml1/DTD/xhtml1-transitional.dtd">
<html xmlns="http://www.w3.org/1999/xhtml" xml:lang="en" lang="en">
 <head>
  <title>
</title>
<meta http-equiv="Content-Type" content="text/html;charset=utf-8" />
  <meta name='ocr-system' content='tesseract 3.04.00' />
  <meta name='ocr-capabilities' content='ocr_page ocr_carea ocr_par ocr_line ocrx_word'/>
</head>
<body>
  <div class='ocr_page' id='page_1' title='image "./rerumgestarumqui00ammiuoft_0684.png"; bbox 0 0 1626 2917; ppageno 0'>
   <div class='ocr_carea' id='block_1_1' title="bbox 258 129 1346 188">
    <p class='ocr_par' dir='ltr' id='par_1_1' title="bbox 258 129 1346 188">
     <span class='ocr_line' id='line_1_1' title="bbox 258 129 1346 188; baseline 0.007 -15"><span class='ocrx_word' id='word_1_1' title='bbox 258 142 349 188; x_wconf 83' lang='lat'>250</span> <span class='ocrx_word' id='word_1_2' title='bbox 459 129 813 175; x_wconf 82' lang='lat' dir='ltr'>AMMIANI</span> <span class='ocrx_word' id='word_1_3' title='bbox 860 131 1346 181; x_wconf 82' lang='lat' dir='ltr'>MARCELLINI</span> 
     </span>
    </p>
   </div>
   <div class='ocr_carea' id='block_1_2' title="bbox 241 234 1539 2481">
    <p class='ocr_par' dir='ltr' id='par_1_2' title="bbox 243 234 1539 1023">
     <span class='ocr_line' id='line_1_2' title="bbox 252 234 1537 304; baseline 0.009 -26"><span class='ocrx_word' id='word_1_4' title='bbox 252 234 436 296; x_wconf 86' lang='lat' dir='ltr'>quidem</span> <span class='ocrx_word' id='word_1_5' title='bbox 483 235 636 281; x_wconf 84' lang='lat' dir='ltr'>culmo</span> <span class='ocrx_word' id='word_1_6' title='bbox 673 237 837 283; x_wconf 56' lang='lat' dir='ltr'>testum</span> <span class='ocrx_word' id='word_1_7' title='bbox 875 238 999 285; x_wconf 86' lang='lat' dir='ltr'>cerni</span> <span class='ocrx_word' id='word_1_8' title='bbox 1027 239 1211 304; x_wconf 80' lang='lat' dir='ltr'>usquam</span> <span class='ocrx_word' id='word_1_9' title='bbox 1254 241 1434 304; x_wconf 87' lang='lat' dir='ltr'>potest:</span> <span class='ocrx_word' id='word_1_10' title='bbox 1464 243 1537 290; x_wconf 90' lang='lat' dir='ltr'>sed</span> 
     </span>
     <span class='ocr_line' id='line_1_3' title="bbox 249 307 1537 375; baseline 0.009 -24"><span class='ocrx_word' id='word_1_11' title='bbox 249 307 422 369; x_wconf 77' lang='lat' dir='ltr'>gladius</span> <span class='ocrx_word' id='word_1_12' title='bbox 450 307 687 356; x_wconf 89' lang='lat' dir='ltr'>barbarico</span> <span class='ocrx_word' id='word_1_13' title='bbox 715 310 803 357; x_wconf 89' lang='lat' dir='ltr'>ritu</span> <span class='ocrx_word' id='word_1_14' title='bbox 829 312 951 358; x_wconf 87' lang='lat' dir='ltr'>humi</span> <span class='ocrx_word' id='word_1_15' title='bbox 980 311 1133 375; x_wconf 81' lang='lat' dir='ltr'>figitur</span> <span class='ocrx_word' id='word_1_16' title='bbox 1155 316 1320 372; x_wconf 86' lang='lat' dir='ltr'>nudus,</span> <span class='ocrx_word' id='word_1_17' title='bbox 1344 333 1537 373; x_wconf 74' lang='lat' dir='ltr'>eumque</span> 
     </span>
     <span class='ocr_line' id='line_1_4' title="bbox 250 374 1536 449; baseline 0.008 -26"><span class='ocrx_word' id='word_1_18' title='bbox 250 392 299 424; x_wconf 90' lang='lat' dir='ltr'>ut</span> <span class='ocrx_word' id='word_1_19' title='bbox 317 381 506 425; x_wconf 86' lang='lat' dir='ltr'>Martem</span> <span class='ocrx_word' id='word_1_20' title='bbox 523 417 538 438; x_wconf 93' lang='lat'><strong><em>,</em></strong></span> <span class='ocrx_word' id='word_1_21' title='bbox 558 382 818 445; x_wconf 84' lang='lat' dir='ltr'>regionum,</span> <span class='ocrx_word' id='word_1_22' title='bbox 844 401 955 447; x_wconf 86' lang='lat' dir='ltr'>quas</span> <span class='ocrx_word' id='word_1_23' title='bbox 981 385 1347 445; x_wconf 85' lang='lat' dir='ltr'>circumcircant‚</span> <span class='ocrx_word' id='word_1_24' title='bbox 1371 374 1536 449; x_wconf 82' lang='lat' dir='ltr'>praesu-</span> 
     </span>
     <span class='ocr_line' id='line_1_5' title="bbox 246 448 1536 522; baseline 0.009 -28"><span class='ocrx_word' id='word_1_25' title='bbox 246 448 336 496; x_wconf 84' lang='lat' dir='ltr'>lem</span> <span class='ocrx_word' id='word_1_26' title='bbox 376 452 676 499; x_wconf 88' lang='lat' dir='ltr'>verecundius</span> <span class='ocrx_word' id='word_1_27' title='bbox 714 453 887 501; x_wconf 89' lang='lat' dir='ltr'>colunt.</span> <span class='ocrx_word' id='word_1_28' title='bbox 922 458 1083 502; x_wconf 88' lang='lat' dir='ltr'>Futura</span> <span class='ocrx_word' id='word_1_29' title='bbox 1118 456 1236 504; x_wconf 89' lang='lat' dir='ltr'>miro</span> <span class='ocrx_word' id='word_1_30' title='bbox 1272 458 1536 522; x_wconf 88' lang='lat' dir='ltr'>praesagiunt</span> 
     </span>
     <span class='ocr_line' id='line_1_6' title="bbox 247 521 1539 593; baseline 0.008 -27"><span class='ocrx_word' id='word_1_31' title='bbox 247 521 422 568; x_wconf 87' lang='lat' dir='ltr'>modo:</span> <span class='ocrx_word' id='word_1_32' title='bbox 445 539 546 570; x_wconf 89' lang='lat' dir='ltr'>nam</span> <span class='ocrx_word' id='word_1_33' title='bbox 574 525 787 572; x_wconf 66' lang='lat' dir='ltr'>rectiores</span> <span class='ocrx_word' id='word_1_34' title='bbox 819 526 966 590; x_wconf 83' lang='lat' dir='ltr'>virgas</span> <span class='ocrx_word' id='word_1_35' title='bbox 997 527 1213 575; x_wconf 86' lang='lat' dir='ltr'>vimineas</span> <span class='ocrx_word' id='word_1_36' title='bbox 1245 528 1539 593; x_wconf 83' lang='lat' dir='ltr'><strong>colligentes,</strong></span> 
     </span>
     <span class='ocr_line' id='line_1_7' title="bbox 247 593 1537 664; baseline 0.007 -26"><span class='ocrx_word' id='word_1_37' title='bbox 247 593 405 657; x_wconf 83' lang='lat' dir='ltr'>easque</span> <span class='ocrx_word' id='word_1_38' title='bbox 431 611 532 642; x_wconf 90' lang='lat' dir='ltr'>cum</span> <span class='ocrx_word' id='word_1_39' title='bbox 562 597 903 646; x_wconf 84' lang='lat' dir='ltr'>incantamentis</span> <span class='ocrx_word' id='word_1_40' title='bbox 923 599 1186 663; x_wconf 89' lang='lat' dir='ltr'>quibusdam</span> <span class='ocrx_word' id='word_1_41' title='bbox 1220 599 1396 647; x_wconf 86' lang='lat' dir='ltr'>secretis</span> <span class='ocrx_word' id='word_1_42' title='bbox 1417 619 1537 664; x_wconf 88' lang='lat' dir='ltr'>prae-</span> 
     </span>
     <span class='ocr_line' id='line_1_8' title="bbox 246 665 1538 735; baseline 0.007 -24"><span class='ocrx_word' id='word_1_43' title='bbox 246 665 403 714; x_wconf 84' lang='lat' dir='ltr'>stituto</span> <span class='ocrx_word' id='word_1_44' title='bbox 425 680 630 732; x_wconf 88' lang='lat' dir='ltr'>tempore</span> <span class='ocrx_word' id='word_1_45' title='bbox 662 671 989 730; x_wconf 80' lang='lat' dir='ltr'>discernentes,</span> <span class='ocrx_word' id='word_1_46' title='bbox 1011 684 1160 733; x_wconf 88' lang='lat' dir='ltr'>aperte</span> <span class='ocrx_word' id='word_1_47' title='bbox 1174 707 1190 730; x_wconf 88' lang='lat'>,</span> <span class='ocrx_word' id='word_1_48' title='bbox 1210 672 1319 735; x_wconf 89' lang='lat' dir='ltr'>quid</span> <span class='ocrx_word' id='word_1_49' title='bbox 1345 685 1538 734; x_wconf 89' lang='lat' dir='ltr'>porten-</span> 
     </span>
     <span class='ocr_line' id='line_1_9' title="bbox 246 739 1539 808; baseline 0.005 -23"><span class='ocrx_word' id='word_1_50' title='bbox 246 739 405 799; x_wconf 81' lang='lat' dir='ltr'>datur,</span> <span class='ocrx_word' id='word_1_51' title='bbox 426 756 612 792; x_wconf 89' lang='lat' dir='ltr'>norunt.</span> <span class='ocrx_word' id='word_1_52' title='bbox 643 743 843 792; x_wconf 86' lang='lat' dir='ltr'>Servitus</span> <span class='ocrx_word' id='word_1_53' title='bbox 866 744 974 807; x_wconf 87' lang='lat' dir='ltr'>quid</span> <span class='ocrx_word' id='word_1_54' title='bbox 995 744 1043 790; x_wconf 82' lang='lat' dir='ltr'>sit</span> <span class='ocrx_word' id='word_1_55' title='bbox 1060 745 1356 808; x_wconf 83' lang='lat' dir='ltr'>ignorabant,</span> <span class='ocrx_word' id='word_1_56' title='bbox 1377 760 1539 793; x_wconf 88' lang='lat' dir='ltr'>omnes</span> 
     </span>
     <span class='ocr_line' id='line_1_10' title="bbox 243 812 1539 878; baseline 0.007 -23"><span class='ocrx_word' id='word_1_57' title='bbox 243 812 467 873; x_wconf 86' lang='lat' dir='ltr'>generoso</span> <span class='ocrx_word' id='word_1_58' title='bbox 494 813 660 862; x_wconf 89' lang='lat' dir='ltr'>semine</span> <span class='ocrx_word' id='word_1_59' title='bbox 682 815 907 878; x_wconf 89' lang='lat' dir='ltr'>procreati</span> <span class='ocrx_word' id='word_1_60' title='bbox 933 833 942 861; x_wconf 94' lang='lat'><strong>:</strong></span> <span class='ocrx_word' id='word_1_61' title='bbox 964 814 1218 877; x_wconf 83' lang='lat' dir='ltr'>judicesque</span> <span class='ocrx_word' id='word_1_62' title='bbox 1253 814 1385 860; x_wconf 88' lang='lat' dir='ltr'>etiam</span> <span class='ocrx_word' id='word_1_63' title='bbox 1413 833 1539 864; x_wconf 87' lang='lat' dir='ltr'>nunc</span> 
     </span>
     <span class='ocr_line' id='line_1_11' title="bbox 244 883 1539 949; baseline 0.005 -22"><span class='ocrx_word' id='word_1_64' title='bbox 244 883 446 945; x_wconf 79' lang='lat' dir='ltr'>eligunt,</span> <span class='ocrx_word' id='word_1_65' title='bbox 484 886 700 934; x_wconf 87' lang='lat' dir='ltr'>diuturno</span> <span class='ocrx_word' id='word_1_66' title='bbox 735 887 931 934; x_wconf 87' lang='lat' dir='ltr'>bellandi</span> <span class='ocrx_word' id='word_1_67' title='bbox 966 887 1048 933; x_wconf 89' lang='lat' dir='ltr'>usu</span> <span class='ocrx_word' id='word_1_68' title='bbox 1085 886 1316 949; x_wconf 65' lang='lat' dir='ltr'>spectatos.</span> <span class='ocrx_word' id='word_1_69' title='bbox 1358 888 1443 934; x_wconf 86' lang='lat' dir='ltr'>Sed</span> <span class='ocrx_word' id='word_1_70' title='bbox 1482 888 1539 934; x_wconf 88' lang='lat' dir='ltr'>ad</span> 
     </span>
     <span class='ocr_line' id='line_1_12' title="bbox 244 956 1181 1023; baseline 0.006 -23"><span class='ocrx_word' id='word_1_71' title='bbox 244 956 416 1017; x_wconf 80' lang='lat' dir='ltr'>reliqua</span> <span class='ocrx_word' id='word_1_72' title='bbox 448 969 597 1006; x_wconf 85' lang='lat' dir='ltr'>textus</span> <span class='ocrx_word' id='word_1_73' title='bbox 631 959 852 1023; x_wconf 72' lang='lat' dir='ltr'>propositi</span> <span class='ocrx_word' id='word_1_74' title='bbox 884 975 1181 1006; x_wconf 87' lang='lat' dir='ltr'>revertamur.</span> 
     </span>
    </p>

    <p class='ocr_par' dir='ltr' id='par_1_3' title="bbox 241 1029 1538 2481">
     <span class='ocr_line' id='line_1_13' title="bbox 309 1029 1536 1094; baseline 0.002 -19"><span class='ocrx_word' id='word_1_75' title='bbox 309 1030 380 1076; x_wconf 81' lang='grc' dir='ltr'><strong>ΙΙΙ.</strong></span> <span class='ocrx_word' id='word_1_76' title='bbox 421 1031 560 1094; x_wconf 74' lang='lat' dir='ltr'>igitur</span> <span class='ocrx_word' id='word_1_77' title='bbox 594 1032 781 1089; x_wconf 90' lang='lat' dir='ltr'>Hunni,</span> <span class='ocrx_word' id='word_1_78' title='bbox 819 1030 1012 1094; x_wconf 78' lang='lat' dir='ltr'>pervasis</span> <span class='ocrx_word' id='word_1_79' title='bbox 1046 1030 1301 1077; x_wconf 87' lang='lat' dir='ltr'>Alanorum</span> <span class='ocrx_word' id='word_1_80' title='bbox 1334 1029 1536 1093; x_wconf 86' lang='lat' dir='ltr'>regioni-</span> 
     </span>
     <span class='ocr_line' id='line_1_14' title="bbox 243 1101 1538 1169; baseline 0.002 -21"><span class='ocrx_word' id='word_1_81' title='bbox 243 1101 327 1149; x_wconf 85' lang='lat' dir='ltr'>bus</span> <span class='ocrx_word' id='word_1_82' title='bbox 347 1138 361 1160; x_wconf 78' lang='lat'>,</span> <span class='ocrx_word' id='word_1_83' title='bbox 382 1120 499 1167; x_wconf 86' lang='lat' dir='ltr'>quos</span> <span class='ocrx_word' id='word_1_84' title='bbox 534 1105 848 1169; x_wconf 81' lang='lat' dir='ltr'>Greuthungis</span> <span class='ocrx_word' id='word_1_85' title='bbox 878 1103 1080 1155; x_wconf 85' lang='lat' dir='ltr'>confines</span> <span class='ocrx_word' id='word_1_86' title='bbox 1106 1103 1315 1150; x_wconf 86' lang='lat' dir='ltr'>Tanaitas</span> <span class='ocrx_word' id='word_1_87' title='bbox 1343 1104 1538 1151; x_wconf 90' lang='lat' dir='ltr'>consue-</span> 
     </span>
     <span class='ocr_line' id='line_1_15' title="bbox 241 1175 1536 1239; baseline 0.002 -17"><span class='ocrx_word' id='word_1_88' title='bbox 241 1176 357 1223; x_wconf 85' lang='lat' dir='ltr'>tudo</span> <span class='ocrx_word' id='word_1_89' title='bbox 385 1177 647 1224; x_wconf 85' lang='lat' dir='ltr'>nominavit</span> <span class='ocrx_word' id='word_1_90' title='bbox 668 1213 682 1234; x_wconf 95' lang='lat'>,</span> <span class='ocrx_word' id='word_1_91' title='bbox 708 1175 1038 1239; x_wconf 68' lang='lat' dir='ltr'>interfeEtisque</span> <span class='ocrx_word' id='word_1_92' title='bbox 1067 1176 1217 1222; x_wconf 89' lang='lat' dir='ltr'>multis</span> <span class='ocrx_word' id='word_1_93' title='bbox 1237 1178 1286 1224; x_wconf 85' lang='lat'>&amp;</span> <span class='ocrx_word' id='word_1_94' title='bbox 1307 1176 1536 1239; x_wconf 86' lang='lat' dir='ltr'>spoliatis,</span> 
     </span>
     <span class='ocr_line' id='line_1_16' title="bbox 244 1247 1535 1312; baseline 0 -16"><span class='ocrx_word' id='word_1_95' title='bbox 244 1249 447 1312; x_wconf 86' lang='lat' dir='ltr'>reliquos</span> <span class='ocrx_word' id='word_1_96' title='bbox 488 1249 568 1295; x_wconf 85' lang='lat' dir='ltr'>fibi</span> <span class='ocrx_word' id='word_1_97' title='bbox 611 1249 925 1297; x_wconf 84' lang='lat' dir='ltr'>concordandi</span> <span class='ocrx_word' id='word_1_98' title='bbox 971 1247 1059 1294; x_wconf 85' lang='lat' dir='ltr'>fide</span> <span class='ocrx_word' id='word_1_99' title='bbox 1096 1249 1219 1310; x_wconf 66' lang='lat' dir='ltr'>pafla</span> <span class='ocrx_word' id='word_1_100' title='bbox 1255 1248 1535 1309; x_wconf 83' lang='lat' dir='ltr'>junxerunt:</span> 
     </span>
     <span class='ocr_line' id='line_1_17' title="bbox 244 1320 1537 1385; baseline 0.002 -17"><span class='ocrx_word' id='word_1_101' title='bbox 244 1321 394 1384; x_wconf 80' lang='lat' dir='ltr'>eisque</span> <span class='ocrx_word' id='word_1_102' title='bbox 422 1320 667 1383; x_wconf 71' lang='lat' dir='ltr'>acljunffls‚</span> <span class='ocrx_word' id='word_1_103' title='bbox 697 1320 1000 1370; x_wconf 87' lang='lat' dir='ltr'>confidentius</span> <span class='ocrx_word' id='word_1_104' title='bbox 1030 1323 1310 1369; x_wconf 70' lang='lat' dir='ltr'>Ermenrichi</span> <span class='ocrx_word' id='word_1_105' title='bbox 1341 1322 1427 1369; x_wconf 90' lang='lat' dir='ltr'>late</span> <span class='ocrx_word' id='word_1_106' title='bbox 1459 1340 1537 1385; x_wconf 84' lang='lat' dir='ltr'>pa-</span> 
     </span>
     <span class='ocr_line' id='line_1_18' title="bbox 242 1393 1536 1458; baseline 0.001 -18"><span class='ocrx_word' id='word_1_107' title='bbox 242 1406 387 1441; x_wconf 89' lang='lat' dir='ltr'>tentes</span> <span class='ocrx_word' id='word_1_108' title='bbox 417 1396 466 1443; x_wconf 86' lang='lat'>&amp;</span> <span class='ocrx_word' id='word_1_109' title='bbox 489 1395 647 1442; x_wconf 84' lang='lat' dir='ltr'>uberes</span> <span class='ocrx_word' id='word_1_110' title='bbox 680 1410 822 1458; x_wconf 83' lang='lat' dir='ltr'>pagos</span> <span class='ocrx_word' id='word_1_111' title='bbox 850 1393 1090 1457; x_wconf 86' lang='lat' dir='ltr'>repentino</span> <span class='ocrx_word' id='word_1_112' title='bbox 1117 1394 1288 1456; x_wconf 89' lang='lat' dir='ltr'>impetu</span> <span class='ocrx_word' id='word_1_113' title='bbox 1318 1410 1536 1457; x_wconf 87' lang='lat' dir='ltr'>perrupe-</span> 
     </span>
     <span class='ocr_line' id='line_1_19' title="bbox 243 1465 1535 1530; baseline 0.002 -18"><span class='ocrx_word' id='word_1_114' title='bbox 243 1477 352 1513; x_wconf 87' lang='lat' dir='ltr'>runt</span> <span class='ocrx_word' id='word_1_115' title='bbox 371 1503 385 1524; x_wconf 89' lang='lat'>‚</span> <span class='ocrx_word' id='word_1_116' title='bbox 420 1465 738 1514; x_wconf 86' lang='lat' dir='ltr'>bellicofiffimi</span> <span class='ocrx_word' id='word_1_117' title='bbox 768 1465 882 1529; x_wconf 86' lang='lat' dir='ltr'>regis</span> <span class='ocrx_word' id='word_1_118' title='bbox 903 1501 916 1522; x_wconf 94' lang='lat'>,</span> <span class='ocrx_word' id='word_1_119' title='bbox 955 1467 1004 1513; x_wconf 63' lang='grc' dir='ltr'>ὃ(</span> <span class='ocrx_word' id='word_1_120' title='bbox 1037 1483 1116 1528; x_wconf 88' lang='lat' dir='ltr'>per</span> <span class='ocrx_word' id='word_1_121' title='bbox 1147 1465 1289 1512; x_wconf 87' lang='lat' dir='ltr'>multa</span> <span class='ocrx_word' id='word_1_122' title='bbox 1326 1467 1535 1530; x_wconf 87' lang='lat' dir='ltr'>variaque</span> 
     </span>
     <span class='ocr_line' id='line_1_20' title="bbox 243 1537 1536 1598; baseline 0.001 -14"><span class='ocrx_word' id='word_1_123' title='bbox 243 1537 425 1586; x_wconf 75' lang='lat' dir='ltr'>fortiter</span> <span class='ocrx_word' id='word_1_124' title='bbox 455 1537 565 1586; x_wconf 55' lang='lat' dir='ltr'>faita</span> <span class='ocrx_word' id='word_1_125' title='bbox 596 1538 759 1587; x_wconf 89' lang='lat' dir='ltr'>vicinis</span> <span class='ocrx_word' id='word_1_126' title='bbox 791 1537 1053 1585; x_wconf 87' lang='lat' dir='ltr'>nationibus</span> <span class='ocrx_word' id='word_1_127' title='bbox 1086 1537 1332 1585; x_wconf 80' lang='lat' dir='ltr'>formidati.</span> <span class='ocrx_word' id='word_1_128' title='bbox 1360 1538 1456 1598; x_wconf 82' lang='lat' dir='ltr'>Qui</span> <span class='ocrx_word' id='word_1_129' title='bbox 1486 1538 1536 1585; x_wconf 87' lang='lat' dir='ltr'>vi</span> 
     </span>
     <span class='ocr_line' id='line_1_21' title="bbox 243 1610 1536 1675; baseline -0.001 -16"><span class='ocrx_word' id='word_1_130' title='bbox 243 1611 401 1659; x_wconf 81' lang='lat' dir='ltr'>subitae</span> <span class='ocrx_word' id='word_1_131' title='bbox 438 1612 652 1674; x_wconf 79' lang='lat' dir='ltr'>procellae</span> <span class='ocrx_word' id='word_1_132' title='bbox 686 1610 948 1674; x_wconf 84' lang='lat' dir='ltr'>perculsus,</span> <span class='ocrx_word' id='word_1_133' title='bbox 978 1611 1185 1675; x_wconf 88' lang='lat' dir='ltr'>quamvis</span> <span class='ocrx_word' id='word_1_134' title='bbox 1212 1627 1392 1658; x_wconf 89' lang='lat' dir='ltr'>manere</span> <span class='ocrx_word' id='word_1_135' title='bbox 1430 1611 1536 1659; x_wconf 88' lang='lat' dir='ltr'>fun-</span> 
     </span>
     <span class='ocr_line' id='line_1_22' title="bbox 244 1682 1535 1746; baseline -0.001 -14"><span class='ocrx_word' id='word_1_136' title='bbox 244 1686 372 1733; x_wconf 85' lang='lat' dir='ltr'>datus</span> <span class='ocrx_word' id='word_1_137' title='bbox 405 1688 454 1733; x_wconf 87' lang='lat'>&amp;</span> <span class='ocrx_word' id='word_1_138' title='bbox 481 1684 645 1732; x_wconf 87' lang='lat' dir='ltr'>stabilis</span> <span class='ocrx_word' id='word_1_139' title='bbox 681 1685 759 1731; x_wconf 90' lang='lat' dir='ltr'>diu</span> <span class='ocrx_word' id='word_1_140' title='bbox 805 1697 998 1731; x_wconf 88' lang='lat' dir='ltr'>conatus</span> <span class='ocrx_word' id='word_1_141' title='bbox 1035 1684 1096 1731; x_wconf 89' lang='lat' dir='ltr'>est</span> <span class='ocrx_word' id='word_1_142' title='bbox 1118 1719 1132 1742; x_wconf 92' lang='lat'><strong>‚</strong></span> <span class='ocrx_word' id='word_1_143' title='bbox 1175 1682 1535 1746; x_wconf 86' lang='lat' dir='ltr'>impendentium</span> 
     </span>
     <span class='ocr_line' id='line_1_23' title="bbox 242 1754 1534 1821; baseline -0.002 -16"><span class='ocrx_word' id='word_1_144' title='bbox 242 1770 393 1805; x_wconf 86' lang='lat' dir='ltr'>tamen</span> <span class='ocrx_word' id='word_1_145' title='bbox 421 1758 644 1804; x_wconf 79' lang='lat' dir='ltr'>diritatem</span> <span class='ocrx_word' id='word_1_146' title='bbox 676 1769 869 1821; x_wconf 87' lang='lat' dir='ltr'>augente</span> <span class='ocrx_word' id='word_1_147' title='bbox 904 1755 1132 1819; x_wconf 83' lang='lat' dir='ltr'>vulgatius</span> <span class='ocrx_word' id='word_1_148' title='bbox 1161 1754 1309 1814; x_wconf 88' lang='lat' dir='ltr'>fama,</span> <span class='ocrx_word' id='word_1_149' title='bbox 1340 1773 1534 1819; x_wconf 89' lang='lat' dir='ltr'>magno-</span> 
     </span>
     <span class='ocr_line' id='line_1_24' title="bbox 241 1829 1536 1880; baseline 0 -4"><span class='ocrx_word' id='word_1_150' title='bbox 241 1847 344 1877; x_wconf 86' lang='lat' dir='ltr'>rum</span> <span class='ocrx_word' id='word_1_151' title='bbox 366 1829 670 1878; x_wconf 87' lang='lat' dir='ltr'>discriminum</span> <span class='ocrx_word' id='word_1_152' title='bbox 700 1843 871 1876; x_wconf 85' lang='lat' dir='ltr'>metum</span> <span class='ocrx_word' id='word_1_153' title='bbox 892 1829 1152 1876; x_wconf 87' lang='lat' dir='ltr'>voluntaria</span> <span class='ocrx_word' id='word_1_154' title='bbox 1178 1840 1326 1875; x_wconf 89' lang='lat' dir='ltr'>morte</span> <span class='ocrx_word' id='word_1_155' title='bbox 1349 1829 1536 1880; x_wconf 81' lang='lat' dir='ltr'>sedavit,</span> 
     </span>
     <span class='ocr_line' id='line_1_25' title="bbox 241 1901 1534 1966; baseline -0.001 -15"><span class='ocrx_word' id='word_1_156' title='bbox 241 1902 386 1965; x_wconf 87' lang='lat' dir='ltr'>Cujus</span> <span class='ocrx_word' id='word_1_157' title='bbox 418 1903 519 1966; x_wconf 86' lang='lat' dir='ltr'>post</span> <span class='ocrx_word' id='word_1_158' title='bbox 552 1903 731 1949; x_wconf 90' lang='lat' dir='ltr'>obitum</span> <span class='ocrx_word' id='word_1_159' title='bbox 761 1919 841 1949; x_wconf 85' lang='lat' dir='ltr'>rex</span> <span class='ocrx_word' id='word_1_160' title='bbox 873 1901 1131 1948; x_wconf 87' lang='lat' dir='ltr'>Vithimiris</span> <span class='ocrx_word' id='word_1_161' title='bbox 1164 1913 1338 1949; x_wconf 86' lang='lat' dir='ltr'>creatus</span> <span class='ocrx_word' id='word_1_162' title='bbox 1372 1902 1534 1950; x_wconf 87' lang='lat' dir='ltr'>restitit</span> 
     </span>
     <span class='ocr_line' id='line_1_26' title="bbox 243 1974 1533 2039; baseline 0.002 -16"><span class='ocrx_word' id='word_1_163' title='bbox 243 1975 566 2039; x_wconf 78' lang='lat' dir='ltr'>aliquantisper</span> <span class='ocrx_word' id='word_1_164' title='bbox 605 1975 760 2022; x_wconf 89' lang='lat' dir='ltr'>Alanis</span> <span class='ocrx_word' id='word_1_165' title='bbox 791 2012 806 2032; x_wconf 90' lang='lat'><strong><em>‚</em></strong></span> <span class='ocrx_word' id='word_1_166' title='bbox 837 1974 1015 2022; x_wconf 88' lang='lat' dir='ltr'>Hunnis</span> <span class='ocrx_word' id='word_1_167' title='bbox 1056 1975 1154 2021; x_wconf 88' lang='lat' dir='ltr'>aliis</span> <span class='ocrx_word' id='word_1_168' title='bbox 1195 1974 1369 2032; x_wconf 89' lang='lat' dir='ltr'>fretus,</span> <span class='ocrx_word' id='word_1_169' title='bbox 1412 1992 1533 2039; x_wconf 89' lang='lat' dir='ltr'>quos</span> 
     </span>
     <span class='ocr_line' id='line_1_27' title="bbox 241 2047 1535 2110; baseline -0.002 -14"><span class='ocrx_word' id='word_1_170' title='bbox 241 2049 448 2096; x_wconf 88' lang='lat' dir='ltr'>mercede</span> <span class='ocrx_word' id='word_1_171' title='bbox 479 2047 730 2096; x_wconf 86' lang='lat' dir='ltr'>sociaverat</span> <span class='ocrx_word' id='word_1_172' title='bbox 750 2048 948 2110; x_wconf 89' lang='lat' dir='ltr'>partibus</span> <span class='ocrx_word' id='word_1_173' title='bbox 975 2047 1073 2095; x_wconf 90' lang='lat' dir='ltr'>suis.</span> <span class='ocrx_word' id='word_1_174' title='bbox 1105 2050 1276 2094; x_wconf 89' lang='lat' dir='ltr'>Verum</span> <span class='ocrx_word' id='word_1_175' title='bbox 1296 2047 1395 2110; x_wconf 88' lang='lat' dir='ltr'>post</span> <span class='ocrx_word' id='word_1_176' title='bbox 1417 2050 1535 2095; x_wconf 84' lang='lat' dir='ltr'>mul-</span> 
     </span>
     <span class='ocr_line' id='line_1_28' title="bbox 241 2120 1535 2186; baseline 0 -16"><span class='ocrx_word' id='word_1_177' title='bbox 241 2133 310 2170; x_wconf 84' lang='lat' dir='ltr'>tas</span> <span class='ocrx_word' id='word_1_178' title='bbox 325 2158 339 2180; x_wconf 92' lang='lat'><strong><em>,</em></strong></span> <span class='ocrx_word' id='word_1_179' title='bbox 361 2138 469 2185; x_wconf 87' lang='lat' dir='ltr'>quas</span> <span class='ocrx_word' id='word_1_180' title='bbox 501 2123 711 2186; x_wconf 89' lang='lat' dir='ltr'>pertulit,</span> <span class='ocrx_word' id='word_1_181' title='bbox 733 2122 879 2170; x_wconf 84' lang='lat' dir='ltr'>clades</span> <span class='ocrx_word' id='word_1_182' title='bbox 900 2158 914 2180; x_wconf 87' lang='lat'><strong>,</strong></span> <span class='ocrx_word' id='word_1_183' title='bbox 934 2122 1126 2169; x_wconf 88' lang='lat' dir='ltr'>animam</span> <span class='ocrx_word' id='word_1_184' title='bbox 1158 2120 1315 2168; x_wconf 85' lang='lat' dir='ltr'>effudit</span> <span class='ocrx_word' id='word_1_185' title='bbox 1343 2121 1389 2169; x_wconf 93' lang='lat' dir='ltr'>in</span> <span class='ocrx_word' id='word_1_186' title='bbox 1409 2139 1535 2185; x_wconf 57' lang='lat' dir='ltr'>pree-f</span> 
     </span>
     <span class='ocr_line' id='line_1_29' title="bbox 241 2195 1532 2260; baseline 0 -16"><span class='ocrx_word' id='word_1_187' title='bbox 241 2197 333 2254; x_wconf 83' lang='lat' dir='ltr'>lio,</span> <span class='ocrx_word' id='word_1_188' title='bbox 355 2196 403 2244; x_wconf 88' lang='lat' dir='ltr'>vi</span> <span class='ocrx_word' id='word_1_189' title='bbox 421 2199 647 2260; x_wconf 81' lang='lat' dir='ltr'>superatus</span> <span class='ocrx_word' id='word_1_190' title='bbox 671 2214 915 2244; x_wconf 88' lang='lat' dir='ltr'>armorum.</span> <span class='ocrx_word' id='word_1_191' title='bbox 946 2195 1087 2259; x_wconf 86' lang='lat' dir='ltr'>Cujus</span> <span class='ocrx_word' id='word_1_192' title='bbox 1108 2196 1238 2259; x_wconf 88' lang='lat' dir='ltr'>parvi</span> <span class='ocrx_word' id='word_1_193' title='bbox 1266 2195 1346 2243; x_wconf 88' lang='lat' dir='ltr'>filii</span> <span class='ocrx_word' id='word_1_194' title='bbox 1361 2197 1532 2253; x_wconf 87' lang='lat' dir='ltr'>,Vide-</span> 
     </span>
     <span class='ocr_line' id='line_1_30' title="bbox 243 2267 1533 2332; baseline 0 -17"><span class='ocrx_word' id='word_1_195' title='bbox 243 2268 359 2316; x_wconf 86' lang='lat' dir='ltr'>richi</span> <span class='ocrx_word' id='word_1_196' title='bbox 391 2269 602 2327; x_wconf 87' lang='lat' dir='ltr'>nomine,</span> <span class='ocrx_word' id='word_1_197' title='bbox 636 2286 784 2316; x_wconf 88' lang='lat' dir='ltr'>curam</span> <span class='ocrx_word' id='word_1_198' title='bbox 817 2269 1057 2332; x_wconf 85' lang='lat' dir='ltr'>susceptam</span> <span class='ocrx_word' id='word_1_199' title='bbox 1086 2267 1299 2315; x_wconf 86' lang='lat' dir='ltr'>Alatheus</span> <span class='ocrx_word' id='word_1_200' title='bbox 1323 2269 1533 2316; x_wconf 86' lang='lat' dir='ltr'>tuebatur</span> 
     </span>
     <span class='ocr_line' id='line_1_31' title="bbox 244 2340 1533 2405; baseline -0.002 -15"><span class='ocrx_word' id='word_1_201' title='bbox 244 2344 296 2390; x_wconf 83' lang='lat'>&amp;</span> <span class='ocrx_word' id='word_1_202' title='bbox 323 2342 522 2405; x_wconf 82' lang='lat' dir='ltr'>Saphrax</span> <span class='ocrx_word' id='word_1_203' title='bbox 543 2379 557 2402; x_wconf 91' lang='lat'>‚</span> <span class='ocrx_word' id='word_1_204' title='bbox 587 2344 721 2390; x_wconf 89' lang='lat' dir='ltr'>duces</span> <span class='ocrx_word' id='word_1_205' title='bbox 747 2343 931 2391; x_wconf 81' lang='lat' dir='ltr'>exerciti</span> <span class='ocrx_word' id='word_1_206' title='bbox 969 2346 1019 2390; x_wconf 87' lang='lat'>&amp;</span> <span class='ocrx_word' id='word_1_207' title='bbox 1053 2340 1262 2389; x_wconf 85' lang='lat' dir='ltr'>firmitate</span> <span class='ocrx_word' id='word_1_208' title='bbox 1299 2343 1533 2404; x_wconf 53' lang='lat' dir='ltr'>pestorum</span> 
     </span>
     <span class='ocr_line' id='line_1_32' title="bbox 246 2415 1532 2481; baseline 0.001 -19"><span class='ocrx_word' id='word_1_209' title='bbox 246 2415 379 2464; x_wconf 82' lang='lat' dir='ltr'>noti:</span> <span class='ocrx_word' id='word_1_210' title='bbox 404 2415 602 2480; x_wconf 88' lang='lat' dir='ltr'>quicum</span> <span class='ocrx_word' id='word_1_211' title='bbox 633 2430 839 2481; x_wconf 81' lang='lat' dir='ltr'>tempore</span> <span class='ocrx_word' id='word_1_212' title='bbox 867 2417 988 2466; x_wconf 62' lang='lat' dir='ltr'>arEtO</span> <span class='ocrx_word' id='word_1_213' title='bbox 1019 2417 1244 2481; x_wconf 77' lang='lat' dir='ltr'>praeventi</span> <span class='ocrx_word' id='word_1_214' title='bbox 1273 2415 1532 2479; x_wconf 75' lang='lat' dir='ltr'>abjecifi&#39;ent</span> 
     </span>
    </p>
   </div>
  </div>
 </body>
</html>
