1626 2917
257 135 532 190 RERUM
570 117 1235 183 MEMORABILIU'M.

167 251 332 285 noratur.
353 258 416 291 21,
443 257 501 285 10.
523 244 606 295 post
621 242 715 283 Prae-

107 342 115 347 ,
168 299 290 339 fectus
310 299 406 339 urbi.
429 298 515 337 ibid.

118 354 308 394 ViHorinus
318 385 332 403 ‚
352 352 494 393 amicus
508 353 717 393 Maximini

168 407 308 448 Vicarii
321 439 332 456 ,
347 406 525 458 suffragio
545 408 612 447 suo
629 421 718 458 qua-

167 471 254 501 tuor
297 464 496 503 Senatores
546 461 716 513 periculo

169 519 304 556 mortis
322 515 468 555 liberat.
485 517 556 564 28,
577 532 608 558 1.
633 516 718 556 Ma-

168 570 303 610 ximini
339 572 444 610 aetus
480 571 714 611 venditabat.

168 625 253 663 ibid.
294 626 374 673 ejus
412 624 582 665 defuncti
619 639 739 665 uxor‘

168 678 328 730 Anepsia
347 679 461 729 stupri
481 692 543 719 rea
560 681 714 723 damna-

171 739 242 770 tur.
270 733 354 771 ibid.

120 784 368 825 Vitalianum
389 786 549 833 Joviano
573 789 614 827 A.
637 788 714 827 Do-

168 839 341 879 mesticus
365 841 418 879 fit.
450 855 522 894 25,
545 855 601 889 10.
621 842 717 893 post-

169 905 213 931 ea
249 893 387 933 Comes
426 896 477 932 rei
513 895 686 936 militaris
703 928 716 945 ,

169 946 268 986 male
298 961 378 987 rem
405 949 444 987 in
465 949 617 1000 Illyrico
642 951 718 990 ad·-

168 1001 294 1040 versus
321 1002 470 1042 Gothos
491 1004 607 1054 geffit.
630 1006 716 1046 ibid.

118 1062 312 1101 Vithericus
349 1063 565 1105 Gothorum
602 1067 717 1106 Greu-

168 1115 403 1165 thungorum
440 1131 518 1158 rex.
559 1133 633 1171 31,
672 1136 709 1169 4.

167 1182 240 1219 qua
256 1171 400 1210 ratione
413 1172 544 1212 Istrum
558 1176 717 1222 trajece-

165 1224 236 1269 rit,
276 1226 311 1263 Sc
348 1226 437 1275 quid
478 1227 516 1266 in
552 1225 716 1268 Thracia

167 1277 330 1325 gesserit.
365 1293 406 1332 31
426 1310 438 1328 ‚
460 1281 584 1329 4—16.

118 1339 337 1378 Vithicabius
377 1354 443 1381 rex
481 1341 716 1382 Alamanno-

167 1406 277 1439 rum,
321 1395 543 1435 Vadomarii
588 1395 713 1445 filius,

167 1447 301 1486 fraude
321 1449 477 1488 ministri
493 1464 513 1489 a
533 1451 717 1491 Romanis

169 1504 340 1553 corrupti
369 1503 602 1545 interficitur.
643 1520 716 1558 27,

173 1568 186 1592 1
196 1569 230 1595 o..

120 1615 323 1656 Vitrodorus
355 1618 579 1667 Quadorum
614 1633 717 1671 rega—

170 1669 243 1717 lis,
278 1671 447 1712 Viduarii
483 1675 580 1724 regis
604 1674 715 1715 filius.

175 1738 220 1773 17
237 1754 248 1772 ,
283 1739 339 1765 12.

121 1787 287 1825 Urbicius
309 1787 595 1839 Mesopotamiae
618 1793 715 1843 dux,

166 1841 222 1878 ud·
253 1842 434 1891 Saporem
465 1844 512 1883 de
542 1844 716 1889 Armenia

171 1896 209 1934 ἃ.
233 1895 390 1936 Hiberia
412 1897 555 1948 legatus
577 1901 714 1945 miffus.

174 1962 243 2000 30,
271 1965 304 1988 2.
499 1982 502 1985 -

120 2004 232 2041 Urius
248 2003 544 2047 Alamannorum
560 2022 635 2048 rex.
654 2013 717 2061 16,
758 2006 760 2008 V

175 2070 232 2095 12.
261 2057 331 2106 18,
347 2074 380 2097 2.

122 2121 293 2172 Ursacius
335 2122 514 2173 Magister
562 2127 719 2169 Officio-

172 2187 253 2213 rum
281 2178 457 2217 crudelis.
484 2181 554 2227 26,
577 2198 612 2229 4.
635 2184 718 2223 Ala-

171 2241 394 2270 mannorum
420 2232 562 2283 legatos
583 2237 629 2275 ad
648 2238 718 2277 Co-

171 2280 345 2323 mitatum
361 2286 487 2326 missos
507 2289 630 2341 aspere
645 2301 718 2331 tra-

173 2335 259 2374 nat.
288 2339 358 2380 26,
382 2353 411 2389 5.

125 2389 302 2438 Ursicinus
328 2393 504 2446 Magister
541 2399 711 2448 equitum

831 255 878 282 ex
898 243 1054 283 Oriente
1085 250 1275 284 evocatur.
1306 251 1380 294 143

835 310 896 337 11.
924 299 1171 348 impugnatur
1191 298 1239 338 ab
1263 298 1380 338 Arbe-

831 352 944 391 tione.
973 365 986 390 1
1001 367 1016 406 5
1031 382 1042 401 ,
1061 367 1095 392 2.
1112 352 1307 393 Silvanum
1323 361 1380 404 ty-

831 418 992 445 rannum
1028 408 1223 458 opprimit.
1250 419 1319 461 15,
1348 420 1383 459 5.

832 459 1036 499 remittitur
1084 461 1124 501 in
1180 461 1383 501 Orientem

833 526 922 555 cum
954 514 1157 565 magisterii
1187 515 1383 564 potestate.

839 568 883 608 16
899 598 910 616 ‚
942 582 999 608 10.
1023 568 1070 608 ab
1092 569 1251 609 Eusebio
1274 567 1381 608 Praef.

832 622 1000 661 cubiculi
1028 635 1094 661 cur
1123 624 1384 674 impugnatus.

837 675 882 714 18
900 706 911 724 ,
940 691 976 723 4.
1005 689 1050 715 ex
1073 676 1231 717 Oriente
1251 688 1385 715 evoca-

831 738 891 768 tus
915 742 1002 768 cum
1026 731 1182 770 venisset
1200 731 1239 769 in
1259 730 1384 771 Thra-

832 783 954 831 ciam,
985 784 1189 823 remittitur
1220 786 1260 823 in
1295 783 1381 824 Me·

832 837 1094 887 sopotamiam.
1125 839 1169 877 18
1185 869 1195 886 ‚
1223 839 1259 878 6.
1284 838 1383 878 Nifi-

834 891 901 930 bin
926 894 961 931 &
983 892 1159 931 Amidam
1186 901 1293 932 curat
1324 905 1383 930 or-

834 946 1024 995 dinatque.
1039 946 1122 986 ibid.
1138 946 1260 986 Persas
1280 947 1382 985 Ami-

835 999 1236 1040 damcircumfidentes
1247 1000 1382 1040 furtim

833 1052 1011 1092 invadere
1032 1063 1203 1093 conatur.
1246 1066 1313 1108 19,
1346 1067 1380 1105 3.

833 1106 1049 1155 Magister-io
1098 1109 1273 1157 peditum
1331 1107 1380 1148 ab

833 1159 930 1210 Imp.
945 1161 1106 1203 exuitur.
1133 1175 1181 1201 20
1196 1191 1208 1210 ‚
1224 1176 1259 1202 2.

784 1215 964 1264 Urficinus
985 1213 1282 1256 Alamannorum
1301 1228 1382 1257 rex.

840 1268 908 1314 16,
941 1281 999 1307 12.

784 1322 963 1372 Ursicinus
978 1322 1165 1362 Vicariam
1186 1323 1385 1364 Praefec‘tu-

832 1387 912 1413 ram
937 1375 1072 1416 Romae
1096 1387 1215 1419 curat.
1239 1377 1313 1425 28,
1347 1392 1382 1418 1.

836 1440 902 1468 cur
921 1429 968 1468 ab
989 1442 1033 1470 ea
1045 1440 1213 1470 remotus
1230 1431 1283 1471 fit.
1298 1433 1382 1473 ibid.

786 1483 905 1533 Urfini
924 1495 1013 1522 cum
1031 1484 1194 1524 Damaso
1213 1486 1260 1524 de
1277 1485 1382 1524 urbis

836 1535 967 1576 Romae
983 1537 1212 1590 Episcopatu
1226 1548 1383 1579 conten-

835 1590 902 1629 tio.
933 1606 1004 1641 27,
1030 1605 1060 1643 ξ’,

786 1644 939 1697 Urfizlus
962 1645 1101 1685 Comes
1123 1646 1380 1698 largitionum.

839 1697 906 1745 16,
942 1698 976 1738 8.
1013 1701 1068 1737 vir
1099 1700 1255 1741 severus.
1296 1704 1378 1743 ibid.

835 1753 917 1800 ejus
939 1753 1021 1800 post
1040 1754 1131 1793 visas
1148 1758 1293 1796 Amidae
1308 1758 1382 1796 rui-

836 1819 902 1843 nas
934 1806 1094 1846 liberum
1131 1810 1179 1848 de
1216 1811 1381 1851 militum

835 1860 983 1909 ignavia
1006 1862 1169 1911 dietun1‚
1193 1865 1382 1913 caus-aipfi

835 1914 966 1953 mortis
990 1915 1073 1955 fuit.
1101 1931 1171 1965 2ο,
1196 1917 1384 1967 11.Julia-

836 1968 878 2006 ni
896 1969 938 2007 A.
963 1968 1059 2017 juffu
1083 1971 1299 2013 damnatus.
1315 1986 1385 2023 22,

787 2075 970 2113 Vulcatius
995 2076 1154 2118 Rufinus
1186 2080 1383 2120 Praefetstus

837 2128 1010 2170 Przetorio
1031 2130 1217 2175 laudatur.
1246 2149 1295 2189 27
1310 2166 1320 2184 ,
1341 2149 1377 2189 7.

1070 2274 1109 2313 l..

782 2402 997 2442 Ziannorum
1031 2404 1142 2457 legio.
1180 2419 1253 2461 25,
1280 2422 1314 2449 Ι.
