1626 2917
272 210 508 264 ‘RERUM
537 216 876 264 GESTARUM
911 218 1018 264 ΜΒ.
1051 217 1200 264 xxn.
1303 230 1389 281 301

107 321 234 386 cujus
270 324 471 371 aussores
510 323 752 386 Amphitus
781 324 832 371 &
860 323 1042 374 Cercius
1075 323 1278 387 Spartani
1300 336 1396 371 tra-

109 396 305 453 duntur,
327 396 492 459 aurigae
520 397 719 444 Castoris
744 400 793 445 &
815 398 1014 445 Pollucis
1035 434 1048 456 ,
1078 414 1100 444 a
1121 398 1282 460 quibus
1304 399 1395 446 He·

109 467 386 515 niochorum
424 468 548 526 natio
582 469 642 514 est
671 469 882 516 instituta.
917 470 1102 517 Paulum
1134 470 1190 517 ab
1221 471 1290 517 his
1326 471 1395 518 se-

104 552 355 588 cernuntur
374 541 556 588 Achaei:
583 541 661 605 qui
680 543 799 589 bello
813 543 1038 590 anteriore
1057 543 1250 606 quodam
1272 543 1393 606 apud

105 611 295 674 Trojam
331 614 644 662 consummato
667 651 680 673 ‚
717 631 811 660 non
837 633 938 662 cum
959 616 1274 677 super-‘Helena
1295 633 1392 663 cer-

105 698 275 734 taretur
293 723 307 746 ,
336 700 387 734 ut
420 689 621 735 iustiores
646 688 885 751 prodidere
906 689 1116 735 nonnulli
1140 726 1153 746 ‚
1188 690 1236 735 in
1268 692 1393 737 Pon-

101 771 198 806 tum
221 759 482 808 reflantibus
501 761 649 809 ventis
673 778 826 808 errore
852 761 1010 816 delati,
1033 761 1286 825 cunffisque
1307 762 1390 808 ho-

101 833 272 883 stilibus
291 871 305 894 ‚
336 835 535 883 flabilem
570 836 811 883 domiciliis
846 836 989 883 sedem
1018 837 1231 898 nusquam
1258 853 1389 899 repe-

100 907 266 955 rientes
284 943 298 964 ,
325 909 569 956 verticibus
590 909 812 955 montium
834 908 1031 955 insedere
1058 908 1229 971 semper
1255 909 1388 966 niva÷

103 980 215 1027 lium
237 999 248 1027 :
273 981 322 1028 &
342 982 535 1028 horrore
571 982 678 1028 coeli
711 982 892 1027 disti-iffi
915 1019 930 1038 ,
948 983 1117 1029 vicium
1152 983 1283 1029 etiam
1308 984 1388 1031 sibi
1446 1001 1451 1011 “

102 1070 206 1101 cum
241 1055 454 1116 periculis
485 1066 614 1117 rapto
645 1071 798 1116 parare
829 1054 1052 1101 affixcfaffi
1089 1054 1218 1101 sunt:
1252 1069 1412 1119 atque·

100 1147 158 1176 eo
179 1131 293 1178 ultra
315 1148 498 1178 omnem
526 1132 683 1179 deinde
712 1132 931 1178 ferociam
963 1131 1219 1178 saevierunt.
1245 1133 1386 1195 Super

99 1204 301 1251 Cercetis
319 1241 333 1262 ‚
361 1205 441 1269 qui
465 1205 618 1252 iisdem
654 1206 816 1252 annexi
846 1205 973 1263 sunt,
995 1204 1106 1251 nihil
1131 1219 1387 1254 memoratu

94 1278 286 1324 traditur
302 1278 501 1341 dignum.
523 1281 732 1340 Quorum
754 1278 852 1342 post
872 1292 991 1342 terga
1009 1279 1269 1325 Cimmerici
1289 1281 1386 1342 agi·-

95 1359 192 1395 tant
225 1349 391 1397 incolae
422 1349 642 1412 Bospori,
672 1351 750 1398 ubi
784 1350 970 1396 Milesiae
1007 1350 1107 1397 sunt
1141 1351 1384 1412 civitates,

93 1421 342 1485 harumque
360 1424 487 1471 velut
505 1437 643 1470 mater
658 1423 863 1470 omnium
879 1423 1229 1486 Panticapaeum:
1245 1442 1383 1487 quarn

94 1494 353 1558 perstringit
378 1496 585 1559 Hypanis
611 1495 780 1542 fluvius
800 1531 812 1552 ‚
843 1494 1049 1556 genuinis
1077 1495 1383 1544 intumescens

92 1564 218 1627 aquis
245 1567 296 1614 &
325 1567 535 1614 externis.
559 1567 795 1615 Itineribus
815 1567 919 1614 hinc
943 1567 1133 1614 extensis
1149 1602 1162 1624 ‚
1183 1569 1382 1616 Amazo-

92 1654 171 1684 nes
194 1638 388 1704 adusque
413 1639 620 1703 Caspium
647 1657 768 1687 mare
801 1640 1019 1703 porre6lae
1042 1639 1379 1687 circumcolunt

93 1712 269 1760 Tanain
291 1731 302 1760 :
324 1714 401 1776 qui
430 1714 547 1760 inter
577 1714 811 1761 Caucasias
840 1714 991 1761 oriens
1018 1730 1180 1776 rupes,
1210 1731 1292 1776 per
1323 1715 1381 1761 fi-

89 1785 259 1854 nuo-sos
296 1787 458 1833 labitur
496 1786 840 1844 circumflexus,
883 1786 1119 1850 Asiamque
1154 1787 1380 1835 distermia

90 1874 202 1905 nans
222 1860 277 1906 ab
295 1861 499 1924 Europa,
515 1861 560 1907 in
582 1861 742 1925 stagnis
761 1861 989 1908 Maeoticis
1009 1860 1236 1909 delitescit.
1256 1862 1378 1911 Huic

89 1931 193 1978 Rha
212 1932 391 1980 vicinus
411 1934 474 1980 est
496 1935 661 1988 amnis,
687 1935 733 1980 in
762 1933 887 1995 cujus
908 1933 1151 1996 superciliis
1169 1936 1378 1997 quaedam

89 2005 352 2066 vegetabilis
376 2006 571 2068 ejusdem
595 2006 793 2054 nominis
827 1997 1026 2070 gignit-ur
1052 2006 1179 2052 radix
1194 2042 1209 2065 ‚
1229 2007 1374 2069 profi-

90 2077 212 2125 ciens
230 2079 285 2126 ad
310 2079 411 2127 usus
434 2080 707 2143 multiplices
724 2079 1010 2126 medelarum.
1044 2079 1175 2127 Ultra
1193 2080 1372 2127 Tanain

87 2153 347 2215 panduntur
384 2153 432 2200 in
476 2153 755 2201 latitudinem
793 2153 1097 2210 Sauromatae‚
1136 2169 1218 2214 per
1253 2169 1372 2215 quos

91 2240 242 2272 amnes
273 2225 422 2276 fluunt
449 2226 680 2290 perpetui,
716 2227 973 2282 Maraccus,
1003 2225 1052 2272 &
1077 2225 1371 2282 Rhombites,

89 2297 489 2362 &Theophanes‚
512 2303 561 2348 ὅ(
591 2301 896 2347 Totordanes,
927 2298 1050 2346 Licet
1071 2300 1154 2346 alia
1183 2315 1371 2362 quoque

89 2370 252 2418 distans
280 2372 549 2421 immanibus
583 2372 831 2421 intervallis
864 2374 1225 2418 Sauromatarum
1260 2388 1370 2433 prae-

88 2443 288 2490 tenditur
306 2446 432 2493 natio
448 2482 461 2503 ,
481 2446 605 2492 litori
631 2445 800 2504 justia,
822 2445 946 2505 quod
978 2444 1201 2491 Coracem
1235 2443 1371 2490 susci-

81 2516 217 2581 *piens
243 2517 438 2570 fluvium
471 2521 521 2569 in
550 2536 708 2585 aequor
743 2516 898 2581 ejefiiat
925 2531 1188 2566 extremum.
1225 2518 1373 2580 Prope
