<?xml version="1.0" encoding="UTF-8"?>
<!DOCTYPE html PUBLIC "-//W3C//DTD XHTML 1.0 Transitional//EN"
    "http://www.w3.org/TR/xhtml1/DTD/xhtml1-transitional.dtd">
<html xmlns="http://www.w3.org/1999/xhtml" xml:lang="en" lang="en">
 <head>
  <title>
</title>
<meta http-equiv="Content-Type" content="text/html;charset=utf-8" />
  <meta name='ocr-system' content='tesseract 3.04.00' />
  <meta name='ocr-capabilities' content='ocr_page ocr_carea ocr_par ocr_line ocrx_word'/>
</head>
<body>
  <div class='ocr_page' id='page_1' title='image "./rerumgestarumqui00ammiuoft_0032.png"; bbox 0 0 1626 2917; ppageno 0'>
   <div class='ocr_carea' id='block_1_1' title="bbox 260 157 1418 207">
    <p class='ocr_par' dir='ltr' id='par_1_1' title="bbox 260 157 1418 207">
     <span class='ocr_line' id='line_1_1' title="bbox 260 157 1418 207; baseline -0.002 -2"><span class='ocrx_word' id='word_1_1' title='bbox 260 167 378 207; x_wconf 75' lang='lat' dir='ltr'>XXII</span> <span class='ocrx_word' id='word_1_2' title='bbox 445 157 835 205; x_wconf 83' lang='lat' dir='ltr'><em>AMMIANI</em></span> <span class='ocrx_word' id='word_1_3' title='bbox 880 157 1418 205; x_wconf 82' lang='lat' dir='ltr'><em>MARCELLINI</em></span> 
     </span>
    </p>
   </div>
   <div class='ocr_carea' id='block_1_2' title="bbox 247 265 1626 2544">
    <p class='ocr_par' dir='ltr' id='par_1_2' title="bbox 247 265 1626 2544">
     <span class='ocr_line' id='line_1_2' title="bbox 260 265 1538 327; baseline 0.001 -17"><span class='ocrx_word' id='word_1_4' title='bbox 260 265 468 324; x_wconf 66' lang='lat' dir='ltr'>Praefec‘lis</span> <span class='ocrx_word' id='word_1_5' title='bbox 490 266 776 327; x_wconf 67' lang='lat' dir='ltr'>proximisclue</span> <span class='ocrx_word' id='word_1_6' title='bbox 796 267 1075 325; x_wconf 81' lang='lat' dir='ltr'>permittebat,</span> <span class='ocrx_word' id='word_1_7' title='bbox 1095 282 1142 310; x_wconf 84' lang='lat' dir='ltr'>ue</span> <span class='ocrx_word' id='word_1_8' title='bbox 1165 267 1344 324; x_wconf 79' lang='lat' dir='ltr'>fidenter</span> <span class='ocrx_word' id='word_1_9' title='bbox 1363 265 1538 326; x_wconf 74' lang='lat' dir='ltr'>impetus</span> 
     </span>
     <span class='ocr_line' id='line_1_3' title="bbox 247 330 1543 391; baseline -0.001 -16"><span class='ocrx_word' id='word_1_10' title='bbox 247 330 355 390; x_wconf 67' lang='lat' dir='ltr'>filos</span> <span class='ocrx_word' id='word_1_11' title='bbox 385 332 563 390; x_wconf 82' lang='lat' dir='ltr'><em>aliorsus</em></span> <span class='ocrx_word' id='word_1_12' title='bbox 593 333 798 376; x_wconf 78' lang='lat' dir='ltr'>tendentes</span> <span class='ocrx_word' id='word_1_13' title='bbox 819 363 834 386; x_wconf 87' lang='lat'>,</span> <span class='ocrx_word' id='word_1_14' title='bbox 865 333 925 377; x_wconf 88' lang='lat' dir='ltr'>ad</span> <span class='ocrx_word' id='word_1_15' title='bbox 953 349 1038 391; x_wconf 84' lang='lat' dir='ltr'>quoe</span> <span class='ocrx_word' id='word_1_16' title='bbox 1068 333 1231 376; x_wconf 78' lang='lat' dir='ltr'><em>decebat</em></span> <span class='ocrx_word' id='word_1_17' title='bbox 1267 333 1429 376; x_wconf 85' lang='lat' dir='ltr'>monitu</span> <span class='ocrx_word' id='word_1_18' title='bbox 1463 348 1543 389; x_wconf 78' lang='lat' dir='ltr'>op-</span> 
     </span>
     <span class='ocr_line' id='line_1_4' title="bbox 254 395 1542 460; baseline -0.001 -21"><span class='ocrx_word' id='word_1_19' title='bbox 254 411 438 454; x_wconf 78' lang='lat' dir='ltr'>portuno</span> <span class='ocrx_word' id='word_1_20' title='bbox 447 395 661 453; x_wconf 81' lang='lat' dir='ltr'><strong><em>frenarent</em></strong></span> <span class='ocrx_word' id='word_1_21' title='bbox 679 413 700 450; x_wconf 89' lang='lat'><em>;</em></span> <span class='ocrx_word' id='word_1_22' title='bbox 723 395 1045 460; x_wconf 80' lang='lat' dir='ltr'>monstrabatque</span> <span class='ocrx_word' id='word_1_23' title='bbox 1050 396 1233 454; x_wconf 76' lang='lat' dir='ltr'>subinde</span> <span class='ocrx_word' id='word_1_24' title='bbox 1252 398 1304 455; x_wconf 89' lang='lat' dir='ltr'>se</span> <span class='ocrx_word' id='word_1_25' title='bbox 1323 398 1452 441; x_wconf 87' lang='lat' dir='ltr'>dolere</span> <span class='ocrx_word' id='word_1_26' title='bbox 1472 397 1542 439; x_wconf 86' lang='lat' dir='ltr'>de-</span> 
     </span>
     <span class='ocr_line' id='line_1_5' title="bbox 258 458 1543 522; baseline -0.001 -18"><span class='ocrx_word' id='word_1_27' title='bbox 258 459 369 504; x_wconf 76' lang='lat' dir='ltr'>lic‘lis</span> <span class='ocrx_word' id='word_1_28' title='bbox 389 491 404 512; x_wconf 83' lang='lat'><strong>‚</strong></span> <span class='ocrx_word' id='word_1_29' title='bbox 439 458 480 506; x_wconf 68' lang='grc' dir='ltr'>δ’</span> <span class='ocrx_word' id='word_1_30' title='bbox 510 463 684 522; x_wconf 79' lang='lat' dir='ltr'>gaudere</span> <span class='ocrx_word' id='word_1_31' title='bbox 716 458 962 506; x_wconf 70' lang='lat' dir='ltr'>correflione.</span> <span class='ocrx_word' id='word_1_32' title='bbox 994 461 1054 507; x_wconf 88' lang='lat' dir='ltr'>At</span> <span class='ocrx_word' id='word_1_33' title='bbox 1088 476 1202 506; x_wconf 88' lang='lat' dir='ltr'>vero</span> <span class='ocrx_word' id='word_1_34' title='bbox 1244 459 1381 522; x_wconf 87' lang='lat' dir='ltr'>longe</span> <span class='ocrx_word' id='word_1_35' title='bbox 1416 458 1543 504; x_wconf 87' lang='lat' dir='ltr'>aliter</span> 
     </span>
     <span class='ocr_line' id='line_1_6' title="bbox 263 521 1544 582; baseline 0.002 -16"><span class='ocrx_word' id='word_1_36' title='bbox 263 523 634 580; x_wconf 64' lang='lat' dir='ltr'>Valentinianus,</span> <span class='ocrx_word' id='word_1_37' title='bbox 662 521 789 582; x_wconf 79' lang='lat' dir='ltr'>cujus</span> <span class='ocrx_word' id='word_1_38' title='bbox 818 522 1055 569; x_wconf 72' lang='lat' dir='ltr'>occasione</span> <span class='ocrx_word' id='word_1_39' title='bbox 1088 524 1146 571; x_wconf 87' lang='lat' dir='ltr'>fic</span> <span class='ocrx_word' id='word_1_40' title='bbox 1172 524 1320 570; x_wconf 85' lang='lat' dir='ltr'>noster</span> <span class='ocrx_word' id='word_1_41' title='bbox 1345 541 1355 569; x_wconf 90' lang='lat'>:</span> <span class='ocrx_word' id='word_1_42' title='bbox 1385 524 1481 573; x_wconf 85' lang='lat' dir='ltr'>Haec</span> <span class='ocrx_word' id='word_1_43' title='bbox 1501 521 1544 569; x_wconf 75' lang='lat' dir='ltr'>G·</span> 
     </span>
     <span class='ocr_line' id='line_1_7' title="bbox 250 588 1546 653; baseline 0.001 -21"><span class='ocrx_word' id='word_1_44' title='bbox 250 588 419 653; x_wconf 56' lang='grc' dir='ltr'>υ[ἱνηὶίιίι</span> <span class='ocrx_word' id='word_1_45' title='bbox 461 592 624 634; x_wconf 79' lang='lat' dir='ltr'><em>licenter</em></span> <span class='ocrx_word' id='word_1_46' title='bbox 661 589 754 634; x_wconf 84' lang='lat' dir='ltr'>ideo</span> <span class='ocrx_word' id='word_1_47' title='bbox 791 591 934 633; x_wconf 78' lang='lat' dir='ltr'><em>altiore</em></span> <span class='ocrx_word' id='word_1_48' title='bbox 966 588 1084 652; x_wconf 84' lang='lat' dir='ltr'><em>fastu</em></span> <span class='ocrx_word' id='word_1_49' title='bbox 1126 593 1296 650; x_wconf 85' lang='lat' dir='ltr'>quidam</span> <span class='ocrx_word' id='word_1_50' title='bbox 1330 590 1546 648; x_wconf 77' lang='lat' dir='ltr'><em>Principes</em></span> 
     </span>
     <span class='ocr_line' id='line_1_8' title="bbox 264 654 1551 718; baseline 0.001 -20"><span class='ocrx_word' id='word_1_51' title='bbox 264 670 399 714; x_wconf 77' lang='lat' dir='ltr'>agunt</span> <span class='ocrx_word' id='word_1_52' title='bbox 419 688 433 709; x_wconf 89' lang='lat'>,</span> <span class='ocrx_word' id='word_1_53' title='bbox 459 657 570 713; x_wconf 85' lang='lat' dir='ltr'>quod</span> <span class='ocrx_word' id='word_1_54' title='bbox 601 655 748 698; x_wconf 76' lang='lat' dir='ltr'>amicis</span> <span class='ocrx_word' id='word_1_55' title='bbox 781 655 1027 698; x_wconf 73' lang='lat' dir='ltr'>emendandi</span> <span class='ocrx_word' id='word_1_56' title='bbox 1047 654 1169 714; x_wconf 85' lang='lat' dir='ltr'>secus</span> <span class='ocrx_word' id='word_1_57' title='bbox 1189 658 1368 718; x_wconf 78' lang='lat' dir='ltr'>cogitata</span> <span class='ocrx_word' id='word_1_58' title='bbox 1396 659 1463 699; x_wconf 78' lang='lat' dir='ltr'>vel</span> <span class='ocrx_word' id='word_1_59' title='bbox 1476 671 1551 715; x_wconf 76' lang='lat' dir='ltr'>ge—</span> 
     </span>
     <span class='ocr_line' id='line_1_9' title="bbox 251 719 1550 784; baseline 0.002 -22"><span class='ocrx_word' id='word_1_60' title='bbox 251 719 325 784; x_wconf 80' lang='lat' dir='ltr'>sta</span> <span class='ocrx_word' id='word_1_61' title='bbox 354 721 513 778; x_wconf 81' lang='lat' dir='ltr'>copiam</span> <span class='ocrx_word' id='word_1_62' title='bbox 543 734 697 780; x_wconf 73' lang='lat' dir='ltr'>negant</span> <span class='ocrx_word' id='word_1_63' title='bbox 708 737 729 773; x_wconf 90' lang='lat'><em>;</em></span> <span class='ocrx_word' id='word_1_64' title='bbox 762 720 955 764; x_wconf 79' lang='lat' dir='ltr'>inimicos</span> <span class='ocrx_word' id='word_1_65' title='bbox 984 721 1095 778; x_wconf 79' lang='lat' dir='ltr'>loqui</span> <span class='ocrx_word' id='word_1_66' title='bbox 1112 736 1255 767; x_wconf 80' lang='lat' dir='ltr'>terrent</span> <span class='ocrx_word' id='word_1_67' title='bbox 1274 722 1550 779; x_wconf 75' lang='lat' dir='ltr'>amplitudine</span> 
     </span>
     <span class='ocr_line' id='line_1_10' title="bbox 258 782 1549 848; baseline 0.002 -20"><span class='ocrx_word' id='word_1_68' title='bbox 258 784 486 848; x_wconf 77' lang='lat' dir='ltr'>potestatis.</span> <span class='ocrx_word' id='word_1_69' title='bbox 517 784 643 843; x_wconf 84' lang='lat' dir='ltr'>Quin</span> <span class='ocrx_word' id='word_1_70' title='bbox 675 783 807 828; x_wconf 85' lang='lat' dir='ltr'>etiam</span> <span class='ocrx_word' id='word_1_71' title='bbox 841 798 950 844; x_wconf 85' lang='lat' dir='ltr'>pure</span> <span class='ocrx_word' id='word_1_72' title='bbox 978 783 1100 830; x_wconf 69' lang='lat' dir='ltr'>lestis</span> <span class='ocrx_word' id='word_1_73' title='bbox 1132 783 1357 831; x_wconf 85' lang='lat' dir='ltr'>Ammiani</span> <span class='ocrx_word' id='word_1_74' title='bbox 1389 782 1512 830; x_wconf 87' lang='lat' dir='ltr'>libris</span> <span class='ocrx_word' id='word_1_75' title='bbox 1532 817 1549 841; x_wconf 87' lang='lat'><strong><em>‚</em></strong></span> 
     </span>
     <span class='ocr_line' id='line_1_11' title="bbox 265 846 1550 910; baseline 0.001 -18"><span class='ocrx_word' id='word_1_76' title='bbox 265 846 434 894; x_wconf 84' lang='lat' dir='ltr'>discent</span> <span class='ocrx_word' id='word_1_77' title='bbox 463 848 691 910; x_wconf 80' lang='lat' dir='ltr'>Principes</span> <span class='ocrx_word' id='word_1_78' title='bbox 720 864 772 894; x_wconf 82' lang='lat' dir='ltr'>ac</span> <span class='ocrx_word' id='word_1_79' title='bbox 802 849 971 910; x_wconf 80' lang='lat' dir='ltr'>Reges,</span> <span class='ocrx_word' id='word_1_80' title='bbox 993 847 1135 910; x_wconf 85' lang='lat' dir='ltr'>legem</span> <span class='ocrx_word' id='word_1_81' title='bbox 1162 847 1397 908; x_wconf 84' lang='lat' dir='ltr'>majestatis</span> <span class='ocrx_word' id='word_1_82' title='bbox 1421 864 1550 895; x_wconf 87' lang='lat' dir='ltr'>acer-.-</span> 
     </span>
     <span class='ocr_line' id='line_1_12' title="bbox 265 911 1623 977; baseline 0 -19"><span class='ocrx_word' id='word_1_83' title='bbox 265 911 365 959; x_wconf 80' lang='lat' dir='ltr'>bius</span> <span class='ocrx_word' id='word_1_84' title='bbox 398 911 515 974; x_wconf 85' lang='lat' dir='ltr'>justo</span> <span class='ocrx_word' id='word_1_85' title='bbox 547 912 817 971; x_wconf 74' lang='lat' dir='ltr'>exercitam,</span> <span class='ocrx_word' id='word_1_86' title='bbox 837 912 1015 964; x_wconf 87' lang='lat' dir='ltr'>tributis</span> <span class='ocrx_word' id='word_1_87' title='bbox 1049 930 1100 960; x_wconf 92' lang='lat' dir='ltr'>ac</span> <span class='ocrx_word' id='word_1_88' title='bbox 1137 914 1417 977; x_wconf 69' lang='lat' dir='ltr'>veftigalibus</span> <span class='ocrx_word' id='word_1_89' title='bbox 1438 929 1552 976; x_wconf 87' lang='lat' dir='ltr'>pro·-</span> <span class='ocrx_word' id='word_1_90' title='bbox 1622 948 1623 951; x_wconf 17' lang='grc' dir='ltr'>η</span> 
     </span>
     <span class='ocr_line' id='line_1_13' title="bbox 266 977 1553 1041; baseline -0.002 -15"><span class='ocrx_word' id='word_1_91' title='bbox 266 977 445 1026; x_wconf 84' lang='lat' dir='ltr'>vincias</span> <span class='ocrx_word' id='word_1_92' title='bbox 471 978 568 1040; x_wconf 86' lang='lat' dir='ltr'>plus</span> <span class='ocrx_word' id='word_1_93' title='bbox 597 994 730 1040; x_wconf 82' lang='lat' dir='ltr'>aequo</span> <span class='ocrx_word' id='word_1_94' title='bbox 764 991 965 1041; x_wconf 84' lang='lat' dir='ltr'>gravatas</span> <span class='ocrx_word' id='word_1_95' title='bbox 983 1013 998 1035; x_wconf 95' lang='lat'>,</span> <span class='ocrx_word' id='word_1_96' title='bbox 1029 978 1190 1026; x_wconf 88' lang='lat' dir='ltr'>multas</span> <span class='ocrx_word' id='word_1_97' title='bbox 1214 978 1427 1026; x_wconf 83' lang='lat' dir='ltr'>invexiffe</span> <span class='ocrx_word' id='word_1_98' title='bbox 1460 978 1553 1024; x_wconf 86' lang='lat' dir='ltr'>rei-</span> 
     </span>
     <span class='ocr_line' id='line_1_14' title="bbox 268 1042 1552 1106; baseline -0.002 -18"><span class='ocrx_word' id='word_1_99' title='bbox 268 1043 463 1105; x_wconf 82' lang='lat' dir='ltr'>publicae</span> <span class='ocrx_word' id='word_1_100' title='bbox 500 1044 807 1090; x_wconf 78' lang='lat' dir='ltr'>calamitates:</span> <span class='ocrx_word' id='word_1_101' title='bbox 840 1043 1012 1106; x_wconf 79' lang='lat' dir='ltr'>effeque</span> <span class='ocrx_word' id='word_1_102' title='bbox 1047 1043 1164 1090; x_wconf 90' lang='lat' dir='ltr'>inter</span> <span class='ocrx_word' id='word_1_103' title='bbox 1195 1043 1449 1106; x_wconf 80' lang='lat' dir='ltr'>graviflima</span> <span class='ocrx_word' id='word_1_104' title='bbox 1483 1042 1552 1089; x_wconf 53' lang='lat' dir='ltr'>seq·</span> 
     </span>
     <span class='ocr_line' id='line_1_15' title="bbox 265 1107 1550 1170; baseline -0.001 -17"><span class='ocrx_word' id='word_1_105' title='bbox 265 1108 359 1157; x_wconf 82' lang='lat' dir='ltr'>culi</span> <span class='ocrx_word' id='word_1_106' title='bbox 386 1108 634 1170; x_wconf 86' lang='lat' dir='ltr'>opprobria</span> <span class='ocrx_word' id='word_1_107' title='bbox 663 1108 933 1170; x_wconf 87' lang='lat' dir='ltr'>petitionum</span> <span class='ocrx_word' id='word_1_108' title='bbox 967 1107 1190 1154; x_wconf 83' lang='lat' dir='ltr'>licentiam</span> <span class='ocrx_word' id='word_1_109' title='bbox 1210 1144 1223 1165; x_wconf 94' lang='lat'>,</span> <span class='ocrx_word' id='word_1_110' title='bbox 1252 1109 1301 1159; x_wconf 86' lang='lat'>&amp;</span> <span class='ocrx_word' id='word_1_111' title='bbox 1321 1107 1550 1170; x_wconf 11' lang='lat' dir='ltr'>flagitator·</span> 
     </span>
     <span class='ocr_line' id='line_1_16' title="bbox 268 1172 1582 1235; baseline -0.001 -16"><span class='ocrx_word' id='word_1_112' title='bbox 268 1189 369 1219; x_wconf 77' lang='lat' dir='ltr'>rum</span> <span class='ocrx_word' id='word_1_113' title='bbox 398 1173 711 1234; x_wconf 80' lang='lat' dir='ltr'>rapacitatem,</span> <span class='ocrx_word' id='word_1_114' title='bbox 729 1189 922 1235; x_wconf 84' lang='lat' dir='ltr'>quorum</span> <span class='ocrx_word' id='word_1_115' title='bbox 955 1173 1107 1223; x_wconf 85' lang='lat' dir='ltr'>avidas</span> <span class='ocrx_word' id='word_1_116' title='bbox 1135 1172 1284 1223; x_wconf 88' lang='lat' dir='ltr'>fauces</span> <span class='ocrx_word' id='word_1_117' title='bbox 1306 1189 1440 1219; x_wconf 90' lang='lat' dir='ltr'>nemo</span> <span class='ocrx_word' id='word_1_118' title='bbox 1461 1189 1552 1218; x_wconf 84' lang='lat' dir='ltr'>un·</span> <span class='ocrx_word' id='word_1_119' title='bbox 1570 1221 1582 1230; x_wconf 13' lang='lat' dir='ltr'>‚A</span> 
     </span>
     <span class='ocr_line' id='line_1_17' title="bbox 268 1236 1550 1302; baseline -0.002 -18"><span class='ocrx_word' id='word_1_120' title='bbox 268 1255 405 1302; x_wconf 84' lang='lat' dir='ltr'>quam</span> <span class='ocrx_word' id='word_1_121' title='bbox 429 1238 687 1300; x_wconf 82' lang='lat' dir='ltr'>Principum</span> <span class='ocrx_word' id='word_1_122' title='bbox 707 1270 722 1293; x_wconf 91' lang='lat'>,</span> <span class='ocrx_word' id='word_1_123' title='bbox 741 1237 1033 1301; x_wconf 86' lang='lat' dir='ltr'>quantumvis</span> <span class='ocrx_word' id='word_1_124' title='bbox 1051 1238 1096 1283; x_wconf 94' lang='lat' dir='ltr'>in</span> <span class='ocrx_word' id='word_1_125' title='bbox 1118 1237 1349 1300; x_wconf 82' lang='lat' dir='ltr'>largiendo</span> <span class='ocrx_word' id='word_1_126' title='bbox 1375 1236 1550 1296; x_wconf 85' lang='lat' dir='ltr'>facilis,</span> 
     </span>
     <span class='ocr_line' id='line_1_18' title="bbox 269 1302 1552 1366; baseline 0.001 -18"><span class='ocrx_word' id='word_1_127' title='bbox 269 1303 540 1364; x_wconf 78' lang='lat' dir='ltr'>expleverit.</span> <span class='ocrx_word' id='word_1_128' title='bbox 575 1305 743 1366; x_wconf 86' lang='lat' dir='ltr'>Legent</span> <span class='ocrx_word' id='word_1_129' title='bbox 781 1319 876 1348; x_wconf 91' lang='lat' dir='ltr'>non</span> <span class='ocrx_word' id='word_1_130' title='bbox 910 1302 1041 1348; x_wconf 88' lang='lat' dir='ltr'>semel</span> <span class='ocrx_word' id='word_1_131' title='bbox 1070 1303 1330 1364; x_wconf 84' lang='lat' dir='ltr'>Principum</span> <span class='ocrx_word' id='word_1_132' title='bbox 1366 1302 1552 1349; x_wconf 84' lang='lat' dir='ltr'>illorum</span> 
     </span>
     <span class='ocr_line' id='line_1_19' title="bbox 268 1366 1549 1431; baseline -0.002 -17"><span class='ocrx_word' id='word_1_133' title='bbox 268 1368 446 1425; x_wconf 85' lang='lat' dir='ltr'>laudes,</span> <span class='ocrx_word' id='word_1_134' title='bbox 463 1368 540 1431; x_wconf 86' lang='lat' dir='ltr'>qui</span> <span class='ocrx_word' id='word_1_135' title='bbox 561 1367 606 1412; x_wconf 88' lang='lat' dir='ltr'>in</span> <span class='ocrx_word' id='word_1_136' title='bbox 625 1366 984 1430; x_wconf 84' lang='lat' dir='ltr'>magistratuum,</span> <span class='ocrx_word' id='word_1_137' title='bbox 1006 1383 1059 1414; x_wconf 92' lang='lat' dir='ltr'>ac</span> <span class='ocrx_word' id='word_1_138' title='bbox 1080 1366 1300 1429; x_wconf 85' lang='lat' dir='ltr'>judicum,</span> <span class='ocrx_word' id='word_1_139' title='bbox 1321 1366 1549 1413; x_wconf 89' lang='lat' dir='ltr'>ministro-</span> 
     </span>
     <span class='ocr_line' id='line_1_20' title="bbox 267 1431 1550 1496; baseline 0 -18"><span class='ocrx_word' id='word_1_140' title='bbox 267 1449 458 1496; x_wconf 78' lang='lat' dir='ltr'>rumque</span> <span class='ocrx_word' id='word_1_141' title='bbox 492 1432 693 1490; x_wconf 67' lang='lat' dir='ltr'>delefht,</span> <span class='ocrx_word' id='word_1_142' title='bbox 725 1449 819 1485; x_wconf 85' lang='lat' dir='ltr'>non</span> <span class='ocrx_word' id='word_1_143' title='bbox 851 1448 929 1493; x_wconf 84' lang='lat' dir='ltr'>per</span> <span class='ocrx_word' id='word_1_144' title='bbox 960 1431 1232 1478; x_wconf 89' lang='lat' dir='ltr'>immodicos</span> <span class='ocrx_word' id='word_1_145' title='bbox 1260 1431 1391 1478; x_wconf 87' lang='lat' dir='ltr'>saltus</span> <span class='ocrx_word' id='word_1_146' title='bbox 1411 1467 1424 1489; x_wconf 88' lang='lat'>,</span> <span class='ocrx_word' id='word_1_147' title='bbox 1453 1448 1550 1478; x_wconf 82' lang='lat' dir='ltr'>non</span> 
     </span>
     <span class='ocr_line' id='line_1_21' title="bbox 267 1495 1551 1561; baseline -0.001 -17"><span class='ocrx_word' id='word_1_148' title='bbox 267 1497 420 1544; x_wconf 80' lang='lat' dir='ltr'>studio</span> <span class='ocrx_word' id='word_1_149' title='bbox 453 1499 502 1545; x_wconf 87' lang='lat'>&amp;</span> <span class='ocrx_word' id='word_1_150' title='bbox 536 1497 692 1544; x_wconf 68' lang='lat' dir='ltr'>affectu</span> <span class='ocrx_word' id='word_1_151' title='bbox 733 1495 973 1561; x_wconf 78' lang='lat' dir='ltr'>singulari,</span> <span class='ocrx_word' id='word_1_152' title='bbox 1007 1495 1081 1543; x_wconf 91' lang='lat' dir='ltr'>sed</span> <span class='ocrx_word' id='word_1_153' title='bbox 1115 1497 1251 1543; x_wconf 90' lang='lat' dir='ltr'>solius</span> <span class='ocrx_word' id='word_1_154' title='bbox 1290 1496 1551 1559; x_wconf 77' lang='lat' dir='ltr'>reipublicae</span> 
     </span>
     <span class='ocr_line' id='line_1_22' title="bbox 268 1561 1553 1625; baseline -0.001 -17"><span class='ocrx_word' id='word_1_155' title='bbox 268 1562 398 1617; x_wconf 84' lang='lat' dir='ltr'>causa</span> <span class='ocrx_word' id='word_1_156' title='bbox 418 1598 432 1620; x_wconf 97' lang='lat'>‚</span> <span class='ocrx_word' id='word_1_157' title='bbox 463 1562 619 1609; x_wconf 86' lang='lat' dir='ltr'>callide</span> <span class='ocrx_word' id='word_1_158' title='bbox 643 1580 695 1609; x_wconf 89' lang='lat' dir='ltr'>ac</span> <span class='ocrx_word' id='word_1_159' title='bbox 721 1561 966 1624; x_wconf 86' lang='lat' dir='ltr'>prudenter</span> <span class='ocrx_word' id='word_1_160' title='bbox 986 1562 1406 1625; x_wconf 86' lang='lat' dir='ltr'>promovendorum</span> <span class='ocrx_word' id='word_1_161' title='bbox 1426 1596 1440 1620; x_wconf 97' lang='lat'>,</span> <span class='ocrx_word' id='word_1_162' title='bbox 1469 1578 1553 1607; x_wconf 84' lang='lat' dir='ltr'>ex-</span> 
     </span>
     <span class='ocr_line' id='line_1_23' title="bbox 268 1625 1550 1689; baseline 0 -16"><span class='ocrx_word' id='word_1_163' title='bbox 268 1627 414 1689; x_wconf 75' lang='lat' dir='ltr'>pensis</span> <span class='ocrx_word' id='word_1_164' title='bbox 442 1628 609 1674; x_wconf 85' lang='lat' dir='ltr'>meritis</span> <span class='ocrx_word' id='word_1_165' title='bbox 641 1629 690 1675; x_wconf 89' lang='lat'>&amp;</span> <span class='ocrx_word' id='word_1_166' title='bbox 718 1626 948 1675; x_wconf 86' lang='lat' dir='ltr'>laboribus</span> <span class='ocrx_word' id='word_1_167' title='bbox 982 1625 1140 1681; x_wconf 88' lang='lat' dir='ltr'>versati</span> <span class='ocrx_word' id='word_1_168' title='bbox 1163 1625 1274 1672; x_wconf 86' lang='lat' dir='ltr'>sunt.</span> <span class='ocrx_word' id='word_1_169' title='bbox 1302 1627 1409 1672; x_wconf 88' lang='lat' dir='ltr'>Inde</span> <span class='ocrx_word' id='word_1_170' title='bbox 1429 1627 1550 1673; x_wconf 90' lang='lat' dir='ltr'>enim</span> 
     </span>
     <span class='ocr_line' id='line_1_24' title="bbox 269 1689 1559 1755; baseline -0.001 -17"><span class='ocrx_word' id='word_1_171' title='bbox 269 1691 398 1755; x_wconf 85' lang='lat' dir='ltr'>quies</span> <span class='ocrx_word' id='word_1_172' title='bbox 428 1692 684 1752; x_wconf 84' lang='lat' dir='ltr'>reipublicae</span> <span class='ocrx_word' id='word_1_173' title='bbox 704 1691 961 1750; x_wconf 84' lang='lat' dir='ltr'>certiffima,</span> <span class='ocrx_word' id='word_1_174' title='bbox 979 1692 1028 1738; x_wconf 78' lang='grc' dir='ltr'>δι</span> <span class='ocrx_word' id='word_1_175' title='bbox 1053 1690 1237 1737; x_wconf 87' lang='lat' dir='ltr'>felicitas</span> <span class='ocrx_word' id='word_1_176' title='bbox 1267 1689 1559 1739; x_wconf 88' lang='lat' dir='ltr'>subditorum.</span> 
     </span>
     <span class='ocr_line' id='line_1_25' title="bbox 268 1754 1551 1820; baseline -0.002 -17"><span class='ocrx_word' id='word_1_177' title='bbox 268 1760 438 1804; x_wconf 84' lang='lat' dir='ltr'>summa</span> <span class='ocrx_word' id='word_1_178' title='bbox 470 1756 638 1804; x_wconf 83' lang='lat' dir='ltr'>defluit.</span> <span class='ocrx_word' id='word_1_179' title='bbox 669 1756 941 1820; x_wconf 87' lang='lat' dir='ltr'>Utinamque</span> <span class='ocrx_word' id='word_1_180' title='bbox 972 1772 1070 1803; x_wconf 79' lang='lat' dir='ltr'>vox</span> <span class='ocrx_word' id='word_1_181' title='bbox 1101 1755 1175 1806; x_wconf 88' lang='lat' dir='ltr'>illa</span> <span class='ocrx_word' id='word_1_182' title='bbox 1198 1754 1358 1803; x_wconf 89' lang='lat' dir='ltr'>Juliani</span> <span class='ocrx_word' id='word_1_183' title='bbox 1388 1758 1442 1801; x_wconf 90' lang='lat' dir='ltr'>ad</span> <span class='ocrx_word' id='word_1_184' title='bbox 1463 1755 1551 1801; x_wconf 86' lang='lat' dir='ltr'>rni-</span> 
     </span>
     <span class='ocr_line' id='line_1_26' title="bbox 269 1818 1551 1886; baseline -0.002 -18"><span class='ocrx_word' id='word_1_185' title='bbox 269 1822 369 1868; x_wconf 82' lang='lat' dir='ltr'>lites</span> <span class='ocrx_word' id='word_1_186' title='bbox 392 1821 639 1886; x_wconf 86' lang='lat' dir='ltr'>regentium</span> <span class='ocrx_word' id='word_1_187' title='bbox 675 1838 800 1868; x_wconf 88' lang='lat' dir='ltr'>aures</span> <span class='ocrx_word' id='word_1_188' title='bbox 826 1822 962 1868; x_wconf 89' lang='lat' dir='ltr'>hodie</span> <span class='ocrx_word' id='word_1_189' title='bbox 988 1818 1273 1881; x_wconf 83' lang='lat' dir='ltr'>personaret!</span> <span class='ocrx_word' id='word_1_190' title='bbox 1305 1823 1360 1865; x_wconf 87' lang='lat' dir='ltr'>Id</span> <span class='ocrx_word' id='word_1_191' title='bbox 1373 1821 1458 1880; x_wconf 85' lang='lat' dir='ltr'>sub</span> <span class='ocrx_word' id='word_1_192' title='bbox 1485 1839 1551 1866; x_wconf 72' lang='lat' dir='ltr'>re·-</span> 
     </span>
     <span class='ocr_line' id='line_1_27' title="bbox 271 1887 1551 1952; baseline -0.004 -17"><span class='ocrx_word' id='word_1_193' title='bbox 271 1891 449 1935; x_wconf 71' lang='lat' dir='ltr'>verenda</span> <span class='ocrx_word' id='word_1_194' title='bbox 486 1889 655 1934; x_wconf 83' lang='lat' dir='ltr'>concilii</span> <span class='ocrx_word' id='word_1_195' title='bbox 685 1888 797 1952; x_wconf 78' lang='lat' dir='ltr'>vestri</span> <span class='ocrx_word' id='word_1_196' title='bbox 820 1887 938 1945; x_wconf 80' lang='lat' dir='ltr'>fizcie</span> <span class='ocrx_word' id='word_1_197' title='bbox 959 1887 1141 1945; x_wconf 84' lang='lat' dir='ltr'>statuo,</span> <span class='ocrx_word' id='word_1_198' title='bbox 1175 1902 1221 1932; x_wconf 74' lang='lat' dir='ltr'>ut</span> <span class='ocrx_word' id='word_1_199' title='bbox 1255 1904 1378 1945; x_wconf 75' lang='lat' dir='ltr'>neque</span> <span class='ocrx_word' id='word_1_200' title='bbox 1413 1888 1551 1931; x_wconf 84' lang='lat' dir='ltr'>civilis</span> 
     </span>
     <span class='ocr_line' id='line_1_28' title="bbox 269 1952 1552 2013; baseline 0 -17"><span class='ocrx_word' id='word_1_201' title='bbox 269 1953 485 2013; x_wconf 84' lang='lat' dir='ltr'>quisquam</span> <span class='ocrx_word' id='word_1_202' title='bbox 501 1953 642 2008; x_wconf 78' lang='lat' dir='ltr'>judex</span> <span class='ocrx_word' id='word_1_203' title='bbox 661 1985 672 2005; x_wconf 93' lang='lat'>,</span> <span class='ocrx_word' id='word_1_204' title='bbox 702 1970 774 1997; x_wconf 81' lang='lat' dir='ltr'>nec</span> <span class='ocrx_word' id='word_1_205' title='bbox 789 1955 950 1997; x_wconf 71' lang='lat' dir='ltr'>militiae</span> <span class='ocrx_word' id='word_1_206' title='bbox 975 1952 1124 2008; x_wconf 73' lang='grc' dir='ltr'><em>νεὲἳον,</em></span> <span class='ocrx_word' id='word_1_207' title='bbox 1143 1954 1228 1996; x_wconf 83' lang='lat' dir='ltr'>alio</span> <span class='ocrx_word' id='word_1_208' title='bbox 1256 1953 1431 2011; x_wconf 86' lang='lat' dir='ltr'>quodam</span> <span class='ocrx_word' id='word_1_209' title='bbox 1443 1968 1552 2010; x_wconf 82' lang='lat' dir='ltr'>proe·</span> 
     </span>
     <span class='ocr_line' id='line_1_29' title="bbox 267 2015 1550 2079; baseline -0.002 -17"><span class='ocrx_word' id='word_1_210' title='bbox 267 2034 329 2062; x_wconf 82' lang='lat' dir='ltr'>ter</span> <span class='ocrx_word' id='word_1_211' title='bbox 358 2019 499 2062; x_wconf 78' lang='lat' dir='ltr'>merita</span> <span class='ocrx_word' id='word_1_212' title='bbox 513 2015 779 2079; x_wconf 70' lang='lat' dir='ltr'>ficffragatzte</span> <span class='ocrx_word' id='word_1_213' title='bbox 801 2051 814 2074; x_wconf 87' lang='lat'>‚</span> <span class='ocrx_word' id='word_1_214' title='bbox 847 2019 908 2063; x_wconf 84' lang='lat' dir='ltr'>ad</span> <span class='ocrx_word' id='word_1_215' title='bbox 925 2019 1127 2077; x_wconf 81' lang='lat' dir='ltr'>potiorem</span> <span class='ocrx_word' id='word_1_216' title='bbox 1160 2019 1302 2061; x_wconf 80' lang='lat' dir='ltr'>veniat</span> <span class='ocrx_word' id='word_1_217' title='bbox 1331 2019 1508 2077; x_wconf 79' lang='lat' dir='ltr'>gradum</span> <span class='ocrx_word' id='word_1_218' title='bbox 1529 2031 1550 2068; x_wconf 70' lang='grc' dir='ltr'>,τ-</span> 
     </span>
     <span class='ocr_line' id='line_1_30' title="bbox 267 2082 1549 2145; baseline -0.003 -17"><span class='ocrx_word' id='word_1_219' title='bbox 267 2101 354 2128; x_wconf 75' lang='lat' dir='ltr'>notz</span> <span class='ocrx_word' id='word_1_220' title='bbox 369 2082 465 2145; x_wconf 82' lang='lat' dir='ltr'>fine</span> <span class='ocrx_word' id='word_1_221' title='bbox 493 2086 730 2128; x_wconf 75' lang='lat' dir='ltr'>detrimento</span> <span class='ocrx_word' id='word_1_222' title='bbox 754 2084 934 2142; x_wconf 84' lang='lat' dir='ltr'>pudoris</span> <span class='ocrx_word' id='word_1_223' title='bbox 968 2100 1013 2127; x_wconf 89' lang='lat' dir='ltr'>eo</span> <span class='ocrx_word' id='word_1_224' title='bbox 1033 2115 1046 2138; x_wconf 95' lang='lat'>,</span> <span class='ocrx_word' id='word_1_225' title='bbox 1073 2083 1145 2141; x_wconf 83' lang='lat' dir='ltr'>qui</span> <span class='ocrx_word' id='word_1_226' title='bbox 1159 2099 1240 2140; x_wconf 77' lang='lat' dir='ltr'>pto</span> <span class='ocrx_word' id='word_1_227' title='bbox 1270 2082 1448 2140; x_wconf 82' lang='lat' dir='ltr'>quolibet</span> <span class='ocrx_word' id='word_1_228' title='bbox 1471 2098 1549 2139; x_wconf 84' lang='lat' dir='ltr'>pe-</span> 
     </span>
     <span class='ocr_line' id='line_1_31' title="bbox 269 2142 1552 2209; baseline -0.002 -17"><span class='ocrx_word' id='word_1_229' title='bbox 269 2164 346 2203; x_wconf 75' lang='lat' dir='ltr'>¹tere</span> <span class='ocrx_word' id='word_1_230' title='bbox 377 2151 623 2203; x_wconf 68' lang='lat' dir='ltr'>tentaverit,</span> <span class='ocrx_word' id='word_1_231' title='bbox 661 2145 892 2209; x_wconf 63' lang='lat' dir='ltr'>disceſjicro.</span> <span class='ocrx_word' id='word_1_232' title='bbox 926 2146 1023 2192; x_wconf 83' lang='lat' dir='ltr'>Hac</span> <span class='ocrx_word' id='word_1_233' title='bbox 1047 2144 1166 2192; x_wconf 87' lang='lat' dir='ltr'>enim</span> <span class='ocrx_word' id='word_1_234' title='bbox 1195 2145 1404 2191; x_wconf 79' lang='lat' dir='ltr'>cautione</span> <span class='ocrx_word' id='word_1_235' title='bbox 1430 2142 1552 2190; x_wconf 89' lang='lat' dir='ltr'>insu-</span> 
     </span>
     <span class='ocr_line' id='line_1_32' title="bbox 268 2207 1626 2274; baseline -0.003 -16"><span class='ocrx_word' id='word_1_236' title='bbox 268 2227 350 2273; x_wconf 88' lang='lat' dir='ltr'>per</span> <span class='ocrx_word' id='word_1_237' title='bbox 379 2211 528 2258; x_wconf 83' lang='lat' dir='ltr'>habita</span> <span class='ocrx_word' id='word_1_238' title='bbox 546 2245 560 2269; x_wconf 90' lang='lat'><strong><em>‚</em></strong></span> <span class='ocrx_word' id='word_1_239' title='bbox 581 2211 755 2274; x_wconf 89' lang='lat' dir='ltr'>quantis</span> <span class='ocrx_word' id='word_1_240' title='bbox 782 2210 1024 2271; x_wconf 87' lang='lat' dir='ltr'>respublica</span> <span class='ocrx_word' id='word_1_241' title='bbox 1054 2209 1225 2260; x_wconf 84' lang='lat' dir='ltr'>damnis</span> <span class='ocrx_word' id='word_1_242' title='bbox 1262 2209 1311 2256; x_wconf 87' lang='lat'>&amp;</span> <span class='ocrx_word' id='word_1_243' title='bbox 1351 2207 1550 2260; x_wconf 79' lang='lat' dir='ltr'>cladibus</span> <span class='ocrx_word' id='word_1_244' title='bbox 1584 2262 1595 2268; x_wconf 28' lang='lat' dir='ltr'>x</span> <span class='ocrx_word' id='word_1_245' title='bbox 1624 2235 1626 2267; x_wconf 69' lang='lat' dir='ltr'>j</span> 
     </span>
     <span class='ocr_line' id='line_1_33' title="bbox 266 2273 1626 2338; baseline -0.004 -16"><span class='ocrx_word' id='word_1_246' title='bbox 266 2276 430 2322; x_wconf 87' lang='lat' dir='ltr'>exinde</span> <span class='ocrx_word' id='word_1_247' title='bbox 471 2276 674 2333; x_wconf 83' lang='lat' dir='ltr'>laboret,</span> <span class='ocrx_word' id='word_1_248' title='bbox 708 2274 920 2338; x_wconf 89' lang='lat' dir='ltr'>probabit</span> <span class='ocrx_word' id='word_1_249' title='bbox 955 2274 1110 2327; x_wconf 58' lang='lat' dir='ltr'>lessori</span> <span class='ocrx_word' id='word_1_250' title='bbox 1155 2273 1235 2320; x_wconf 90' lang='lat' dir='ltr'>suo</span> <span class='ocrx_word' id='word_1_251' title='bbox 1270 2273 1551 2322; x_wconf 86' lang='lat' dir='ltr'>Ammianus.</span> <span class='ocrx_word' id='word_1_252' title='bbox 1625 2280 1626 2287; x_wconf 59' lang='lat'>¹</span> 
     </span>
     <span class='ocr_line' id='line_1_34' title="bbox 268 2337 1550 2403; baseline -0.002 -16"><span class='ocrx_word' id='word_1_253' title='bbox 268 2340 388 2388; x_wconf 88' lang='lat' dir='ltr'>Hinc</span> <span class='ocrx_word' id='word_1_254' title='bbox 412 2339 653 2403; x_wconf 88' lang='lat' dir='ltr'>transfugia</span> <span class='ocrx_word' id='word_1_255' title='bbox 675 2375 688 2397; x_wconf 91' lang='lat'>,</span> <span class='ocrx_word' id='word_1_256' title='bbox 719 2339 1026 2396; x_wconf 82' lang='lat' dir='ltr'>disceffiones,</span> <span class='ocrx_word' id='word_1_257' title='bbox 1047 2337 1386 2401; x_wconf 84' lang='lat' dir='ltr'>provinciarum</span> <span class='ocrx_word' id='word_1_258' title='bbox 1408 2354 1550 2384; x_wconf 85' lang='lat' dir='ltr'>vexa-</span> 
     </span>
     <span class='ocr_line' id='line_1_35' title="bbox 265 2402 1608 2466; baseline -0.002 -15"><span class='ocrx_word' id='word_1_259' title='bbox 265 2406 414 2452; x_wconf 77' lang='lat' dir='ltr'>tiones</span> <span class='ocrx_word' id='word_1_260' title='bbox 435 2439 448 2460; x_wconf 96' lang='lat'>,</span> <span class='ocrx_word' id='word_1_261' title='bbox 483 2405 660 2451; x_wconf 86' lang='lat' dir='ltr'>urbium</span> <span class='ocrx_word' id='word_1_262' title='bbox 699 2404 1005 2466; x_wconf 86' lang='lat' dir='ltr'>direptiones,</span> <span class='ocrx_word' id='word_1_263' title='bbox 1038 2403 1259 2450; x_wconf 88' lang='lat' dir='ltr'>nobilium</span> <span class='ocrx_word' id='word_1_264' title='bbox 1287 2402 1544 2449; x_wconf 80' lang='lat' dir='ltr'>eversiones</span> <span class='ocrx_word' id='word_1_265' title='bbox 1606 2450 1608 2466; x_wconf 20' lang='grc'><strong>1</strong></span> 
     </span>
     <span class='ocr_line' id='line_1_36' title="bbox 260 2466 1605 2544; baseline -0.002 -27"><span class='ocrx_word' id='word_1_266' title='bbox 260 2471 602 2544; x_wconf 66' lang='lat' dir='ltr'>proceslerunt:</span> <span class='ocrx_word' id='word_1_267' title='bbox 633 2468 740 2529; x_wconf 80' lang='lat' dir='ltr'>hinc</span> <span class='ocrx_word' id='word_1_268' title='bbox 774 2469 871 2528; x_wconf 79' lang='lat' dir='ltr'>veri</span> <span class='ocrx_word' id='word_1_269' title='bbox 890 2467 1000 2531; x_wconf 80' lang='lat' dir='ltr'>juris</span> <span class='ocrx_word' id='word_1_270' title='bbox 1023 2484 1335 2534; x_wconf 83' lang='lat' dir='ltr'>germanaeque</span> <span class='ocrx_word' id='word_1_271' title='bbox 1355 2466 1542 2533; x_wconf 50' lang='lat' dir='ltr'>aequitii-1</span> <span class='ocrx_word' id='word_1_272' title='bbox 1594 2529 1605 2540; x_wconf 25' lang='lat' dir='ltr'><strong>X</strong></span> 
     </span>
    </p>
   </div>
  </div>
 </body>
</html>
