1626 2917
224 144 494 228 AMMIAsJI
530 180 904 228 MARCELLINI
942 180 1042 229 ΗΒ.
1076 179 1231 229 XXX.
1288 199 1374 231 211

109 286 254 335 dirum
274 287 320 334 in
339 289 528 336 Oriente
555 289 854 336 committitur
875 288 1048 336 facinus
1063 324 1076 346 ,
1102 291 1210 336 Para
1231 291 1389 337 Arme·

110 362 290 409 niorum
311 379 410 425 rege
439 361 719 409 clandestinis
744 361 910 407 insidiis
944 362 1213 408 obtruncato
1234 379 1243 408 :
1264 361 1392 423 cujus

110 435 306 482 materiae
337 434 479 497 impio
515 446 747 497 conceptae
773 434 962 481 consilio
989 436 1103 482 hanc
1124 436 1394 498 primordia-

111 508 199 555 lem
220 507 343 555 fuiss'e
362 508 577 555 novimus
597 508 786 555 causam.
805 508 1189 558 Consarcinabant
1208 510 1254 555 in
1275 510 1394 556 bunc

112 581 336 628 etiamtum
358 582 555 628 adultum
581 582 768 629 crimina
791 581 993 645 quaedam
1022 583 1140 644 apud
1160 583 1395 629 Valentem

111 672 425 723 exaggerantes
446 658 559 704 male
581 657 780 704 sollertes
800 657 1032 716 homines,
1051 657 1288 720 dispendiis
1314 657 1396 704 sae-

112 745 170 793 pe
205 731 518 778 communibus
559 731 682 792 pasti.
717 733 837 776 Inter
872 747 989 793 quos
1024 743 1117 776 erat
1153 731 1394 778 Terentius

114 804 230 861 dttX,
250 803 425 850 demisse
442 803 694 860 ambulans,
710 804 967 866 semperque
989 802 1251 850 submoestus
1265 839 1278 859 ,
1298 802 1394 860 sed,

114 877 267 938 quoad
300 876 502 932 vixerat,
532 893 631 923 acer
664 875 984 922 dissentionum
1021 876 1268 923 instin&or.
1306 877 1398 936 Qui

114 947 260 995 ascitis
291 948 336 993 in
371 947 624 994 societatem
662 948 904 1010 gentilibus
939 948 1112 1009 paucis,
1143 949 1203 994 ob
1235 947 1407 1010 flagitia‘

118 1020 196 1067 sua
229 1021 437 1084 suspensis
468 1021 512 1067 in
553 1035 751 1078 metum,
782 1022 1016 1068 scribendo
1053 1023 1106 1068 ad
1135 1021 1400 1069 comitatum

118 1093 281 1140 affidue
314 1095 500 1157 Cylacis
535 1110 687 1140 necem
725 1093 967 1155 replicabat
1003 1095 1052 1140 &
1085 1093 1355 1139 Artabannis
1388 1110 1400 1139 τ

119 1166 299 1223 addens,
319 1166 507 1212 eundem
529 1164 743 1226 juvenem
767 1166 821 1211 ad
842 1165 1054 1228 superbos
1077 1167 1195 1212 aftus
1213 1166 1398 1228 elatum,

119 1236 252 1283 nimis
270 1237 354 1283 esse
380 1236 425 1282 in
451 1236 666 1297 subje&os
695 1237 947 1284 immanem.
978 1237 1109 1283 Unde
1129 1237 1248 1300 quasi
1275 1237 1399 1284 fiitu-

121 1327 195 1357 rus
215 1310 435 1372 particeps
455 1308 720 1370 suscipiendi
741 1322 847 1356 tunc
869 1327 954 1373 pro
975 1310 1229 1356 instantium
1254 1328 1401 1358 rerum

121 1383 304 1430 ratione·
324 1385 559 1439 trafitatus‚
592 1383 707 1429 idem
738 1383 844 1428 Para
873 1383 1076 1446 regaliter
1107 1398 1323 1443 vocatus,
1352 1387 1402 1432 &

124 1455 240 1517 apud
267 1454 452 1501 Tarsum
475 1454 647 1501 Ciliciae
679 1454 1001 1517 obsequiorum
1030 1455 1174 1518 specie
1202 1459 1403 1504 custodi—

124 1541 223 1586 tus,
253 1545 356 1575 cum
388 1545 533 1592 neque
564 1529 618 1574 ad
646 1528 927 1591 imperatoris
956 1529 1089 1576 castra
1122 1530 1294 1593 accipi,
1321 1548 1404 1579 nec

124 1599 323 1663 urgentis
349 1600 571 1647 adventus
592 1600 762 1648 causam
785 1600 891 1648 scire
920 1602 1088 1649 cunetis
1111 1603 1405 1651 reticentibus

125 1675 292 1738 pofl'e13
313 1675 489 1721 tandem
521 1674 758 1721 secretiore
777 1674 948 1722 indicio
973 1677 1223 1738 comperit,
1249 1694 1326 1740 per
1346 1679 1405 1724 li-

127 1759 242 1796 teras
275 1749 488 1795 Romano
517 1748 676 1795 rectori
709 1748 888 1797 suadere
912 1749 1175 1797 Terentium
1192 1787 1205 1809 ,
1228 1753 1405 1800 mittere

127 1822 391 1885 propediem
409 1820 595 1868 alterum
619 1822 840 1868 Armeniae
858 1838 1005 1885 regem
1023 1839 1033 1869 ε
1054 1840 1108 1869 ne
1128 1825 1238 1871 odio
1261 1814 1406 1885 Parae,

128 1893 308 1958 speque,
331 1893 458 1957 quod
479 1906 744 1952 revertetur,
763 1893 886 1940 natio
907 1894 1038 1940 nobis
1056 1910 1313 1958 opportuna
1332 1899 1409 1945 de-

128 1964 282 2013 ficeret
308 1966 360 2011 ad
389 1964 487 2026 jura
521 1966 777 2022 Persarum,
796 1983 890 2012 eam
921 1984 1075 2029 rapere
1105 1967 1153 2014 vi
1186 1969 1255 2016 vel
1287 1985 1408 2018 metu

129 2038 207 2084 vel
230 2038 488 2085 adulatione
512 2037 806 2101 flagrantium.
838 2040 955 2099 Quae
976 2052 1180 2101 reputans
1201 2042 1299 2099 ille,
1323 2044 1410 2090 im-

133 2110 327 2174 pendere
345 2110 423 2155 fibi
450 2110 731 2173 praesagiebat
753 2111 937 2157 exitium
961 2129 1111 2174 grave.
1138 2116 1191 2159 Et
1210 2115 1302 2161 doli
1321 2114 1409 2177 jam

132 2181 340 2244 prudens,
360 2197 505 2243 neque
526 2181 673 2237 aliam,
690 2181 768 2226 nisi
789 2181 881 2228 cito
905 2182 1103 2240 discessu,
1120 2184 1264 2232 salutis
1288 2204 1411 2248 repe·

133 2255 252 2301 riens
269 2255 413 2309 viam,
433 2254 714 2300 suadentibus
736 2256 822 2313 his,
844 2256 1004 2319 quibus
1022 2255 1200 2315 fidebat,
1222 2261 1412 2323 conglo-

133 2327 247 2374 batis
271 2327 479 2373 trecentis
502 2327 741 2374 comitibus
770 2328 927 2375 secutis
949 2346 1048 2376 eum
1069 2347 1092 2376 e
1114 2333 1276 2393 patria,
1308 2350 1412 2378 cum

135 2399 259 2457 equis
279 2399 569 2446 velocissimis
584 2437 598 2457 ,
619 2414 667 2447 ut
688 2401 732 2446 in
755 2402 920 2464 magnis
941 2402 1052 2448 solet
1073 2404 1303 2467 dubiisque
1324 2418 1415 2449 ter-

132 2473 542 2534 roribus,auda6ter
557 2475 713 2538 magis,
733 2491 862 2540 quam
885 2475 1185 2535 considerate,
1201 2478 1409 2540 pleraque

1042 2553 1087 2597 O
1124 2567 1150 2596 2
