1626 2917
251 179 305 227 18
440 161 1335 226 AMM1AN1MARCELL1N1

243 287 480 336 mussitare.
504 286 593 334 Alii
614 285 833 333 summum
857 285 990 332 decus
1011 285 1059 331 in
1088 283 1282 332 carrucis
1308 281 1444 330 solito
1466 281 1530 329 al-

243 362 466 419 tioribus,
507 363 556 408 δε
593 357 834 406 ambitioso
874 359 1063 406 vestium
1106 357 1232 405 cultu
1275 368 1566 420 ponentes,-

242 433 402 481 sudant
426 433 503 480 sub
530 431 809 495 ponderibus
830 432 1137 488 lacernarum,
1160 446 1271 493 quas
1300 429 1430 476 collis
1459 428 1527 474 in-

241 506 377 554 sertas
406 504 595 567 cingulis
626 502 729 565 ipfis
760 504 1025 558 annefilunt,
1057 503 1195 550 nimia
1226 501 1528 548 subteminum
1575 556 1579 565 Ι

241 579 459 627 tenuitate
487 576 764 640 perflabile53
788 576 1088 636 exspectantes
1116 575 1283 624 crebris
1313 574 1528 639 agitatio·

241 652 400 710 nibus,
440 649 727 713 maximeque
763 649 956 707 sinistra,
986 661 1038 696 ut
1070 649 1302 713 longiores
1337 648 1528 696 fimbriae
1558 671 1559 675 ¹

239 724 500 786 tunicaeque
538 722 769 786 perspicue
805 723 1015 780 luceant,
1054 722 1272 769 varietate
1316 722 1528 770 liciorum

237 795 444 858 effigiata:
474 795 520 841 in
557 794 722 859 species
752 794 1012 842 animalium
1051 794 1380 843 multiformes:
1409 795 1526 854 Alii,
1586 832 1590 838 .

238 868 370 914 nullo
382 881 616 932 quaerente
629 902 643 925 ,
661 867 814 915 vultus
833 867 1072 915 severitate
1096 868 1340 916 affimulata
1353 905 1366 927 ‚
1387 870 1527 932 patri-

237 941 398 988 monia
431 939 507 987 sua
540 940 588 986 in
615 940 879 987 immensum
919 941 1174 998 extollunt,
1209 935 1440 988 cultorum
1474 954 1528 990 ut

237 1027 347 1078 puta
375 1013 591 1062 feracium
619 1013 972 1077 multiplicantes
1001 1015 1178 1062 annuos
1203 1013 1398 1075 frustm,
1425 1033 1528 1079 quae
1586 1015 1588 1019 ⁴

237 1104 262 1134 a
281 1086 432 1149 primo
452 1086 507 1132 ad
526 1085 734 1132 ultimum
755 1085 893 1134 solem
915 1086 958 1132 se
974 1085 1151 1132 abunde
1168 1083 1366 1146 jaEtitant
1387 1087 1528 1148 poffi-

240 1159 375 1204 dere:
399 1157 656 1220 ignorantes
679 1156 912 1219 proiecto,
936 1155 1130 1218 majores
1150 1156 1275 1215 suos,
1303 1173 1383 1220 per
1409 1174 1527 1221 quos

238 1230 608 1294 itamagnitudo
653 1230 860 1277 Romana
898 1230 1178 1294 porrigitur,
1215 1246 1313 1277 non
1351 1231 1528 1279 divitiis

237 1303 453 1359 eluxisi'e3
473 1302 547 1349 sed
574 1318 654 1365 per
681 1302 798 1349 bella
821 1302 1079 1360 saeviffima‚
1110 1319 1195 1350 nec
1221 1303 1414 1368 opibus,
1439 1320 1527 1352 nec
1585 1307 1587 1310 ’

238 1378 364 1423 νίξῒυ
384 1412 396 1435 ,
419 1393 502 1423 nec
528 1376 897 1423 indumentorum
924 1376 1097 1424 vilitate
1117 1394 1142 1424 a
1172 1376 1380 1442 gregariis
1401 1379 1528 1425 mili·-

236 1450 357 1498 tibus
383 1448 707 1512 discrepantes,
731 1447 940 1511 opposita
958 1449 1118 1495 cundia
1139 1449 1354 1513 superasse
1375 1451 1526 1499 virtu·
1579 1446 1587 1502 ⁵,

236 1535 298 1570 te.
335 1521 454 1570 Hinc
488 1539 544 1569 ex
579 1520 802 1569 collatitia
837 1519 948 1583 stipe
976 1521 1176 1568 Valerius
1206 1523 1413 1569 humatur
1443 1523 1525 1570 *ille
1567 1535 1570 1539 ·

234 1595 500 1660 Poplicola:
519 1597 568 1644 &
590 1594 787 1642 subsidiis
809 1593 1059 1641 amicorum
1077 1595 1247 1653 mariti,
1262 1595 1400 1659 inops
1417 1613 1524 1644 cum

233 1669 389 1718 liberis
418 1684 538 1714 uxor
576 1668 708 1715 alitur
742 1667 936 1731 Reguli:
966 1669 1016 1715 ὅ(
1051 1667 1233 1715 dotatur
1269 1685 1326 1714 ex
1360 1670 1520 1716 aerario

234 1742 327 1790 filia
347 1740 598 1805 Scipionis,
619 1757 724 1787 cum
753 1740 965 1787 nobilitas
997 1739 1158 1786 florem
1184 1741 1346 1789 adultae
1376 1742 1522 1807 virgi·
1575 1760 1577 1763 ·

232 1817 332 1872 nis,
354 1815 609 1860 diuturnam
624 1812 877 1859 -absentiarn
909 1811 1113 1876 pau1>eris
1138 1813 1419 1862 erubesceret
1439 1833 1520 1878 pa-

232 1887 326 1935 tris.
347 1888 406 1933 At
426 1902 547 1932 nunc
566 1884 598 1930 fi
611 1885 667 1930 ad
686 1884 878 1947 aliquem
894 1884 1007 1930 bene
1025 1896 1321 1943 nummatum,
1342 1899 1522 1946 tumen·¹
1574 1935 1576 1938 ,

231 1975 414 2022 temque
438 1957 567 2011 ideo,
589 1957 799 2004 honestus
829 1957 1003 2003 advena
1031 1955 1269 2004 salutatum
1291 1957 1519 2007 introive-

185 2023 188 2027 ’
232 2034 321 2092 ris,
342 2031 548 2095 primitus
569 2042 781 2094 tanquam
808 2041 1049 2092 exoptatus
1074 2029 1322 2092 suscipieris
1341 2049 1354 2078 z
1374 2034 1424 2081 ὅ(
1446 2033 1517 2080 in·
1574 2081 1579 2090 ,

231 2104 484 2170 terrogatus
524 2105 700 2162 multa,
737 2105 1003 2167 coaftusque
1038 2104 1248 2163 mentiri,
1284 2106 1517 2172 miraberis

230 2195 463 2243 nunquam
487 2192 619 2226 antea
643 2177 792 2237 visus,
816 2178 1078 2229 summatem
1100 2177 1248 2225 virum
1272 2191 1452 2227 tenuem
1473 2195 1516 2228 te
1570 2214 1571 2218 ,

227 2253 288 2300 sic
308 2252 469 2299 enifius
488 2251 834 2298 observantem:
858 2265 908 2297 ut
933 2250 1152 2313 poeniteat
1177 2251 1239 2298 ob
1266 2251 1364 2300 haec
1392 2251 1514 2300 bona
1542 2252 1565 2290 '⁷'-

227 2336 442 2387 tanquam
462 2321 688 2385 praecipua
707 2338 801 2368 non
824 2322 980 2369 vidisse
1000 2338 1102 2369 ante
1129 2323 1399 2370 decennium
1419 2325 1516 2371 Ro-

227 2411 360 2441 mam.
384 2395 568 2457 Hacque
592 2393 846 2440 affabilitate
869 2393 1088 2452 confisus,
1114 2411 1219 2441 cum
1243 2397 1396 2443 eadem
1425 2413 1514 2458 po-

227 2466 378 2514 stridie
397 2466 553 2516 feceris
565 2502 580 2527 ,
600 2479 649 2530 ut
668 2466 930 2531 incognitus
949 2466 1135 2516 haerebis
1160 2468 1210 2516 δι
1227 2468 1513 2532 repentinus,
1551 2486 1563 2491 ”
