1626 2917
195 138 266 197 *84
424 134 756 183 AMMIANI
804 134 1262 182 MARCELLINI

200 240 352 290 briose
384 238 597 296 sublatus,
620 241 667 286 &
688 238 886 285 ancillari
912 239 1163 286 adulatione
1193 235 1399 286 beneficii
1420 241 1486 287 al·

202 315 386 362 locutus
419 312 647 370 au&ores‚
666 310 860 375 opesque
891 311 1119 374 pollicitus
1147 314 1311 375 amplas
1346 315 1395 361 &
1421 313 1486 360 di-

201 388 391 452 gnitates
415 386 476 432 ob
496 385 772 448 principatus
794 384 1032 447 primitias,
1052 386 1259 447 proceffit
1278 387 1321 432 in
1343 387 1487 449 publi-

203 477 308 507 cum
331 458 616 505 multitudine
650 457 832 520 stipatus
861 475 1120 505 armorum:
1142 459 1355 524 signisque
1380 460 1485 506 sub-

199 533 300 581 latis
317 569 330 590 ‚
360 532 546 579 ereffius
578 531 641 578 ire
663 513 867 595 pergebai
888 569 902 590 ,
924 532 1262 581 circumclausus
1295 534 1484 581 horrcn-

200 607 262 653 do
284 605 463 669 fragore
485 603 714 652 scutorum
735 605 922 668 lugubre
954 607 1322 668 concrepantium
1345 643 1358 664 ‚
1383 623 1483 668 quae

201 689 449 726 metuentes
470 712 483 733 ,
515 692 570 722 ne
592 693 615 722 a
635 676 897 723 celsioribus
927 677 1048 724 teEtis
1075 677 1188 725 saxis
1211 679 1284 724 vel
1313 679 1485 741 tegula-

198 768 301 799 rum
329 748 355 796 f
372 748 590 812 agmentis
613 749 1006 808 conflic‘tarentur‚
1032 750 1205 797 densius
1223 750 1322 813 ipfis
1341 751 1484 814 galea-

200 841 298 872 rum
322 823 462 871 cristis
492 824 717 885 aptabant.
742 824 858 870 Huic
880 824 1128 870 intimidius
1153 823 1376 870 incedenti
1400 839 1484 870 nec

196 897 422 947 resistebat
454 897 676 959 populus,
703 914 784 943 nec
817 896 1030 944 favebat:
1059 898 1383 944 accendebatur
1413 910 1483 943 ta-

197 990 302 1021 men
326 971 451 1018 infita
474 970 692 1033 plerisque
721 971 972 1034 vulgarium
1003 970 1222 1017 novitatis
1249 970 1483 1031 repentina

198 1044 479 1109 jucunditate
499 1079 512 1099 ,
539 1060 587 1089 ea
622 1060 668 1088 re
699 1043 850 1104 potius
886 1043 1132 1099 incitante,
1160 1043 1286 1105 quod
1322 1044 1482 1089 Petro-

195 1120 340 1175 nium,
360 1132 408 1164 ut
429 1116 739 1178 praediximus,
768 1116 948 1162 divitias
972 1115 1198 1162 violenter
1215 1129 1449 1178 augentem
1464 1152 1479 1175 ‚

200 1208 359 1240 omnes
380 1190 530 1236 eadem
552 1202 700 1234 mente
718 1188 1044 1234 detestabantur
1060 1224 1072 1245 ,
1089 1188 1163 1251 qui
1185 1188 1349 1251 sepulta
1372 1189 1480 1250 jam-

197 1265 366 1314 dudum
394 1261 598 1324 negotia,
624 1261 673 1307 &
701 1259 929 1306 redivivas
961 1260 1142 1305 nebulas
1161 1261 1414 1308 debitorum
1433 1263 1480 1309 in

198 1336 402 1386 diversos
445 1335 626 1381 ordines
664 1333 897 1380 excitabat.
938 1334 1056 1380 Cum
1101 1333 1249 1396 itaque
1286 1337 1480 1384 tribunal

200 1412 319 1459 idem
343 1406 600 1456 ascendiffet
633 1406 904 1469 Procopius,
925 1408 975 1454 &
999 1407 1166 1454 cunetis
1199 1408 1375 1471 stupore
1401 1411 1479 1457 de-

201 1484 304 1532 fixis
336 1482 566 1528 timeretur
587 1479 808 1526 silentium
839 1479 984 1526 triste:
1008 1480 1334 1542 procliviorem
1357 1484 1479 1531 viam

200 1559 256 1606 ad
289 1568 480 1603 mortem
497 1590 512 1610 ‚
531 1565 579 1599 ut
598 1553 818 1615 sperabat,
843 1553 1099 1600 existimans
1126 1555 1351 1602 advenisse
1366 1593 1380 1615 ,
1402 1575 1480 1619 per

201 1644 324 1680 artus
360 1642 557 1676 tremore
585 1626 748 1673 diffuso
785 1626 1058 1689 implicatior
1084 1627 1137 1673 ad
1163 1628 1439 1690 loquendum
1462 1666 1477 1688 ‚

202 1706 281 1752 diu
315 1702 472 1750 tacitus
499 1700 642 1747 stetit:
674 1717 811 1762 pauca
838 1713 983 1746 tamen
1019 1701 1264 1763 interrupta
1298 1705 1348 1751 &
1379 1721 1479 1751 mo-

200 1777 390 1823 ribunda
421 1790 538 1820 voce
575 1773 722 1819 dicere
752 1771 840 1835 jam
877 1773 1063 1820 exorsus
1087 1809 1100 1830 ‚
1134 1775 1296 1835 quibus
1334 1775 1477 1839 stirpis

201 1846 583 1912 propinquitatem
600 1844 898 1908 imperatoriae
919 1845 1241 1907 praetendebat,
1262 1846 1351 1893 leni
1368 1866 1476 1910 pau-

200 1938 359 1970 corum
382 1918 558 1965 susurro
592 1917 737 1980 pretio
759 1915 1029 1973 illeEtorum,
1053 1917 1212 1964 deinde
1235 1921 1474 1968 tumultua-

202 1997 280 2043 riis
314 1992 732 2040 succlamationibus
774 1991 914 2054 plebis
952 1995 1195 2054 Imperator
1231 1996 1475 2056 appellatus

200 2066 435 2114 incondite
457 2101 470 2122 ‚
504 2064 613 2126 petit
644 2062 810 2116 curiam
842 2063 1014 2125 raptim.
1045 2063 1134 2109 Ubi
1166 2064 1292 2110 nullo
1331 2067 1475 2113 claris·

202 2140 415 2187 fimorum
439 2174 451 2195 ‚
478 2137 548 2183 sed
577 2135 765 2199 ignobili
793 2136 1011 2198 paucitate
1037 2135 1247 2193 inventa,
1267 2138 1476 2200 palatium

204 2212 390 2275 peffimo
424 2210 533 2272 pede
576 2208 784 2255 festinatis
817 2209 998 2271 pastibus
1030 2209 1218 2258 introiit.
1253 2211 1474 2259 Mirantur

204 2283 383 2348 quidam
412 2281 614 2343 profeEto
645 2281 845 2328 irrisione
876 2282 1002 2344 digna
1025 2282 1272 2343 principia,
1299 2283 1475 2332 incaute

205 2368 355 2417 coepta
385 2357 432 2402 &
461 2368 625 2401 temere
642 2390 654 2412 ‚
675 2354 729 2400 ad
758 2354 1103 2415 ingemiscendas
1123 2355 1305 2418 erupisse
1327 2357 1476 2419 reipu-

204 2427 334 2477 blicae
365 2428 536 2489 clades,
564 2427 706 2493 ignari
733 2425 883 2475 forsan
909 2427 1243 2490 exemplorum,
1270 2427 1366 2475 haec
1398 2444 1472 2481 aeq

1574 2860 1606 2917 ξ’.
