1626 2917
262 113 486 161 RERUM
519 111 861 160 GESTARUM
895 112 999 160 LIB.
1035 112 1209 160 XXIV.
1324 129 1381 175 17

91 234 314 282 compage
343 217 572 265 scutorum
594 253 609 274 ‚
641 234 731 280 qua
759 216 887 263 velut
916 217 1132 272 testudine
1169 215 1386 281 infigura-

71 292 250 339 'bilium
287 290 514 338 fornicum
559 291 881 352 operiebantur
925 289 1171 352 aptissime,
1208 289 1386 338 affiduis

91 364 292 411 motibus
312 364 456 410 laxius
477 363 745 410 dehiscente.
767 363 943 409 Contra
968 362 1106 408 Persae
1127 363 1267 410 muris
1297 363 1386 410 ob-

92 437 294 484 stinatius
310 436 586 483 adhaerentes
601 472 614 491 ‚
635 447 854 498 quantum
881 435 1028 482 facere
1055 437 1231 500 nitique
1253 427 1381 498 pote*-

91 523 193 557 rant
211 545 224 568 ,
253 510 433 556 eludere
463 513 510 558 &
549 510 747 556 frustrari
775 509 976 556 exitiales
1009 510 1203 572 impetus
1243 527 1388 558 cona-

96 582 275 630 bantur.
305 584 475 628 Verum
508 582 583 628 ubi
615 582 832 629 vimineas
854 595 994 629 crates
1016 601 1108 645 prae
1131 583 1173 630 se
1194 584 1389 631 ferentes

100 668 444 720 oppugnatores
473 655 558 716 jam
591 656 764 703 moenia
788 670 1098 725 perurgerent,
1126 675 1227 704 cum
1255 657 1391 722 sagit-

97 731 220 778 tariis
242 730 519 783 funditores,
547 730 622 776 alii
641 730 750 793 quin
771 730 903 776 etiam
925 730 1026 776 saxa
1052 732 1300 778 volventes
1319 732 1393 780 in-

98 804 246 868 gentia
268 839 281 862 ,
310 820 409 850 cum
435 801 606 849 facibus
641 803 690 849 &
718 802 937 848 malleolis
969 819 1048 850 eos
1072 803 1250 866 longius
1276 822 1391 867 pro-

99 875 330 939 pulsabant
352 893 362 920 :
385 888 480 921 tum
501 888 659 936 aptata.²
680 874 835 937 ligneis
865 874 1031 938 sagittis
1064 876 1245 921 ballistae
1266 876 1389 924 flexu

100 947 380 1009 stridoreque
404 946 732 1008 torquebantur
751 980 764 1003 ‚
788 946 1056 992 creberrima
1087 947 1254 1009 spicula
1289 947 1393 994 fun·

102 1024 293 1069 ditantes
312 1057 326 1079 ‚
360 1023 410 1068 &
432 1020 694 1081 scorpiones
712 1055 726 1076 ‚
754 1035 1030 1084 quocunque
1051 1039 1207 1069 manus
1238 1026 1394 1087 peritae

102 1094 327 1142 duxissent
345 1129 359 1151 ‚
383 1093 606 1138 rotundos
636 1092 803 1154 lapides
823 1093 1101 1140 evibrabant.
1125 1099 1290 1143 lterum
1313 1098 1394 1144 de-

101 1169 208 1216 inde
238 1183 287 1214 ac
316 1165 430 1228 saepe
460 1165 696 1229 geminatis
725 1166 1030 1228 congreffibus
1053 1203 1065 1224 ‚
1090 1168 1216 1215 aestus
1234 1169 1279 1215 in
1301 1187 1395 1217 me-

102 1241 262 1290 ridiem
288 1239 487 1286 crescens
504 1275 518 1295 ,
538 1238 860 1284 effervescente
887 1241 1150 1301 vaporatius
1171 1241 1262 1287 sole
1277 1277 1292 1300 ‚
1312 1261 1396 1305 ap-

103 1327 264 1378 paratu
292 1328 481 1373 operum
512 1312 562 1357 &
586 1311 731 1356 studio
768 1311 1009 1373 proeliandi
1046 1313 1245 1361 intentos
1281 1334 1397 1363 cun-

108 1387 207 1433 &os
233 1421 246 1442 ‚
283 1395 584 1431 revocaverat
627 1382 836 1446 fatigatos
876 1387 924 1431 ὃς
966 1386 1126 1432 sudore
1177 1390 1399 1450 perfusos.

108 1459 283 1508 Eodem
312 1456 475 1503 mentis
509 1456 749 1518 proposito
772 1456 924 1503 secuto
959 1474 1145 1521 quoque
1194 1461 1265 1507 die
1318 1480 1400 1525 per

109 1532 234 1580 varia
255 1528 551 1578 certaminum
580 1544 740 1591 genera
761 1530 1068 1577 controversae
1090 1546 1237 1594 partes
1265 1535 1401 1583 dimi-

112 1617 265 1653 cantes
294 1603 507 1650 instanter
531 1636 544 1655 ‚
580 1601 719 1665 eequis
762 1603 969 1649 manibus
1002 1605 1051 1651 ὅ(
1085 1607 1180 1667 pari
1215 1605 1403 1657 fortuna

110 1680 362 1729 discedunt.
391 1682 561 1725 Verum
583 1678 627 1723 in
650 1695 787 1725 omne
823 1679 1060 1726 discrimen
1089 1681 1266 1729 armatis
1293 1701 1404 1746 pro-

112 1753 263 1802 ximus
280 1752 492 1814 Princeps
513 1749 709 1798 civitatis
725 1750 911 1813 urgebat
928 1751 1155 1798 excidium
1174 1789 1188 1811 ‚
1206 1771 1263 1799 ne
1282 1755 1403 1804 circa

115 1840 274 1874 muros
301 1822 377 1869 diu
399 1823 624 1869 excubans
640 1858 654 1880 ‚
670 1822 899 1868 omitteret
918 1821 1091 1883 majora
1108 1859 1121 1880 ‚
1141 1842 1242 1888 quae
1259 1840 1405 1876 tenta-

115 1899 208 1946 bat.
238 1897 324 1943 Sed
356 1896 402 1942 in
439 1895 640 1941 distriffis
671 1895 996 1942 necessitatibus
1034 1896 1147 1942 nihil
1182 1912 1269 1946 tam
1300 1900 1406 1949 leve

115 1970 210 2028 -est,
243 1969 370 2033 quod
399 1986 493 2016 non
525 1968 749 2015 interdum
768 1968 902 2014 etiam
924 1980 1083 2015 contra
1103 1968 1299 2031 sperata,
1335 1991 1409 2021 re·-

119 2060 221 2091 rum
261 2041 414 2089 afferat
454 2054 684 2088 momenta
722 2058 996 2104 magnarum.
1028 2042 1148 2088 Cum
1178 2045 1332 2102 enim,
1358 2061 1409 2096 ut

123 2117 240 2179 saepe
260 2152 276 2173 ‚
306 2115 552 2162 discessurae
575 2129 721 2178 partes
746 2115 890 2161 levius
922 2131 1260 2177 concertarent,
1293 2121 1408 2169 abu-

124 2190 219 2237 sive
252 2188 424 2235 incuffo
454 2188 620 2245 ariete,
651 2187 728 2251 qui
760 2188 896 2250 paulo
926 2204 1028 2235 ante
1056 2203 1145 2236 erat
1171 2192 1410 2252 admotus,

125 2262 336 2311 sternitur
361 2263 540 2309 residuis
576 2263 789 2309 omnibus
813 2262 949 2308 altior
981 2265 1114 2310 turris
1133 2300 1146 2321 ‚
1169 2265 1304 2313 latere
1326 2285 1408 2315 co-

127 2337 217 2385 &ili
239 2335 477 2382 firmiffin‘ie
504 2335 686 2382 skufta:
709 2334 833 2396 cujus
853 2334 982 2381 ruina
1003 2338 1117 2383 muri
1142 2339 1410 2401 contiguum

123 2411 238 2458 latus
259 2408 404 2455 secum
427 2408 609 2454 immani
639 2407 818 2470 fragore
849 2409 1084 2469 protraxit.
1119 2409 1180 2457 lbi
1206 2422 1301 2457 tum
1329 2429 1410 2459 va-

189 2485 413 2532 Ammian.
440 2485 678 2533 Afarccllin.
713 2487 807 2530 Vol.
830 2486 893 2530 H.
1032 2486 1035 2487 ⁷
1213 2485 1247 2530 Β
