1626 2917
187 74 247 122 88
384 75 737 121 AMMIANI
783 75 1280 123 MARCELLINI

186 192 379 244 aguntur
399 217 413 238 ‚
440 180 677 229 atrocitate
710 183 855 229 nuntii
881 183 1047 231 Valens
1076 184 1300 247 perculsus
1319 219 1332 241 ‚
1361 182 1473 244 jam:

185 269 275 315 que
297 265 528 300 revertens
542 271 622 317 per
640 255 984 317 Gallograeciam
998 292 1011 313 ‚
1033 257 1192 302 auditis
1207 257 1323 319 apud
1344 257 1474 302 Con·-

184 326 528 389 stantinopolim
549 327 678 390 gestis
695 364 708 386 ‚
733 328 984 376 diffidenter
1003 330 1237 377 incedebat
1265 331 1314 376 &
1334 329 1476 391 trepi-

185 399 241 443 de
269 415 280 443 :
310 414 360 445 ac
391 399 631 460 repentino
662 416 832 461 pavore
861 401 957 446 vias
984 401 1256 463 providendi
1289 402 1478 447 turban-

185 481 231 515 te
251 504 263 520 ,
284 467 484 532 eousque
506 469 802 532 desponderat
817 472 1014 518 animum
1032 508 1045 529 ,
1062 484 1112 519 ut
1132 472 1343 536 augustos
1361 472 1476 518 ami-

185 541 281 586 &us
310 539 501 602 abjicere
533 555 744 604 tanquam
775 560 960 606 gravem
986 543 1198 592 sarcinam
1230 546 1479 609 cogitaret:

187 612 446 678 fecissetque
475 614 682 676 profesto
704 651 718 673 ,
750 617 796 663 ni
814 618 1070 664 vetantibus
1089 618 1312 680 proximis
1331 619 1478 664 detra-

188 688 284 733 &us
312 704 336 734 a
369 687 563 734 deformi
606 688 844 751 proposito
869 725 882 746 ‚
914 688 1194 753 firmatusque
1236 690 1475 736 meliorum

189 760 446 817 sententiis,
470 761 648 825 agmina
672 763 763 808 duo
792 763 949 825 praeire
971 761 1150 824 juffiffet
1169 799 1184 820 ,
1202 763 1365 825 quibus
1387 778 1482 808 no-

191 835 315 880 mina
338 834 436 882 sunt
463 836 587 883 Jovii
611 848 746 900 atque
768 837 997 891 Victores,
1018 836 1156 884 castra
1182 835 1479 899 perduellium

191 905 459 969 irrupturos.
497 908 578 955 His
608 907 694 969 jam
725 909 1133 972 propinquantibus
1152 943 1166 967 ‚
1187 907 1274 971 ipse
1303 909 1480 954 Proco-

192 978 292 1040 pius
307 997 331 1025 a
351 979 507 1026 Nicaea
531 981 745 1044 regressus
761 1016 774 1039 ‚
800 998 893 1044 quo
915 999 1059 1044 nuper
1077 982 1321 1027 advenerat
1339 1016 1353 1038 ,
1376 996 1481 1027 cum

192 1052 510 1100 Divitensibus
529 1053 895 1116 desertorumque
913 1053 1042 1115 plebe
1062 1052 1328 1115 promiscua,
1345 1069 1481 1115 quam

193 1125 366 1172 dierum
399 1126 526 1174 brevi
550 1125 693 1189 spatio
718 1140 1007 1190 congregarat
1026 1163 1039 1184 ,
1064 1128 1285 1191 Mygdum
1312 1127 1480 1175 accele-

193 1198 315 1244 ravit
347 1215 359 1245 :
396 1198 473 1260 qui
509 1198 638 1245 locus
674 1200 891 1263 Sangario
925 1200 1106 1247 alluitur
1147 1199 1345 1246 flumine.
1388 1198 1480 1245 Ubi

194 1286 299 1317 cum
317 1269 519 1334 legiones
539 1269 624 1329 jam
655 1285 914 1334 pugnaturae
935 1272 1315 1334 congrederentur
1332 1307 1345 1327 ‚
1365 1270 1483 1316 inter

196 1342 532 1405 reciprocantes
567 1343 737 1390 miffilia
758 1380 771 1401 ,
803 1344 923 1407 quasi
946 1343 1284 1407 procursatione
1309 1342 1483 1390 hostem

194 1415 434 1474 lacessens,
463 1416 581 1463 solus
608 1417 818 1479 prorupit
847 1417 892 1463 in
923 1417 1135 1464 medium.
1160 1420 1213 1463 Et
1241 1415 1485 1462 secundio-

195 1490 256 1536 ris
281 1491 414 1536 duEiu
446 1489 641 1536 fortunae
671 1506 726 1535 ex
758 1491 981 1537 contraria
1000 1491 1094 1537 acie
1127 1490 1253 1535 velut
1283 1488 1484 1551 agnitum

200 1565 428 1628 quendam
467 1564 743 1611 Vitalianum
768 1600 782 1622 ,
811 1581 944 1627 quem
967 1564 997 1610 fi
1023 1574 1151 1610 norat
1171 1598 1185 1620 ,
1206 1561 1447 1624 ambigitur
1471 1596 1490 1619 ,

204 1639 364 1687 Latine
389 1637 524 1685 salute
543 1639 642 1684 data
663 1637 824 1684 blande
840 1673 854 1695 ‚
884 1636 1101 1700 produxit
1121 1653 1131 1682 :
1155 1651 1346 1697 eumque
1373 1650 1486 1696 por-

200 1712 319 1760 recta
337 1712 518 1759 dextera
549 1711 773 1759 suaviatus
791 1746 805 1769 ,
827 1710 1039 1757 omnibus
1059 1708 1162 1755 hinc
1193 1707 1296 1753 inde
1314 1705 1486 1753 attoni-

200 1785 259 1832 tis
282 1820 296 1843 ‚
336 1788 441 1839 En,
473 1783 648 1847 inquit,
680 1804 788 1831 cana
825 1787 1112 1830 Romanorum
1147 1783 1396 1826 exercituum
1421 1779 1486 1838 fi-

209 1862 280 1906 des
295 1894 309 1918 ,
332 1857 374 1905 ὅ*
405 1861 673 1922 religionibus
679 1860 823 1920 firmis
847 1857 1088 1914 juramenta
1111 1855 1319 1921 constriHa
1337 1852 1356 1897 l
1379 1855 1490 1898 Pla-

210 1949 269 1978 cet
297 1967 310 1989 ,
338 1932 557 1996 fhrtiffi'mi
589 1934 669 1979 viri
688 1967 702 1990 ‚
731 1950 807 1992 pro
840 1932 997 1993 ignotis
1029 1944 1090 1975 tot
1109 1928 1283 1988 ficorum
1317 1926 1493 1986 consur*

211 2004 358 2069 rexiffi
405 2024 616 2052 mucrones
635 2025 652 2052 .·
682 2022 802 2066 utque
833 2005 1092 2050 Pannonius
1126 2005 1293 2064 degener
1326 1999 1488 2059 labefa-

208 2080 327 2124 Hans
348 2081 490 2126 cunc‘la
520 2078 564 2126 Θ
594 2096 802 2141 proterens
818 2114 832 2136 ‚
853 2081 1042 2139 imperio,
1060 2079 1170 2137 quod
1195 2094 1244 2120 ne
1267 2077 1375 2120 votis
1399 2076 1492 2134 qui-

211 2157 300 2200 dem
330 2157 534 2214 concipere
553 2153 678 2213 aufits
697 2153 748 2218 est
767 2170 950 2212 unquam
970 2185 982 2207 ‚
995 2150 1187 2210 potiatur
1203 2182 1215 2204 ‚
1238 2148 1495 2209 ingemiscere

210 2243 287 2272 nos
314 2227 450 2292 vestris
476 2226 697 2291 aestasque
726 2226 978 2270 vulneribus.
1005 2223 1122 2282 Quin
1139 2223 1282 2281 potius
1289 2220 1492 2279 sequimi·-

210 2302 257 2345 ni
276 2300 470 2345 culminis
488 2300 650 2359 sitmmi
672 2299 913 2358 profhpz'am
933 2330 947 2353 ‚
964 2314 1048 2341 norz
1071 2297 1142 2351 [ut
1165 2296 1305 2354 rapiat
1321 2296 1458 2338 aliena
1475 2327 1491 2346 ,

199 2375 286 2434 sed
328 2374 374 2418 in
405 2374 605 2434 integrum
638 2372 861 2438 majestatis
893 2371 1042 2427 avitae]
1078 2369 1307 2433 restituatur
1329 2398 1343 2424 ,
1375 2386 1491 2413 arma

1613 783 1626 979 -Q
1612 340 1626 773 mmmmn-
1623 312 1626 326 ,Α
