<?xml version="1.0" encoding="UTF-8"?>
<!DOCTYPE html PUBLIC "-//W3C//DTD XHTML 1.0 Transitional//EN"
    "http://www.w3.org/TR/xhtml1/DTD/xhtml1-transitional.dtd">
<html xmlns="http://www.w3.org/1999/xhtml" xml:lang="en" lang="en">
 <head>
  <title>
</title>
<meta http-equiv="Content-Type" content="text/html;charset=utf-8" />
  <meta name='ocr-system' content='tesseract 3.04.00' />
  <meta name='ocr-capabilities' content='ocr_page ocr_carea ocr_par ocr_line ocrx_word'/>
</head>
<body>
  <div class='ocr_page' id='page_1' title='image "./rerumgestarumqui00ammiuoft_0443.png"; bbox 0 0 1626 2917; ppageno 0'>
   <div class='ocr_carea' id='block_1_1' title="bbox 281 95 1394 148">
    <p class='ocr_par' dir='ltr' id='par_1_1' title="bbox 281 95 1394 148">
     <span class='ocr_line' id='line_1_1' title="bbox 281 95 1394 148; baseline -0.004 0"><span class='ocrx_word' id='word_1_1' title='bbox 281 100 500 148; x_wconf 82' lang='lat' dir='ltr'>RERUM</span> <span class='ocrx_word' id='word_1_2' title='bbox 536 97 875 144; x_wconf 77' lang='lat' dir='ltr'>GESTARUM</span> <span class='ocrx_word' id='word_1_3' title='bbox 913 96 1015 141; x_wconf 88' lang='lat' dir='ltr'>LlB.</span> <span class='ocrx_word' id='word_1_4' title='bbox 1045 95 1219 142; x_wconf 84' lang='lat' dir='ltr'>XXIV.</span> <span class='ocrx_word' id='word_1_5' title='bbox 1344 111 1394 143; x_wconf 87' lang='lat'>11</span> 
     </span>
    </p>
   </div>
   <div class='ocr_carea' id='block_1_2' title="bbox 114 201 1414 2465">
    <p class='ocr_par' dir='ltr' id='par_1_2' title="bbox 120 201 1403 330">
     <span class='ocr_line' id='line_1_2' title="bbox 120 201 1403 269; baseline -0.008 -12"><span class='ocrx_word' id='word_1_6' title='bbox 120 208 309 258; x_wconf 76' lang='lat' dir='ltr'>cessariis</span> <span class='ocrx_word' id='word_1_7' title='bbox 338 207 487 255; x_wconf 87' lang='lat' dir='ltr'>sumtis</span> <span class='ocrx_word' id='word_1_8' title='bbox 502 243 517 266; x_wconf 93' lang='lat'>,</span> <span class='ocrx_word' id='word_1_9' title='bbox 537 206 707 269; x_wconf 84' lang='lat' dir='ltr'>reliqua</span> <span class='ocrx_word' id='word_1_10' title='bbox 739 221 839 252; x_wconf 86' lang='lat' dir='ltr'>cum</span> <span class='ocrx_word' id='word_1_11' title='bbox 863 204 970 252; x_wconf 89' lang='lat' dir='ltr'>loco</span> <span class='ocrx_word' id='word_1_12' title='bbox 994 202 1094 267; x_wconf 57' lang='lat' dir='ltr'>vipso</span> <span class='ocrx_word' id='word_1_13' title='bbox 1117 201 1311 250; x_wconf 81' lang='lat' dir='ltr'>exussere</span> <span class='ocrx_word' id='word_1_14' title='bbox 1332 202 1403 252; x_wconf 87' lang='lat' dir='ltr'>vi-</span> 
     </span>
     <span class='ocr_line' id='line_1_3' title="bbox 122 283 281 330; baseline 0 0"><span class='ocrx_word' id='word_1_15' title='bbox 122 283 281 330; x_wconf 69' lang='lat' dir='ltr'>stores.</span> 
     </span>
    </p>

    <p class='ocr_par' dir='ltr' id='par_1_3' title="bbox 114 347 1414 2465">
     <span class='ocr_line' id='line_1_4' title="bbox 183 347 1404 417; baseline -0.007 -15"><span class='ocrx_word' id='word_1_16' title='bbox 183 358 250 402; x_wconf 79' lang='grc' dir='ltr'><strong>ΙΙΙ.</strong></span> <span class='ocrx_word' id='word_1_17' title='bbox 274 353 451 402; x_wconf 87' lang='lat' dir='ltr'>Postera</span> <span class='ocrx_word' id='word_1_18' title='bbox 472 355 559 411; x_wconf 81' lang='lat' dir='ltr'>(lie,</span> <span class='ocrx_word' id='word_1_19' title='bbox 577 372 710 417; x_wconf 83' lang='lat' dir='ltr'>quam</span> <span class='ocrx_word' id='word_1_20' title='bbox 729 354 823 401; x_wconf 83' lang='lat' dir='ltr'>haec</span> <span class='ocrx_word' id='word_1_21' title='bbox 844 354 937 400; x_wconf 74' lang='lat' dir='ltr'>aEta</span> <span class='ocrx_word' id='word_1_22' title='bbox 954 363 1097 411; x_wconf 86' lang='lat' dir='ltr'>erant,</span> <span class='ocrx_word' id='word_1_23' title='bbox 1112 350 1331 416; x_wconf 85' lang='lat' dir='ltr'>perfertur</span> <span class='ocrx_word' id='word_1_24' title='bbox 1348 347 1404 395; x_wconf 84' lang='lat' dir='ltr'>ad</span> 
     </span>
     <span class='ocr_line' id='line_1_5' title="bbox 119 425 1407 493; baseline -0.005 -17"><span class='ocrx_word' id='word_1_25' title='bbox 119 431 439 493; x_wconf 84' lang='lat' dir='ltr'>Imperatorem</span> <span class='ocrx_word' id='word_1_26' title='bbox 460 430 585 477; x_wconf 80' lang='lat' dir='ltr'>cibos</span> <span class='ocrx_word' id='word_1_27' title='bbox 600 446 679 492; x_wconf 89' lang='lat' dir='ltr'>per</span> <span class='ocrx_word' id='word_1_28' title='bbox 695 428 840 476; x_wconf 85' lang='lat' dir='ltr'>otium</span> <span class='ocrx_word' id='word_1_29' title='bbox 859 429 1106 492; x_wconf 84' lang='lat' dir='ltr'>capientem</span> <span class='ocrx_word' id='word_1_30' title='bbox 1124 425 1304 472; x_wconf 87' lang='lat' dir='ltr'>nuntius</span> <span class='ocrx_word' id='word_1_31' title='bbox 1319 439 1407 487; x_wconf 86' lang='lat' dir='ltr'>gra·</span> 
     </span>
     <span class='ocr_line' id='line_1_6' title="bbox 120 496 1410 563; baseline -0.006 -14"><span class='ocrx_word' id='word_1_32' title='bbox 120 501 216 558; x_wconf 84' lang='lat' dir='ltr'>vis,</span> <span class='ocrx_word' id='word_1_33' title='bbox 234 504 447 549; x_wconf 82' lang='lat' dir='ltr'>Surenam</span> <span class='ocrx_word' id='word_1_34' title='bbox 468 503 689 549; x_wconf 74' lang='lat' dir='ltr'>Persicum</span> <span class='ocrx_word' id='word_1_35' title='bbox 710 502 868 548; x_wconf 86' lang='lat' dir='ltr'>ducem</span> <span class='ocrx_word' id='word_1_36' title='bbox 891 500 1255 563; x_wconf 76' lang='lat' dir='ltr'>procursatorum</span> <span class='ocrx_word' id='word_1_37' title='bbox 1276 496 1410 559; x_wconf 86' lang='lat' dir='ltr'>partis</span> 
     </span>
     <span class='ocr_line' id='line_1_7' title="bbox 116 571 1410 639; baseline -0.005 -17"><span class='ocrx_word' id='word_1_38' title='bbox 116 575 281 623; x_wconf 79' lang='lat' dir='ltr'>nostrae</span> <span class='ocrx_word' id='word_1_39' title='bbox 294 589 382 623; x_wconf 85' lang='lat' dir='ltr'>tres</span> <span class='ocrx_word' id='word_1_40' title='bbox 403 591 569 623; x_wconf 78' lang='lat' dir='ltr'>turmas</span> <span class='ocrx_word' id='word_1_41' title='bbox 591 576 826 639; x_wconf 87' lang='lat' dir='ltr'>inopinum</span> <span class='ocrx_word' id='word_1_42' title='bbox 847 576 1105 639; x_wconf 79' lang='lat' dir='ltr'>aggressum,</span> <span class='ocrx_word' id='word_1_43' title='bbox 1122 571 1410 636; x_wconf 73' lang='lat' dir='ltr'>paucissimos</span> 
     </span>
     <span class='ocr_line' id='line_1_8' title="bbox 119 643 1408 714; baseline -0.006 -18"><span class='ocrx_word' id='word_1_44' title='bbox 119 649 352 697; x_wconf 69' lang='lat' dir='ltr'>trucidasse</span> <span class='ocrx_word' id='word_1_45' title='bbox 373 668 383 696; x_wconf 88' lang='lat'>:</span> <span class='ocrx_word' id='word_1_46' title='bbox 409 650 524 696; x_wconf 87' lang='lat' dir='ltr'>inter</span> <span class='ocrx_word' id='word_1_47' title='bbox 539 667 653 714; x_wconf 81' lang='lat' dir='ltr'>quos</span> <span class='ocrx_word' id='word_1_48' title='bbox 672 651 805 698; x_wconf 86' lang='lat' dir='ltr'>strato</span> <span class='ocrx_word' id='word_1_49' title='bbox 825 651 1010 697; x_wconf 86' lang='lat' dir='ltr'>tribuno</span> <span class='ocrx_word' id='word_1_50' title='bbox 1025 686 1037 707; x_wconf 95' lang='lat'>,</span> <span class='ocrx_word' id='word_1_51' title='bbox 1057 665 1196 696; x_wconf 85' lang='lat' dir='ltr'>unum</span> <span class='ocrx_word' id='word_1_52' title='bbox 1219 643 1408 708; x_wconf 79' lang='lat' dir='ltr'>rapuisse</span> 
     </span>
     <span class='ocr_line' id='line_1_9' title="bbox 122 715 1410 785; baseline -0.005 -17"><span class='ocrx_word' id='word_1_53' title='bbox 122 720 354 769; x_wconf 83' lang='lat' dir='ltr'>vexillum.</span> <span class='ocrx_word' id='word_1_54' title='bbox 378 721 626 785; x_wconf 78' lang='lat' dir='ltr'>Statimque</span> <span class='ocrx_word' id='word_1_55' title='bbox 643 723 851 770; x_wconf 86' lang='lat' dir='ltr'>concitus</span> <span class='ocrx_word' id='word_1_56' title='bbox 867 722 927 768; x_wconf 83' lang='lat' dir='ltr'>ira</span> <span class='ocrx_word' id='word_1_57' title='bbox 945 721 1150 779; x_wconf 74' lang='lat' dir='ltr'>immani,</span> <span class='ocrx_word' id='word_1_58' title='bbox 1166 735 1265 766; x_wconf 74' lang='lat' dir='ltr'>cum</span> <span class='ocrx_word' id='word_1_59' title='bbox 1285 715 1410 763; x_wconf 79' lang='lat' dir='ltr'>armi-</span> 
     </span>
     <span class='ocr_line' id='line_1_10' title="bbox 122 788 1409 857; baseline -0.003 -18"><span class='ocrx_word' id='word_1_60' title='bbox 122 810 224 856; x_wconf 78' lang='lat' dir='ltr'>gera</span> <span class='ocrx_word' id='word_1_61' title='bbox 252 810 384 841; x_wconf 84' lang='lat' dir='ltr'>manu</span> <span class='ocrx_word' id='word_1_62' title='bbox 421 794 704 841; x_wconf 79' lang='lat' dir='ltr'>festinatione</span> <span class='ocrx_word' id='word_1_63' title='bbox 735 794 824 857; x_wconf 85' lang='lat' dir='ltr'>ipsa</span> <span class='ocrx_word' id='word_1_64' title='bbox 853 794 1089 841; x_wconf 73' lang='lat' dir='ltr'>tutissimus</span> <span class='ocrx_word' id='word_1_65' title='bbox 1110 788 1372 855; x_wconf 81' lang='lat' dir='ltr'>pervolavit</span> <span class='ocrx_word' id='word_1_66' title='bbox 1395 805 1409 835; x_wconf 79' lang='lat' dir='ltr'><em>z</em></span> 
     </span>
     <span class='ocr_line' id='line_1_11' title="bbox 123 864 1412 930; baseline -0.005 -16"><span class='ocrx_word' id='word_1_67' title='bbox 123 868 172 914; x_wconf 84' lang='lat'><strong>&amp;</strong></span> <span class='ocrx_word' id='word_1_68' title='bbox 205 867 513 930; x_wconf 77' lang='lat' dir='ltr'>grassatoribus</span> <span class='ocrx_word' id='word_1_69' title='bbox 542 869 662 916; x_wconf 81' lang='lat' dir='ltr'>foeda</span> <span class='ocrx_word' id='word_1_70' title='bbox 694 868 1053 915; x_wconf 87' lang='lat' dir='ltr'>consternatione</span> <span class='ocrx_word' id='word_1_71' title='bbox 1088 864 1308 928; x_wconf 86' lang='lat' dir='ltr'>depulsis,</span> <span class='ocrx_word' id='word_1_72' title='bbox 1335 874 1412 909; x_wconf 48' lang='lat' dir='ltr'>red</span> 
     </span>
     <span class='ocr_line' id='line_1_12' title="bbox 122 939 1411 998; baseline -0.002 -11"><span class='ocrx_word' id='word_1_73' title='bbox 122 940 274 987; x_wconf 83' lang='lat' dir='ltr'>fiduos</span> <span class='ocrx_word' id='word_1_74' title='bbox 311 942 423 990; x_wconf 85' lang='lat' dir='ltr'>duos</span> <span class='ocrx_word' id='word_1_75' title='bbox 459 942 667 989; x_wconf 72' lang='lat' dir='ltr'>tribunos</span> <span class='ocrx_word' id='word_1_76' title='bbox 707 941 982 988; x_wconf 84' lang='lat' dir='ltr'>sacramento</span> <span class='ocrx_word' id='word_1_77' title='bbox 1017 940 1152 989; x_wconf 85' lang='lat' dir='ltr'>solvit</span> <span class='ocrx_word' id='word_1_78' title='bbox 1173 977 1185 998; x_wconf 92' lang='lat'>‚</span> <span class='ocrx_word' id='word_1_79' title='bbox 1217 951 1265 985; x_wconf 86' lang='lat' dir='ltr'>ut</span> <span class='ocrx_word' id='word_1_80' title='bbox 1300 939 1411 985; x_wconf 86' lang='lat' dir='ltr'>desi·</span> 
     </span>
     <span class='ocr_line' id='line_1_13' title="bbox 122 1010 1411 1078; baseline -0.002 -18"><span class='ocrx_word' id='word_1_81' title='bbox 122 1014 197 1060; x_wconf 88' lang='lat' dir='ltr'>des</span> <span class='ocrx_word' id='word_1_82' title='bbox 219 1016 268 1061; x_wconf 88' lang='lat'>&amp;</span> <span class='ocrx_word' id='word_1_83' title='bbox 291 1015 485 1078; x_wconf 86' lang='lat' dir='ltr'>ignavos</span> <span class='ocrx_word' id='word_1_84' title='bbox 502 1033 512 1061; x_wconf 90' lang='lat'>:</span> <span class='ocrx_word' id='word_1_85' title='bbox 529 1016 683 1062; x_wconf 90' lang='lat' dir='ltr'>decem</span> <span class='ocrx_word' id='word_1_86' title='bbox 700 1031 814 1062; x_wconf 89' lang='lat' dir='ltr'>vero</span> <span class='ocrx_word' id='word_1_87' title='bbox 835 1014 995 1060; x_wconf 75' lang='lat' dir='ltr'>milites</span> <span class='ocrx_word' id='word_1_88' title='bbox 1014 1031 1067 1060; x_wconf 85' lang='lat' dir='ltr'>ex</span> <span class='ocrx_word' id='word_1_89' title='bbox 1083 1012 1168 1069; x_wconf 87' lang='lat' dir='ltr'>his,</span> <span class='ocrx_word' id='word_1_90' title='bbox 1184 1011 1262 1075; x_wconf 85' lang='lat' dir='ltr'>qui</span> <span class='ocrx_word' id='word_1_91' title='bbox 1280 1010 1411 1075; x_wconf 64' lang='lat' dir='ltr'>fuge-⁴</span> 
     </span>
     <span class='ocr_line' id='line_1_14' title="bbox 121 1083 1411 1152; baseline -0.004 -18"><span class='ocrx_word' id='word_1_92' title='bbox 121 1099 222 1134; x_wconf 85' lang='lat' dir='ltr'>rant</span> <span class='ocrx_word' id='word_1_93' title='bbox 240 1122 253 1142; x_wconf 93' lang='lat'>‚</span> <span class='ocrx_word' id='word_1_94' title='bbox 276 1089 590 1135; x_wconf 68' lang='lat' dir='ltr'>exauEtoratos</span> <span class='ocrx_word' id='word_1_95' title='bbox 612 1088 793 1152; x_wconf 86' lang='lat' dir='ltr'>capitali</span> <span class='ocrx_word' id='word_1_96' title='bbox 819 1087 990 1134; x_wconf 82' lang='lat' dir='ltr'>addixit</span> <span class='ocrx_word' id='word_1_97' title='bbox 1012 1085 1234 1149; x_wconf 78' lang='lat' dir='ltr'>supplicio</span> <span class='ocrx_word' id='word_1_98' title='bbox 1254 1120 1266 1143; x_wconf 93' lang='lat'>,</span> <span class='ocrx_word' id='word_1_99' title='bbox 1286 1083 1411 1130; x_wconf 85' lang='lat' dir='ltr'>secu-</span> 
     </span>
     <span class='ocr_line' id='line_1_15' title="bbox 121 1158 1411 1226; baseline -0.002 -19"><span class='ocrx_word' id='word_1_100' title='bbox 121 1158 190 1208; x_wconf 85' lang='lat' dir='ltr'>tus</span> <span class='ocrx_word' id='word_1_101' title='bbox 218 1174 392 1209; x_wconf 87' lang='lat' dir='ltr'>veteres</span> <span class='ocrx_word' id='word_1_102' title='bbox 412 1163 541 1226; x_wconf 79' lang='lat' dir='ltr'>leges.</span> <span class='ocrx_word' id='word_1_103' title='bbox 569 1162 749 1209; x_wconf 83' lang='lat' dir='ltr'>Incensa</span> <span class='ocrx_word' id='word_1_104' title='bbox 778 1162 971 1225; x_wconf 83' lang='lat' dir='ltr'>denique</span> <span class='ocrx_word' id='word_1_105' title='bbox 996 1161 1103 1207; x_wconf 83' lang='lat' dir='ltr'>urbe</span> <span class='ocrx_word' id='word_1_106' title='bbox 1121 1196 1135 1219; x_wconf 88' lang='lat'><strong>‚</strong></span> <span class='ocrx_word' id='word_1_107' title='bbox 1164 1172 1213 1206; x_wconf 84' lang='lat' dir='ltr'>ut</span> <span class='ocrx_word' id='word_1_108' title='bbox 1232 1175 1411 1205; x_wconf 82' lang='lat' dir='ltr'>memo-</span> 
     </span>
     <span class='ocr_line' id='line_1_16' title="bbox 122 1232 1410 1296; baseline -0.002 -16"><span class='ocrx_word' id='word_1_109' title='bbox 122 1246 268 1281; x_wconf 89' lang='lat' dir='ltr'>ratum</span> <span class='ocrx_word' id='word_1_110' title='bbox 291 1235 351 1281; x_wconf 89' lang='lat' dir='ltr'>est</span> <span class='ocrx_word' id='word_1_111' title='bbox 369 1272 382 1293; x_wconf 92' lang='lat'>‚</span> <span class='ocrx_word' id='word_1_112' title='bbox 419 1235 675 1283; x_wconf 63' lang='lat' dir='ltr'>construCto</span> <span class='ocrx_word' id='word_1_113' title='bbox 697 1235 908 1283; x_wconf 82' lang='lat' dir='ltr'>tribunali</span> <span class='ocrx_word' id='word_1_114' title='bbox 935 1234 1132 1281; x_wconf 87' lang='lat' dir='ltr'>insistens</span> <span class='ocrx_word' id='word_1_115' title='bbox 1150 1269 1162 1289; x_wconf 88' lang='lat'>‚</span> <span class='ocrx_word' id='word_1_116' title='bbox 1184 1232 1286 1278; x_wconf 72' lang='lat' dir='ltr'>affis</span> <span class='ocrx_word' id='word_1_117' title='bbox 1307 1249 1410 1296; x_wconf 84' lang='lat' dir='ltr'>gra-</span> 
     </span>
     <span class='ocr_line' id='line_1_17' title="bbox 121 1304 1410 1368; baseline -0.002 -15"><span class='ocrx_word' id='word_1_118' title='bbox 121 1306 193 1354; x_wconf 77' lang='lat' dir='ltr'>tiis</span> <span class='ocrx_word' id='word_1_119' title='bbox 213 1307 431 1354; x_wconf 82' lang='lat' dir='ltr'>exercitui</span> <span class='ocrx_word' id='word_1_120' title='bbox 454 1321 722 1355; x_wconf 80' lang='lat' dir='ltr'>convocato</span> <span class='ocrx_word' id='word_1_121' title='bbox 739 1341 753 1363; x_wconf 87' lang='lat'>‚</span> <span class='ocrx_word' id='word_1_122' title='bbox 775 1308 961 1355; x_wconf 55' lang='lat' dir='ltr'>crinitos</span> <span class='ocrx_word' id='word_1_123' title='bbox 981 1306 1036 1353; x_wconf 88' lang='lat' dir='ltr'>ad</span> <span class='ocrx_word' id='word_1_124' title='bbox 1065 1305 1185 1368; x_wconf 86' lang='lat' dir='ltr'>paria</span> <span class='ocrx_word' id='word_1_125' title='bbox 1212 1304 1410 1352; x_wconf 82' lang='lat' dir='ltr'>facienda</span> 
     </span>
     <span class='ocr_line' id='line_1_18' title="bbox 122 1381 1410 1444; baseline -0.002 -19"><span class='ocrx_word' id='word_1_126' title='bbox 122 1381 331 1443; x_wconf 84' lang='lat' dir='ltr'>deinceps</span> <span class='ocrx_word' id='word_1_127' title='bbox 358 1382 651 1428; x_wconf 85' lang='lat' dir='ltr'>hortabatur:</span> <span class='ocrx_word' id='word_1_128' title='bbox 680 1382 728 1429; x_wconf 64' lang='grc' dir='ltr'>ὃς</span> <span class='ocrx_word' id='word_1_129' title='bbox 759 1393 996 1444; x_wconf 85' lang='lat' dir='ltr'>argenteos</span> <span class='ocrx_word' id='word_1_130' title='bbox 1028 1395 1236 1425; x_wconf 77' lang='lat' dir='ltr'>nummos</span> <span class='ocrx_word' id='word_1_131' title='bbox 1257 1390 1410 1424; x_wconf 81' lang='lat' dir='ltr'>cente-</span> 
     </span>
     <span class='ocr_line' id='line_1_19' title="bbox 121 1449 1409 1515; baseline -0.002 -16"><span class='ocrx_word' id='word_1_132' title='bbox 121 1469 206 1500; x_wconf 83' lang='lat' dir='ltr'>nos</span> <span class='ocrx_word' id='word_1_133' title='bbox 242 1453 413 1499; x_wconf 85' lang='lat' dir='ltr'>viritim</span> <span class='ocrx_word' id='word_1_134' title='bbox 444 1453 703 1515; x_wconf 77' lang='lat' dir='ltr'>pollicitus,</span> <span class='ocrx_word' id='word_1_135' title='bbox 733 1470 834 1499; x_wconf 87' lang='lat' dir='ltr'>cum</span> <span class='ocrx_word' id='word_1_136' title='bbox 855 1469 933 1498; x_wconf 90' lang='lat' dir='ltr'>eos</span> <span class='ocrx_word' id='word_1_137' title='bbox 961 1451 1181 1514; x_wconf 82' lang='lat' dir='ltr'>parvitate</span> <span class='ocrx_word' id='word_1_138' title='bbox 1209 1449 1409 1512; x_wconf 83' lang='lat' dir='ltr'>promiffi</span> 
     </span>
     <span class='ocr_line' id='line_1_20' title="bbox 120 1523 1408 1588; baseline -0.003 -17"><span class='ocrx_word' id='word_1_139' title='bbox 120 1524 317 1588; x_wconf 86' lang='lat' dir='ltr'>percitos</span> <span class='ocrx_word' id='word_1_140' title='bbox 335 1525 595 1572; x_wconf 82' lang='lat' dir='ltr'>tumultuari</span> <span class='ocrx_word' id='word_1_141' title='bbox 616 1525 804 1571; x_wconf 70' lang='lat' dir='ltr'>sensisset</span> <span class='ocrx_word' id='word_1_142' title='bbox 824 1560 836 1583; x_wconf 90' lang='lat'>‚</span> <span class='ocrx_word' id='word_1_143' title='bbox 859 1525 913 1572; x_wconf 89' lang='lat' dir='ltr'>ad</span> <span class='ocrx_word' id='word_1_144' title='bbox 935 1524 1292 1588; x_wconf 79' lang='lat' dir='ltr'>indignationem</span> <span class='ocrx_word' id='word_1_145' title='bbox 1315 1523 1408 1584; x_wconf 84' lang='lat' dir='ltr'>ple·</span> 
     </span>
     <span class='ocr_line' id='line_1_21' title="bbox 121 1588 1409 1662; baseline 0 -19"><span class='ocrx_word' id='word_1_146' title='bbox 121 1615 224 1645; x_wconf 86' lang='lat' dir='ltr'>nam</span> <span class='ocrx_word' id='word_1_147' title='bbox 248 1599 479 1661; x_wconf 84' lang='lat' dir='ltr'>gravitatis</span> <span class='ocrx_word' id='word_1_148' title='bbox 497 1599 668 1645; x_wconf 69' lang='lat' dir='ltr'>erestns</span> <span class='ocrx_word' id='word_1_149' title='bbox 685 1635 698 1656; x_wconf 81' lang='lat'><strong>‚</strong></span> <span class='ocrx_word' id='word_1_150' title='bbox 717 1602 787 1644; x_wconf 75' lang='lat' dir='ltr'>En</span> <span class='ocrx_word' id='word_1_151' title='bbox 800 1635 813 1655; x_wconf 86' lang='lat'>,</span> <span class='ocrx_word' id='word_1_152' title='bbox 835 1597 981 1660; x_wconf 76' lang='lat' dir='ltr'>inquit</span> <span class='ocrx_word' id='word_1_153' title='bbox 996 1633 1008 1655; x_wconf 90' lang='lat'>‚</span> <span class='ocrx_word' id='word_1_154' title='bbox 1029 1598 1159 1658; x_wconf 75' lang='lat' dir='ltr'>Persa</span> <span class='ocrx_word' id='word_1_155' title='bbox 1179 1588 1409 1662; x_wconf 57' lang='lat' dir='ltr'>circumfluo</span> 
     </span>
     <span class='ocr_line' id='line_1_22' title="bbox 122 1671 1411 1730; baseline -0.001 -16"><span class='ocrx_word' id='word_1_156' title='bbox 122 1686 229 1715; x_wconf 81' lang='lat' dir='ltr'>entes</span> <span class='ocrx_word' id='word_1_157' title='bbox 251 1688 379 1715; x_wconf 84' lang='lat' dir='ltr'>rerum</span> <span class='ocrx_word' id='word_1_158' title='bbox 397 1674 582 1716; x_wconf 81' lang='lat' dir='ltr'>omnium</span> <span class='ocrx_word' id='word_1_159' title='bbox 606 1673 738 1730; x_wconf 81' lang='lat' dir='ltr'>copiis</span> <span class='ocrx_word' id='word_1_160' title='bbox 755 1685 769 1711; x_wconf 87' lang='lat'>.·</span> <span class='ocrx_word' id='word_1_161' title='bbox 791 1673 921 1715; x_wconf 80' lang='lat' dir='ltr'>ditare</span> <span class='ocrx_word' id='word_1_162' title='bbox 948 1688 1020 1715; x_wconf 74' lang='lat' dir='ltr'>vos</span> <span class='ocrx_word' id='word_1_163' title='bbox 1040 1671 1191 1730; x_wconf 84' lang='lat' dir='ltr'>poterit</span> <span class='ocrx_word' id='word_1_164' title='bbox 1214 1672 1411 1730; x_wconf 72' lang='lat' dir='ltr'>opimitas</span> 
     </span>
     <span class='ocr_line' id='line_1_23' title="bbox 120 1743 1411 1807; baseline 0.002 -19"><span class='ocrx_word' id='word_1_165' title='bbox 120 1745 286 1805; x_wconf 75' lang='lat' dir='ltr'>gentis,</span> <span class='ocrx_word' id='word_1_166' title='bbox 302 1743 352 1807; x_wconf 81' lang='lat' dir='ltr'>si</span> <span class='ocrx_word' id='word_1_167' title='bbox 368 1763 495 1790; x_wconf 80' lang='lat' dir='ltr'>unum</span> <span class='ocrx_word' id='word_1_168' title='bbox 516 1745 780 1805; x_wconf 71' lang='lat' dir='ltr'>spirantibus</span> <span class='ocrx_word' id='word_1_169' title='bbox 815 1747 972 1789; x_wconf 78' lang='lat' dir='ltr'>animis</span> <span class='ocrx_word' id='word_1_170' title='bbox 991 1743 1161 1802; x_wconf 81' lang='lat' dir='ltr'>fortiter</span> <span class='ocrx_word' id='word_1_171' title='bbox 1174 1743 1411 1803; x_wconf 72' lang='lat' dir='ltr'>secerirrzus.</span> 
     </span>
     <span class='ocr_line' id='line_1_24' title="bbox 122 1817 1409 1882; baseline 0.001 -22"><span class='ocrx_word' id='word_1_172' title='bbox 122 1817 201 1860; x_wconf 85' lang='lat' dir='ltr'>Ex</span> <span class='ocrx_word' id='word_1_173' title='bbox 240 1817 449 1880; x_wconf 78' lang='lat' dir='ltr'>immensis</span> <span class='ocrx_word' id='word_1_174' title='bbox 484 1819 628 1877; x_wconf 75' lang='lat' dir='ltr'>opibus</span> <span class='ocrx_word' id='word_1_175' title='bbox 658 1817 909 1880; x_wconf 66' lang='lat' dir='ltr'>egenciffima</span> <span class='ocrx_word' id='word_1_176' title='bbox 929 1818 982 1882; x_wconf 88' lang='lat' dir='ltr'>est</span> <span class='ocrx_word' id='word_1_177' title='bbox 998 1821 1164 1862; x_wconf 82' lang='lat' dir='ltr'>tandem</span> <span class='ocrx_word' id='word_1_178' title='bbox 1182 1852 1195 1873; x_wconf 86' lang='lat'>,</span> <span class='ocrx_word' id='word_1_179' title='bbox 1231 1819 1373 1862; x_wconf 80' lang='lat' dir='ltr'>credite</span> <span class='ocrx_word' id='word_1_180' title='bbox 1394 1851 1409 1873; x_wconf 77' lang='lat'>‚</span> 
     </span>
     <span class='ocr_line' id='line_1_25' title="bbox 121 1889 1405 1951; baseline 0.001 -19"><span class='ocrx_word' id='word_1_181' title='bbox 121 1889 319 1933; x_wconf 78' lang='lat' dir='ltr'>Romana</span> <span class='ocrx_word' id='word_1_182' title='bbox 344 1890 570 1948; x_wconf 77' lang='lat' dir='ltr'>respublica</span> <span class='ocrx_word' id='word_1_183' title='bbox 577 1909 653 1950; x_wconf 89' lang='lat' dir='ltr'>per</span> <span class='ocrx_word' id='word_1_184' title='bbox 671 1908 738 1935; x_wconf 86' lang='lat' dir='ltr'>eos</span> <span class='ocrx_word' id='word_1_185' title='bbox 758 1926 771 1945; x_wconf 92' lang='lat'>‚</span> <span class='ocrx_word' id='word_1_186' title='bbox 803 1893 872 1950; x_wconf 82' lang='lat' dir='ltr'>qui</span> <span class='ocrx_word' id='word_1_187' title='bbox 886 1925 899 1947; x_wconf 86' lang='lat'>,</span> <span class='ocrx_word' id='word_1_188' title='bbox 918 1906 963 1935; x_wconf 82' lang='lat' dir='ltr'>ut</span> <span class='ocrx_word' id='word_1_189' title='bbox 984 1905 1176 1951; x_wconf 79' lang='lat' dir='ltr'>augerent</span> <span class='ocrx_word' id='word_1_190' title='bbox 1195 1892 1369 1934; x_wconf 76' lang='lat' dir='ltr'>divitias</span> <span class='ocrx_word' id='word_1_191' title='bbox 1390 1923 1405 1946; x_wconf 81' lang='lat'>,</span> 
     </span>
     <span class='ocr_line' id='line_1_26' title="bbox 122 1960 1413 2024; baseline 0.002 -18"><span class='ocrx_word' id='word_1_192' title='bbox 122 1964 340 2007; x_wconf 80' lang='lat' dir='ltr'>docuerunt</span> <span class='ocrx_word' id='word_1_193' title='bbox 359 1960 573 2023; x_wconf 75' lang='lat' dir='ltr'>Principes</span> <span class='ocrx_word' id='word_1_194' title='bbox 585 1998 597 2020; x_wconf 87' lang='lat'>,</span> <span class='ocrx_word' id='word_1_195' title='bbox 615 1982 714 2008; x_wconf 83' lang='lat' dir='ltr'>auro</span> <span class='ocrx_word' id='word_1_196' title='bbox 733 1967 858 2024; x_wconf 76' lang='lat' dir='ltr'>quiete</span> <span class='ocrx_word' id='word_1_197' title='bbox 877 1983 903 2008; x_wconf 89' lang='lat' dir='ltr'>a</span> <span class='ocrx_word' id='word_1_198' title='bbox 925 1966 1113 2009; x_wconf 79' lang='lat' dir='ltr'>barbaris</span> <span class='ocrx_word' id='word_1_199' title='bbox 1131 1966 1331 2020; x_wconf 82' lang='lat' dir='ltr'>redemta,</span> <span class='ocrx_word' id='word_1_200' title='bbox 1350 1983 1413 2008; x_wconf 89' lang='lat' dir='ltr'>re·-</span> 
     </span>
     <span class='ocr_line' id='line_1_27' title="bbox 123 2035 1412 2100; baseline 0.001 -20"><span class='ocrx_word' id='word_1_201' title='bbox 123 2035 223 2080; x_wconf 81' lang='lat' dir='ltr'>dire,</span> <span class='ocrx_word' id='word_1_202' title='bbox 238 2036 473 2094; x_wconf 85' lang='lat' dir='ltr'>Impetitum</span> <span class='ocrx_word' id='word_1_203' title='bbox 495 2038 680 2081; x_wconf 76' lang='lat' dir='ltr'>cerarium</span> <span class='ocrx_word' id='word_1_204' title='bbox 702 2036 754 2100; x_wconf 87' lang='lat' dir='ltr'>est</span> <span class='ocrx_word' id='word_1_205' title='bbox 769 2071 782 2092; x_wconf 89' lang='lat'><strong><em>‚</em></strong></span> <span class='ocrx_word' id='word_1_206' title='bbox 801 2039 916 2082; x_wconf 80' lang='lat' dir='ltr'>urbes</span> <span class='ocrx_word' id='word_1_207' title='bbox 934 2039 1188 2093; x_wconf 69' lang='lat' dir='ltr'>exinanitae,</span> <span class='ocrx_word' id='word_1_208' title='bbox 1200 2042 1412 2098; x_wconf 63' lang='lat' dir='ltr'>populana</span> 
     </span>
     <span class='ocr_line' id='line_1_28' title="bbox 114 2109 1413 2174; baseline 0.004 -22"><span class='ocrx_word' id='word_1_209' title='bbox 114 2110 344 2171; x_wconf 65' lang='lat' dir='ltr'>provinciae</span> <span class='ocrx_word' id='word_1_210' title='bbox 363 2127 378 2155; x_wconf 89' lang='lat'><em>:</em></span> <span class='ocrx_word' id='word_1_211' title='bbox 403 2111 506 2155; x_wconf 75' lang='lat' dir='ltr'>mihi</span> <span class='ocrx_word' id='word_1_212' title='bbox 524 2128 595 2155; x_wconf 84' lang='lat' dir='ltr'>nec</span> <span class='ocrx_word' id='word_1_213' title='bbox 602 2109 835 2168; x_wconf 80' lang='lat' dir='ltr'>facultates</span> <span class='ocrx_word' id='word_1_214' title='bbox 854 2145 867 2167; x_wconf 89' lang='lat'>‚</span> <span class='ocrx_word' id='word_1_215' title='bbox 899 2129 972 2156; x_wconf 82' lang='lat' dir='ltr'>nec</span> <span class='ocrx_word' id='word_1_216' title='bbox 985 2114 1278 2172; x_wconf 82' lang='lat' dir='ltr'>propinquitas</span> <span class='ocrx_word' id='word_1_217' title='bbox 1294 2130 1413 2174; x_wconf 75' lang='lat' dir='ltr'>geae-</span> 
     </span>
     <span class='ocr_line' id='line_1_29' title="bbox 123 2181 1413 2246; baseline 0.003 -22"><span class='ocrx_word' id='word_1_218' title='bbox 123 2183 182 2224; x_wconf 82' lang='lat' dir='ltr'>ris</span> <span class='ocrx_word' id='word_1_219' title='bbox 201 2181 388 2241; x_wconf 75' lang='lat' dir='ltr'>suppetit</span> <span class='ocrx_word' id='word_1_220' title='bbox 405 2216 420 2238; x_wconf 90' lang='lat'>‚</span> <span class='ocrx_word' id='word_1_221' title='bbox 444 2186 634 2243; x_wconf 79' lang='lat' dir='ltr'>quamvis</span> <span class='ocrx_word' id='word_1_222' title='bbox 662 2199 753 2229; x_wconf 82' lang='lat' dir='ltr'>ortu</span> <span class='ocrx_word' id='word_1_223' title='bbox 765 2183 852 2246; x_wconf 83' lang='lat' dir='ltr'>sim</span> <span class='ocrx_word' id='word_1_224' title='bbox 888 2184 1044 2230; x_wconf 80' lang='lat' dir='ltr'>nobilis</span> <span class='ocrx_word' id='word_1_225' title='bbox 1063 2220 1079 2241; x_wconf 86' lang='lat'><strong><em>,</em></strong></span> <span class='ocrx_word' id='word_1_226' title='bbox 1102 2201 1248 2246; x_wconf 70' lang='lat' dir='ltr'>praeter</span> <span class='ocrx_word' id='word_1_227' title='bbox 1273 2185 1413 2245; x_wconf 63' lang='lat' dir='ltr'>pestus</span> 
     </span>
     <span class='ocr_line' id='line_1_30' title="bbox 123 2254 1412 2317; baseline 0.004 -23"><span class='ocrx_word' id='word_1_228' title='bbox 123 2255 238 2296; x_wconf 83' lang='lat' dir='ltr'>omni</span> <span class='ocrx_word' id='word_1_229' title='bbox 264 2254 432 2299; x_wconf 79' lang='lat' dir='ltr'>liberum</span> <span class='ocrx_word' id='word_1_230' title='bbox 454 2270 563 2301; x_wconf 79' lang='lat' dir='ltr'>metu</span> <span class='ocrx_word' id='word_1_231' title='bbox 591 2272 608 2300; x_wconf 92' lang='grc'>.·</span> <span class='ocrx_word' id='word_1_232' title='bbox 651 2274 722 2301; x_wconf 85' lang='lat' dir='ltr'>nec</span> <span class='ocrx_word' id='word_1_233' title='bbox 742 2257 919 2315; x_wconf 82' lang='lat' dir='ltr'>pudebit</span> <span class='ocrx_word' id='word_1_234' title='bbox 945 2259 1233 2317; x_wconf 83' lang='lat' dir='ltr'>Imperatorem</span> <span class='ocrx_word' id='word_1_235' title='bbox 1268 2255 1412 2301; x_wconf 59' lang='lat' dir='ltr'>cunda</span> 
     </span>
     <span class='ocr_line' id='line_1_31' title="bbox 121 2325 1410 2389; baseline 0.002 -21"><span class='ocrx_word' id='word_1_236' title='bbox 121 2325 233 2368; x_wconf 83' lang='lat' dir='ltr'>bona</span> <span class='ocrx_word' id='word_1_237' title='bbox 262 2326 308 2368; x_wconf 81' lang='lat' dir='ltr'>in</span> <span class='ocrx_word' id='word_1_238' title='bbox 336 2327 470 2371; x_wconf 85' lang='lat' dir='ltr'>animi</span> <span class='ocrx_word' id='word_1_239' title='bbox 494 2330 605 2372; x_wconf 77' lang='lat' dir='ltr'>cultu</span> <span class='ocrx_word' id='word_1_240' title='bbox 629 2342 848 2387; x_wconf 80' lang='lat' dir='ltr'>ponentem</span> <span class='ocrx_word' id='word_1_241' title='bbox 870 2361 883 2384; x_wconf 89' lang='lat'>‚</span> <span class='ocrx_word' id='word_1_242' title='bbox 914 2329 1099 2387; x_wconf 84' lang='lat' dir='ltr'>profiteri</span> <span class='ocrx_word' id='word_1_243' title='bbox 1124 2343 1410 2389; x_wconf 75' lang='lat' dir='ltr'>paupertatem</span> 
     </span>
     <span class='ocr_line' id='line_1_32' title="bbox 125 2396 1414 2465; baseline 0 -21"><span class='ocrx_word' id='word_1_244' title='bbox 125 2396 344 2465; x_wconf 68' lang='lat' dir='ltr'>honestam.</span> <span class='ocrx_word' id='word_1_245' title='bbox 362 2400 478 2444; x_wconf 86' lang='lat' dir='ltr'>Nam</span> <span class='ocrx_word' id='word_1_246' title='bbox 509 2396 551 2445; x_wconf 68' lang='grc' dir='ltr'>δ’</span> <span class='ocrx_word' id='word_1_247' title='bbox 573 2401 754 2446; x_wconf 81' lang='lat' dir='ltr'>Fabricii</span> <span class='ocrx_word' id='word_1_248' title='bbox 765 2399 981 2459; x_wconf 81' lang='lat' dir='ltr'>familiari</span> <span class='ocrx_word' id='word_1_249' title='bbox 1009 2420 1047 2448; x_wconf 92' lang='lat' dir='ltr'>re</span> <span class='ocrx_word' id='word_1_250' title='bbox 1061 2419 1262 2463; x_wconf 79' lang='lat' dir='ltr'>pauperes</span> <span class='ocrx_word' id='word_1_251' title='bbox 1281 2416 1414 2445; x_wconf 72' lang='lat' dir='ltr'>rexere</span> 
     </span>
    </p>
   </div>
  </div>
 </body>
</html>
