1626 2917
305 78 527 172 ReRUM
561 77 900 127 GESTARUM
935 76 1041 123 LIB.
1073 75 1247 122 XXlV.
1370 91 1430 132 27

147 189 277 238 ruiffe
314 189 524 237 virtutem
547 222 563 245 ,
605 187 808 235 omnium
836 185 1116 234 confeffione
1142 183 1435 232 monstratur.

147 262 249 309 Post
270 261 480 309 timorem
501 261 751 324 depositum
769 297 784 317 ‚
804 259 1079 322 calcatasque
1114 259 1261 305 ruinas
1295 258 1437 306 hosti-

146 334 258 382 lium
293 351 540 398 corporum
561 370 574 392 ,
598 332 716 394 justo
752 331 962 396 sanguine
1001 331 1130 379 miles
1166 330 1300 377 etiam
1336 342 1437 377 tum

148 425 378 467 cruentus,
398 408 455 455 ad
469 407 755 471 inperatoris
775 405 973 455 tentoria
995 418 1290 470 congregatus
1305 440 1318 460 ,
1337 404 1436 450 lau-

147 483 224 530 des
242 483 283 529 ei
298 481 564 544 perhibebat
584 483 633 530 &
655 481 815 546 gratias
832 516 846 534 ‚
873 480 998 544 quod
1018 480 1246 543 ignoratus
1266 477 1437 542 ubique

146 556 242 603 dux
266 555 371 603 effet
395 574 450 604 an
470 556 596 603 miles
618 555 777 620 magis,
798 567 894 603 tum
913 555 974 601 ita
1000 571 1091 601 rem
1119 554 1329 616 prospere
1344 551 1438 616 ges-

145 629 258 678 serat
272 666 286 689 ,
307 624 375 689 ut,
394 632 515 679 caesis
536 630 761 677 Persarum
782 629 883 692 plus
902 628 1111 676 minusve
1133 627 1311 674 duobus
1335 626 1439 672 mil-

148 703 263 751 libus
295 705 345 751 &
376 703 635 768 quingentis
655 741 670 762 ‚
703 717 808 763 LXX
827 703 1035 750 caderent
1057 699 1139 747 soli
1162 700 1437 747 nostrorum.

147 776 245 837 Qui
277 777 504 839 appellans
531 774 770 841 plerosque
798 774 1067 840 'nominatim
1091 811 1106 833 ‚
1141 790 1259 838 quos
1296 772 1440 819 stabili

147 861 298 896 mente
321 849 491 913 aliquid
517 849 686 896 clarum
716 848 863 894 fecisse
886 848 976 909 ipse
998 848 1162 894 arbiter
1189 846 1440 909 perspexit,

148 919 385 967 navalibus
415 920 608 967 donavit
642 920 855 976 coronis,
885 920 936 966 δε
962 918 1148 976 civicis,
1168 919 1215 965 δέ
1247 917 1443 964 castren-

148 995 277 1041 fibus.
307 993 497 1040 Abunde
527 1005 647 1042 ratus
673 991 776 1056 post
808 992 902 1037 haec
933 990 1248 1053 prosperitates
1279 990 1443 1036 similes

149 1066 421 1126 adventare,
439 1065 697 1128 complures
724 1063 886 1110 hostias
921 1062 1057 1109 Marti
1089 1061 1271 1124 parabat
1300 1062 1443 1108 Ulto-

148 1140 187 1186 ri
209 1158 219 1186 ι
240 1141 300 1191 «δι
329 1156 385 1186 ex
417 1140 554 1186 tauris
586 1137 902 1203 pulcherrimis
935 1138 1089 1183 decem
1125 1137 1181 1183 ad
1212 1136 1302 1182 hoc
1339 1153 1443 1198 per-
1474 1158 1477 1159 ⁷

151 1213 315 1271 dutus,
347 1213 549 1259 nondum
577 1211 663 1259 aris
693 1211 863 1258 admoti
899 1210 1134 1257 voluntate
1165 1208 1239 1254 sua
1268 1224 1442 1254 novem

153 1285 439 1348 procubuere
459 1285 688 1332 tristiffimi
713 1302 724 1332 z
746 1283 944 1330 decimus
968 1298 1080 1328 vero
1095 1317 1105 1335 ,
1125 1282 1205 1345 qui
1235 1280 1444 1327 diffraffis

152 1358 350 1408 vinculis
383 1357 527 1421 lapsus
546 1392 560 1415 ‚
587 1373 702 1420 aegre
729 1355 935 1402 reduffixs
959 1353 1050 1411 est,
1084 1355 1297 1400 maelatus
1326 1353 1443 1399 omi-

154 1431 264 1478 nosa
293 1430 415 1495 signa
434 1429 717 1476 monstravit.
741 1426 922 1488 Quibus
937 1425 1059 1484 vifis,
1081 1425 1351 1473 exclamavit
1371 1425 1446 1470 in-

154 1507 361 1569 dignatus
394 1504 554 1551 acriter
584 1502 782 1551 Julianus
804 1536 817 1559 ,
847 1502 1095 1564 lovemque
1127 1500 1308 1546 testatus
1346 1498 1407 1544 est
1429 1534 1445 1556 ‚

153 1578 279 1626 nulla
308 1576 446 1624 Marti
476 1575 566 1637 jam
601 1574 721 1623 sacra
754 1573 1003 1621 failurum:
1041 1589 1125 1620 nee
1158 1571 1398 1619 resecravit
1427 1607 1444 1627 ,

156 1651 291 1710 celeri
321 1662 468 1698 morte
500 1660 761 1713 praereptus.

174 1768 202 1791 K,
220 1727 319 1771 V11.
346 1723 535 1787 Digesto
569 1723 718 1785 itaque
748 1720 941 1768 consilio
962 1737 1063 1768 cum
1086 1720 1350 1783 primatibus
1372 1718 1444 1765 su-

155 1803 235 1861 pe'r
263 1796 571 1860 Ctesiphontis
610 1796 788 1843 obsidio
811 1833 826 1855 ,
851 1797 962 1843 itum
992 1794 1055 1842 est
1086 1796 1133 1842 in
1158 1794 1446 1840 voluntatem

156 1870 466 1934 quorundam,
483 1869 653 1918 facinus
679 1870 824 1917 audax
844 1871 892 1917 δέ
914 1870 1225 1933 importunum
1243 1867 1328 1915 effe
1358 1882 1447 1912 no-

156 1942 372 1990 scentium
392 1942 438 1989 id
463 1942 641 2006 aggredi
665 1960 675 1990 :
701 1943 825 2006 quod
845 1944 894 1990 &
913 1942 1073 1990 civitas
1093 1940 1176 1987 situ
1196 1939 1293 2003 ipso
1313 1939 1444 1985 inex-

158 2013 412 2079 pugnabilis
440 2014 763 2062 defendebatur
780 2051 794 2073 ‚
817 2017 865 2062 &
895 2031 996 2062 cum
1022 2013 1259 2061 metuenda
1289 2011 1445 2058 multi-

158 2089 314 2136 tudine
333 2088 543 2151 protinus
562 2105 643 2136 rex
663 2088 802 2135 affore
824 2088 1097 2134 credebatur.
1118 2086 1241 2133 Vicit
1263 2084 1443 2131 senten·-

160 2161 224 2209 tia
257 2162 450 2209 melior:
485 2162 606 2225 cujus
645 2162 836 2209 utilitate
871 2161 1082 2224 Princeps
1125 2158 1444 2207 sollertiffimus

161 2234 430 2297 approbata,
453 2236 735 2283 Arinthaeum
766 2253 868 2283 cum
900 2251 1037 2282 manu
1068 2233 1268 2297 peditum
1300 2248 1441 2294 expe-

161 2307 253 2354 dita
281 2307 336 2354 ad
363 2309 639 2371 populandas
666 2308 871 2373 regiones
904 2307 1177 2357 circumsitas
1205 2307 1320 2354 misit
1337 2342 1351 2362 ‚
1372 2322 1444 2351 ar-

161 2381 324 2430 mentis
350 2381 468 2430 laetas
493 2385 542 2433 &
571 2382 771 2448 frugibus
787 2419 800 2444 ‚
823 2383 970 2432 hostes
993 2385 1088 2449 pari
1109 2384 1441 2448 persecuturum
