<?xml version="1.0" encoding="UTF-8"?>
<!DOCTYPE html PUBLIC "-//W3C//DTD XHTML 1.0 Transitional//EN"
    "http://www.w3.org/TR/xhtml1/DTD/xhtml1-transitional.dtd">
<html xmlns="http://www.w3.org/1999/xhtml" xml:lang="en" lang="en">
 <head>
  <title>
</title>
<meta http-equiv="Content-Type" content="text/html;charset=utf-8" />
  <meta name='ocr-system' content='tesseract 3.04.00' />
  <meta name='ocr-capabilities' content='ocr_page ocr_carea ocr_par ocr_line ocrx_word'/>
</head>
<body>
  <div class='ocr_page' id='page_1' title='image "./rerumgestarumqui00ammiuoft_0571.png"; bbox 0 0 1626 2917; ppageno 0'>
   <div class='ocr_carea' id='block_1_1' title="bbox 251 164 1391 226">
    <p class='ocr_par' dir='ltr' id='par_1_1' title="bbox 251 164 1391 226">
     <span class='ocr_line' id='line_1_1' title="bbox 251 164 1391 226; baseline -0.005 -12"><span class='ocrx_word' id='word_1_1' title='bbox 251 168 471 215; x_wconf 85' lang='lat' dir='ltr'>RERUM</span> <span class='ocrx_word' id='word_1_2' title='bbox 508 167 844 214; x_wconf 76' lang='lat' dir='ltr'>GESTARUM</span> <span class='ocrx_word' id='word_1_3' title='bbox 873 167 977 212; x_wconf 90' lang='lat' dir='ltr'>LIB.</span> <span class='ocrx_word' id='word_1_4' title='bbox 1013 164 1228 211; x_wconf 85' lang='lat' dir='ltr'>XXVIII.</span> <span class='ocrx_word' id='word_1_5' title='bbox 1304 177 1391 226; x_wconf 82' lang='lat'>137</span> 
     </span>
    </p>
   </div>
   <div class='ocr_carea' id='block_1_2' title="bbox 56 263 1403 2512">
    <p class='ocr_par' dir='ltr' id='par_1_2' title="bbox 56 263 1403 2512">
     <span class='ocr_line' id='line_1_2' title="bbox 112 263 1392 335; baseline -0.002 -16"><span class='ocrx_word' id='word_1_6' title='bbox 112 272 337 320; x_wconf 89' lang='lat' dir='ltr'>literarum</span> <span class='ocrx_word' id='word_1_7' title='bbox 374 291 473 320; x_wconf 90' lang='lat' dir='ltr'>cum</span> <span class='ocrx_word' id='word_1_8' title='bbox 512 273 654 335; x_wconf 81' lang='lat' dir='ltr'>ampla</span> <span class='ocrx_word' id='word_1_9' title='bbox 694 272 908 335; x_wconf 80' lang='lat' dir='ltr'>dignitate</span> <span class='ocrx_word' id='word_1_10' title='bbox 943 263 1151 318; x_wconf 81' lang='lat' dir='ltr'>dulcedo,</span> <span class='ocrx_word' id='word_1_11' title='bbox 1193 271 1392 333; x_wconf 84' lang='lat' dir='ltr'>Ideoque</span> 
     </span>
     <span class='ocr_line' id='line_1_3' title="bbox 110 340 1394 406; baseline -0.004 -15"><span class='ocrx_word' id='word_1_12' title='bbox 110 345 244 406; x_wconf 89' lang='lat' dir='ltr'>pedes</span> <span class='ocrx_word' id='word_1_13' title='bbox 270 346 359 393; x_wconf 94' lang='lat' dir='ltr'>huc</span> <span class='ocrx_word' id='word_1_14' title='bbox 380 347 428 393; x_wconf 68' lang='grc' dir='ltr'>ὅ(</span> <span class='ocrx_word' id='word_1_15' title='bbox 445 346 550 392; x_wconf 88' lang='lat' dir='ltr'>illuc</span> <span class='ocrx_word' id='word_1_16' title='bbox 577 344 837 391; x_wconf 79' lang='lat' dir='ltr'>exsultando</span> <span class='ocrx_word' id='word_1_17' title='bbox 862 356 1198 406; x_wconf 86' lang='lat' dir='ltr'>contorquens,</span> <span class='ocrx_word' id='word_1_18' title='bbox 1218 340 1394 398; x_wconf 81' lang='lat' dir='ltr'>saltare,</span> 
     </span>
     <span class='ocr_line' id='line_1_4' title="bbox 107 414 1394 474; baseline 0 -13"><span class='ocrx_word' id='word_1_19' title='bbox 107 433 204 462; x_wconf 89' lang='lat' dir='ltr'>non</span> <span class='ocrx_word' id='word_1_20' title='bbox 228 415 457 474; x_wconf 71' lang='lat' dir='ltr'>incedere,</span> <span class='ocrx_word' id='word_1_21' title='bbox 482 417 732 474; x_wconf 88' lang='lat' dir='ltr'>videbatur,</span> <span class='ocrx_word' id='word_1_22' title='bbox 754 417 860 464; x_wconf 90' lang='lat' dir='ltr'>dum</span> <span class='ocrx_word' id='word_1_23' title='bbox 880 415 1078 462; x_wconf 88' lang='lat' dir='ltr'>studebat</span> <span class='ocrx_word' id='word_1_24' title='bbox 1104 415 1220 462; x_wconf 90' lang='lat' dir='ltr'>inter</span> <span class='ocrx_word' id='word_1_25' title='bbox 1238 414 1394 462; x_wconf 82' lang='lat' dir='ltr'>altaria</span> 
     </span>
     <span class='ocr_line' id='line_1_5' title="bbox 100 486 1396 554; baseline -0.002 -18"><span class='ocrx_word' id='word_1_26' title='bbox 100 490 266 537; x_wconf 81' lang='lat' dir='ltr'>‘celsius</span> <span class='ocrx_word' id='word_1_27' title='bbox 299 489 546 554; x_wconf 84' lang='lat' dir='ltr'>gradientes</span> <span class='ocrx_word' id='word_1_28' title='bbox 567 525 582 546; x_wconf 86' lang='lat'>‚</span> <span class='ocrx_word' id='word_1_29' title='bbox 611 502 660 535; x_wconf 89' lang='lat' dir='ltr'>ut</span> <span class='ocrx_word' id='word_1_30' title='bbox 694 489 874 551; x_wconf 89' lang='lat' dir='ltr'>quidam</span> <span class='ocrx_word' id='word_1_31' title='bbox 918 501 1199 546; x_wconf 87' lang='lat' dir='ltr'>memorant,</span> <span class='ocrx_word' id='word_1_32' title='bbox 1226 486 1396 534; x_wconf 75' lang='lat' dir='ltr'>imitari</span> 
     </span>
     <span class='ocr_line' id='line_1_6' title="bbox 111 560 1398 624; baseline -0.001 -17"><span class='ocrx_word' id='word_1_33' title='bbox 111 560 416 609; x_wconf 87' lang='lat' dir='ltr'>Brachmanas.</span> <span class='ocrx_word' id='word_1_34' title='bbox 439 563 617 624; x_wconf 82' lang='lat' dir='ltr'>Jamque</span> <span class='ocrx_word' id='word_1_35' title='bbox 647 560 766 608; x_wconf 87' lang='lat' dir='ltr'>lituis</span> <span class='ocrx_word' id='word_1_36' title='bbox 794 561 983 607; x_wconf 88' lang='lat' dir='ltr'>cladium</span> <span class='ocrx_word' id='word_1_37' title='bbox 1016 560 1398 624; x_wconf 81' lang='lat' dir='ltr'>concrepantibus</span> 
     </span>
     <span class='ocr_line' id='line_1_7' title="bbox 112 632 1397 696; baseline -0.002 -16"><span class='ocrx_word' id='word_1_38' title='bbox 112 633 388 681; x_wconf 87' lang='lat' dir='ltr'>internarum</span> <span class='ocrx_word' id='word_1_39' title='bbox 410 669 423 691; x_wconf 90' lang='lat'>‚</span> <span class='ocrx_word' id='word_1_40' title='bbox 444 649 591 679; x_wconf 89' lang='lat' dir='ltr'>rerum</span> <span class='ocrx_word' id='word_1_41' title='bbox 626 632 860 679; x_wconf 85' lang='lat' dir='ltr'>atrocitate</span> <span class='ocrx_word' id='word_1_42' title='bbox 890 633 1172 696; x_wconf 86' lang='lat' dir='ltr'>torpentibus</span> <span class='ocrx_word' id='word_1_43' title='bbox 1198 633 1397 688; x_wconf 72' lang='lat' dir='ltr'>cunffis,</span> 
     </span>
     <span class='ocr_line' id='line_1_8' title="bbox 113 705 1399 771; baseline -0.002 -17"><span class='ocrx_word' id='word_1_44' title='bbox 113 722 277 771; x_wconf 83' lang='lat' dir='ltr'>praeter</span> <span class='ocrx_word' id='word_1_45' title='bbox 302 707 442 755; x_wconf 89' lang='lat' dir='ltr'>multa</span> <span class='ocrx_word' id='word_1_46' title='bbox 472 707 609 753; x_wconf 86' lang='lat' dir='ltr'>cruda</span> <span class='ocrx_word' id='word_1_47' title='bbox 641 708 690 753; x_wconf 88' lang='lat'>&amp;</span> <span class='ocrx_word' id='word_1_48' title='bbox 724 706 913 753; x_wconf 87' lang='lat' dir='ltr'>immitia</span> <span class='ocrx_word' id='word_1_49' title='bbox 931 741 943 763; x_wconf 87' lang='lat'><strong>,</strong></span> <span class='ocrx_word' id='word_1_50' title='bbox 969 723 1167 770; x_wconf 89' lang='lat' dir='ltr'>quorum</span> <span class='ocrx_word' id='word_1_51' title='bbox 1208 722 1291 752; x_wconf 90' lang='lat' dir='ltr'>nec</span> <span class='ocrx_word' id='word_1_52' title='bbox 1330 705 1399 752; x_wconf 88' lang='lat' dir='ltr'>di-</span> 
     </span>
     <span class='ocr_line' id='line_1_9' title="bbox 113 780 1398 845; baseline 0 -17"><span class='ocrx_word' id='word_1_53' title='bbox 113 783 298 830; x_wconf 78' lang='lat' dir='ltr'>versitas</span> <span class='ocrx_word' id='word_1_54' title='bbox 336 782 659 845; x_wconf 86' lang='lat' dir='ltr'>comprehendi</span> <span class='ocrx_word' id='word_1_55' title='bbox 689 799 772 829; x_wconf 87' lang='lat' dir='ltr'>nec</span> <span class='ocrx_word' id='word_1_56' title='bbox 805 799 1016 829; x_wconf 85' lang='lat' dir='ltr'>numerus</span> <span class='ocrx_word' id='word_1_57' title='bbox 1051 780 1196 845; x_wconf 83' lang='lat' dir='ltr'>potest</span> <span class='ocrx_word' id='word_1_58' title='bbox 1222 817 1235 839; x_wconf 93' lang='lat'>,</span> <span class='ocrx_word' id='word_1_59' title='bbox 1272 796 1398 828; x_wconf 87' lang='lat' dir='ltr'>mors</span> 
     </span>
     <span class='ocr_line' id='line_1_10' title="bbox 115 854 1400 917; baseline -0.001 -17"><span class='ocrx_word' id='word_1_60' title='bbox 115 854 283 901; x_wconf 86' lang='lat' dir='ltr'>Marini</span> <span class='ocrx_word' id='word_1_61' title='bbox 313 854 536 902; x_wconf 86' lang='lat' dir='ltr'>causarum</span> <span class='ocrx_word' id='word_1_62' title='bbox 573 854 817 901; x_wconf 84' lang='lat' dir='ltr'>defensoris</span> <span class='ocrx_word' id='word_1_63' title='bbox 853 854 1070 901; x_wconf 88' lang='lat' dir='ltr'>eminuit:</span> <span class='ocrx_word' id='word_1_64' title='bbox 1092 871 1223 917; x_wconf 88' lang='lat' dir='ltr'>quem</span> <span class='ocrx_word' id='word_1_65' title='bbox 1246 865 1295 900; x_wconf 90' lang='lat' dir='ltr'>ut</span> <span class='ocrx_word' id='word_1_66' title='bbox 1320 871 1400 900; x_wconf 90' lang='lat' dir='ltr'>au-</span> 
     </span>
     <span class='ocr_line' id='line_1_11' title="bbox 115 925 1399 990; baseline 0.001 -19"><span class='ocrx_word' id='word_1_67' title='bbox 115 925 208 973; x_wconf 90' lang='lat' dir='ltr'>sum</span> <span class='ocrx_word' id='word_1_68' title='bbox 246 926 504 990; x_wconf 82' lang='lat' dir='ltr'>Hispanillae</span> <span class='ocrx_word' id='word_1_69' title='bbox 537 925 760 986; x_wconf 81' lang='lat' dir='ltr'>cujusdam</span> <span class='ocrx_word' id='word_1_70' title='bbox 800 927 967 974; x_wconf 84' lang='lat' dir='ltr'>artibus</span> <span class='ocrx_word' id='word_1_71' title='bbox 996 927 1148 990; x_wconf 87' lang='lat' dir='ltr'>pravis</span> <span class='ocrx_word' id='word_1_72' title='bbox 1183 926 1399 974; x_wconf 61' lang='lat' dir='ltr'>affes&#39;tafl‘e</span> 
     </span>
     <span class='ocr_line' id='line_1_12' title="bbox 115 996 1400 1061; baseline 0 -17"><span class='ocrx_word' id='word_1_73' title='bbox 115 996 379 1061; x_wconf 87' lang='lat' dir='ltr'>conjugium</span> <span class='ocrx_word' id='word_1_74' title='bbox 399 1032 413 1054; x_wconf 95' lang='lat'>,</span> <span class='ocrx_word' id='word_1_75' title='bbox 443 996 719 1044; x_wconf 83' lang='lat' dir='ltr'>transeunter</span> <span class='ocrx_word' id='word_1_76' title='bbox 750 997 1021 1044; x_wconf 79' lang='lat' dir='ltr'>indiciorum</span> <span class='ocrx_word' id='word_1_77' title='bbox 1061 997 1147 1043; x_wconf 91' lang='lat' dir='ltr'>fide</span> <span class='ocrx_word' id='word_1_78' title='bbox 1181 997 1363 1044; x_wconf 78' lang='lat' dir='ltr'>discussa</span> <span class='ocrx_word' id='word_1_79' title='bbox 1382 1033 1400 1057; x_wconf 93' lang='lat'>‚</span> 
     </span>
     <span class='ocr_line' id='line_1_13' title="bbox 117 1070 1402 1133; baseline 0 -17"><span class='ocrx_word' id='word_1_80' title='bbox 117 1070 338 1133; x_wconf 85' lang='lat' dir='ltr'>supplicio</span> <span class='ocrx_word' id='word_1_81' title='bbox 357 1070 474 1116; x_wconf 88' lang='lat' dir='ltr'>letali</span> <span class='ocrx_word' id='word_1_82' title='bbox 497 1070 740 1116; x_wconf 88' lang='lat' dir='ltr'>damnavit.</span> <span class='ocrx_word' id='word_1_83' title='bbox 760 1072 814 1116; x_wconf 90' lang='lat' dir='ltr'>Et</span> <span class='ocrx_word' id='word_1_84' title='bbox 829 1070 1046 1132; x_wconf 88' lang='lat' dir='ltr'>quoniam</span> <span class='ocrx_word' id='word_1_85' title='bbox 1068 1070 1292 1126; x_wconf 81' lang='lat' dir='ltr'>existimo,</span> <span class='ocrx_word' id='word_1_86' title='bbox 1309 1070 1402 1117; x_wconf 90' lang='lat' dir='ltr'>for-</span> 
     </span>
     <span class='ocr_line' id='line_1_14' title="bbox 114 1140 1402 1204; baseline -0.001 -16"><span class='ocrx_word' id='word_1_87' title='bbox 114 1142 224 1188; x_wconf 72' lang='lat' dir='ltr'>sitan</span> <span class='ocrx_word' id='word_1_88' title='bbox 248 1140 421 1204; x_wconf 88' lang='lat' dir='ltr'>aliquos</span> <span class='ocrx_word' id='word_1_89' title='bbox 451 1140 549 1187; x_wconf 86' lang='lat' dir='ltr'>haec</span> <span class='ocrx_word' id='word_1_90' title='bbox 578 1140 796 1198; x_wconf 71' lang='lat' dir='ltr'>le6lur05‚</span> <span class='ocrx_word' id='word_1_91' title='bbox 816 1141 1032 1204; x_wconf 73' lang='lat' dir='ltr'>exquisite</span> <span class='ocrx_word' id='word_1_92' title='bbox 1051 1141 1287 1189; x_wconf 84' lang='lat' dir='ltr'>scrutando</span> <span class='ocrx_word' id='word_1_93' title='bbox 1309 1158 1402 1187; x_wconf 89' lang='lat' dir='ltr'>no-</span> 
     </span>
     <span class='ocr_line' id='line_1_15' title="bbox 113 1213 1402 1277; baseline 0.001 -16"><span class='ocrx_word' id='word_1_94' title='bbox 113 1227 228 1273; x_wconf 87' lang='lat' dir='ltr'>tare,</span> <span class='ocrx_word' id='word_1_95' title='bbox 250 1213 512 1277; x_wconf 75' lang='lat' dir='ltr'>strepente3‚</span> <span class='ocrx_word' id='word_1_96' title='bbox 531 1213 576 1260; x_wconf 92' lang='lat' dir='ltr'>id</span> <span class='ocrx_word' id='word_1_97' title='bbox 600 1214 743 1260; x_wconf 56' lang='lat' dir='ltr'>aslum</span> <span class='ocrx_word' id='word_1_98' title='bbox 764 1214 846 1260; x_wconf 77' lang='lat' dir='ltr'>effe</span> <span class='ocrx_word' id='word_1_99' title='bbox 867 1214 987 1276; x_wconf 88' lang='lat' dir='ltr'>prius</span> <span class='ocrx_word' id='word_1_100' title='bbox 1004 1250 1017 1272; x_wconf 92' lang='lat'>‚</span> <span class='ocrx_word' id='word_1_101' title='bbox 1039 1231 1133 1262; x_wconf 89' lang='lat' dir='ltr'>non</span> <span class='ocrx_word' id='word_1_102' title='bbox 1165 1214 1275 1261; x_wconf 90' lang='lat' dir='ltr'>illud</span> <span class='ocrx_word' id='word_1_103' title='bbox 1289 1250 1301 1272; x_wconf 93' lang='lat'>‚</span> <span class='ocrx_word' id='word_1_104' title='bbox 1322 1225 1402 1262; x_wconf 86' lang='lat' dir='ltr'>aut</span> 
     </span>
     <span class='ocr_line' id='line_1_16' title="bbox 114 1286 1401 1351; baseline 0 -17"><span class='ocrx_word' id='word_1_105' title='bbox 114 1304 193 1345; x_wconf 88' lang='lat' dir='ltr'>ea,</span> <span class='ocrx_word' id='word_1_106' title='bbox 207 1304 308 1351; x_wconf 83' lang='lat' dir='ltr'>quae</span> <span class='ocrx_word' id='word_1_107' title='bbox 330 1286 555 1344; x_wconf 81' lang='lat' dir='ltr'>viderint,</span> <span class='ocrx_word' id='word_1_108' title='bbox 575 1286 886 1350; x_wconf 79' lang='lat' dir='ltr'>praetermiffa:</span> <span class='ocrx_word' id='word_1_109' title='bbox 906 1287 1117 1334; x_wconf 62' lang='lat' dir='ltr'>hafimus</span> <span class='ocrx_word' id='word_1_110' title='bbox 1141 1286 1401 1334; x_wconf 79' lang='lat' dir='ltr'>faciendum</span> 
     </span>
     <span class='ocr_line' id='line_1_17' title="bbox 113 1358 1402 1422; baseline -0.002 -15"><span class='ocrx_word' id='word_1_111' title='bbox 113 1359 178 1407; x_wconf 86' lang='lat' dir='ltr'>est</span> <span class='ocrx_word' id='word_1_112' title='bbox 198 1359 298 1407; x_wconf 87' lang='lat' dir='ltr'>satis</span> <span class='ocrx_word' id='word_1_113' title='bbox 312 1395 324 1417; x_wconf 93' lang='lat'>‚</span> <span class='ocrx_word' id='word_1_114' title='bbox 344 1360 469 1422; x_wconf 88' lang='lat' dir='ltr'>quod</span> <span class='ocrx_word' id='word_1_115' title='bbox 488 1376 582 1405; x_wconf 91' lang='lat' dir='ltr'>non</span> <span class='ocrx_word' id='word_1_116' title='bbox 614 1360 766 1404; x_wconf 89' lang='lat' dir='ltr'>omnia</span> <span class='ocrx_word' id='word_1_117' title='bbox 795 1374 974 1405; x_wconf 87' lang='lat' dir='ltr'>narratu</span> <span class='ocrx_word' id='word_1_118' title='bbox 995 1358 1098 1405; x_wconf 78' lang='lat' dir='ltr'>¹sunt</span> <span class='ocrx_word' id='word_1_119' title='bbox 1116 1359 1245 1422; x_wconf 87' lang='lat' dir='ltr'>digna</span> <span class='ocrx_word' id='word_1_120' title='bbox 1265 1395 1278 1414; x_wconf 88' lang='lat'>‚</span> <span class='ocrx_word' id='word_1_121' title='bbox 1297 1376 1402 1422; x_wconf 75' lang='lat' dir='ltr'>quae</span> 
     </span>
     <span class='ocr_line' id='line_1_18' title="bbox 116 1429 1400 1494; baseline 0 -16"><span class='ocrx_word' id='word_1_122' title='bbox 116 1448 197 1494; x_wconf 88' lang='lat' dir='ltr'>per</span> <span class='ocrx_word' id='word_1_123' title='bbox 219 1430 435 1494; x_wconf 83' lang='lat' dir='ltr'>squalidas</span> <span class='ocrx_word' id='word_1_124' title='bbox 460 1430 667 1477; x_wconf 80' lang='lat' dir='ltr'>transiere</span> <span class='ocrx_word' id='word_1_125' title='bbox 699 1429 908 1492; x_wconf 87' lang='lat' dir='ltr'>personas</span> <span class='ocrx_word' id='word_1_126' title='bbox 932 1448 943 1477; x_wconf 80' lang='lat' dir='ltr'><strong><em>z</em></strong></span> <span class='ocrx_word' id='word_1_127' title='bbox 966 1447 1049 1477; x_wconf 89' lang='lat' dir='ltr'>nec</span> <span class='ocrx_word' id='word_1_128' title='bbox 1071 1431 1101 1476; x_wconf 90' lang='lat' dir='ltr'><strong>fi</strong></span> <span class='ocrx_word' id='word_1_129' title='bbox 1124 1429 1218 1476; x_wconf 85' lang='lat' dir='ltr'>fieri</span> <span class='ocrx_word' id='word_1_130' title='bbox 1252 1430 1400 1478; x_wconf 88' lang='lat' dir='ltr'>fuiffet</span> 
     </span>
     <span class='ocr_line' id='line_1_19' title="bbox 119 1503 1402 1567; baseline 0 -17"><span class='ocrx_word' id='word_1_131' title='bbox 119 1505 314 1563; x_wconf 76' lang='lat' dir='ltr'>necesse,</span> <span class='ocrx_word' id='word_1_132' title='bbox 341 1503 650 1550; x_wconf 70' lang='lat' dir='ltr'>instruffiones</span> <span class='ocrx_word' id='word_1_133' title='bbox 682 1504 756 1548; x_wconf 90' lang='lat' dir='ltr'>vel</span> <span class='ocrx_word' id='word_1_134' title='bbox 777 1520 832 1549; x_wconf 86' lang='lat' dir='ltr'>ex</span> <span class='ocrx_word' id='word_1_135' title='bbox 862 1503 962 1566; x_wconf 78' lang='lat' dir='ltr'>ipsis</span> <span class='ocrx_word' id='word_1_136' title='bbox 989 1503 1217 1550; x_wconf 86' lang='lat' dir='ltr'>tabulariis</span> <span class='ocrx_word' id='word_1_137' title='bbox 1234 1503 1402 1567; x_wconf 79' lang='lat' dir='ltr'>suppe-</span> 
     </span>
     <span class='ocr_line' id='line_1_20' title="bbox 118 1575 1403 1638; baseline 0 -16"><span class='ocrx_word' id='word_1_138' title='bbox 118 1587 262 1622; x_wconf 86' lang='lat' dir='ltr'>terent</span> <span class='ocrx_word' id='word_1_139' title='bbox 290 1576 483 1638; x_wconf 86' lang='lat' dir='ltr'>publicis</span> <span class='ocrx_word' id='word_1_140' title='bbox 501 1611 515 1634; x_wconf 94' lang='lat'><strong><em>‚</em></strong></span> <span class='ocrx_word' id='word_1_141' title='bbox 545 1587 613 1622; x_wconf 91' lang='lat' dir='ltr'>tot</span> <span class='ocrx_word' id='word_1_142' title='bbox 645 1575 887 1622; x_wconf 89' lang='lat' dir='ltr'>calentibus</span> <span class='ocrx_word' id='word_1_143' title='bbox 916 1575 1040 1623; x_wconf 87' lang='lat' dir='ltr'>malis</span> <span class='ocrx_word' id='word_1_144' title='bbox 1062 1611 1075 1633; x_wconf 95' lang='lat'>,</span> <span class='ocrx_word' id='word_1_145' title='bbox 1092 1578 1143 1624; x_wconf 86' lang='lat'>&amp;</span> <span class='ocrx_word' id='word_1_146' title='bbox 1164 1593 1294 1624; x_wconf 91' lang='lat' dir='ltr'>novo</span> <span class='ocrx_word' id='word_1_147' title='bbox 1325 1575 1403 1623; x_wconf 68' lang='lat' dir='ltr'>fii-²</span> 
     </span>
     <span class='ocr_line' id='line_1_21' title="bbox 117 1648 1400 1698; baseline 0.001 -2"><span class='ocrx_word' id='word_1_148' title='bbox 117 1656 229 1696; x_wconf 86' lang='lat' dir='ltr'>rore</span> <span class='ocrx_word' id='word_1_149' title='bbox 259 1650 348 1696; x_wconf 91' lang='lat' dir='ltr'>fine</span> <span class='ocrx_word' id='word_1_150' title='bbox 383 1649 636 1696; x_wconf 83' lang='lat' dir='ltr'>retinaculis</span> <span class='ocrx_word' id='word_1_151' title='bbox 681 1648 778 1695; x_wconf 89' lang='lat' dir='ltr'>imis</span> <span class='ocrx_word' id='word_1_152' title='bbox 813 1648 978 1696; x_wconf 87' lang='lat' dir='ltr'>summa</span> <span class='ocrx_word' id='word_1_153' title='bbox 1011 1649 1257 1698; x_wconf 87' lang='lat' dir='ltr'>miscente:</span> <span class='ocrx_word' id='word_1_154' title='bbox 1294 1668 1400 1697; x_wconf 88' lang='lat' dir='ltr'>cum</span> 
     </span>
     <span class='ocr_line' id='line_1_22' title="bbox 116 1720 1402 1784; baseline 0 -17"><span class='ocrx_word' id='word_1_155' title='bbox 116 1720 334 1784; x_wconf 77' lang='lat' dir='ltr'>justitium</span> <span class='ocrx_word' id='word_1_156' title='bbox 354 1721 462 1777; x_wconf 86' lang='lat' dir='ltr'>effe,</span> <span class='ocrx_word' id='word_1_157' title='bbox 487 1721 612 1784; x_wconf 91' lang='lat' dir='ltr'>quod</span> <span class='ocrx_word' id='word_1_158' title='bbox 632 1721 893 1779; x_wconf 87' lang='lat' dir='ltr'>timebatur,</span> <span class='ocrx_word' id='word_1_159' title='bbox 915 1737 1007 1768; x_wconf 92' lang='lat' dir='ltr'>non</span> <span class='ocrx_word' id='word_1_160' title='bbox 1031 1720 1245 1783; x_wconf 87' lang='lat' dir='ltr'>judicium</span> <span class='ocrx_word' id='word_1_161' title='bbox 1268 1738 1402 1784; x_wconf 85' lang='lat' dir='ltr'>aper-</span> 
     </span>
     <span class='ocr_line' id='line_1_23' title="bbox 118 1792 1400 1856; baseline 0.001 -16"><span class='ocrx_word' id='word_1_162' title='bbox 118 1806 162 1840; x_wconf 88' lang='lat' dir='ltr'>te</span> <span class='ocrx_word' id='word_1_163' title='bbox 192 1793 427 1841; x_wconf 86' lang='lat' dir='ltr'>constaret.</span> <span class='ocrx_word' id='word_1_164' title='bbox 452 1794 584 1840; x_wconf 89' lang='lat' dir='ltr'>Tunc</span> <span class='ocrx_word' id='word_1_165' title='bbox 609 1793 829 1856; x_wconf 89' lang='lat' dir='ltr'>Cethegus</span> <span class='ocrx_word' id='word_1_166' title='bbox 865 1792 1042 1839; x_wconf 88' lang='lat' dir='ltr'>senator</span> <span class='ocrx_word' id='word_1_167' title='bbox 1073 1793 1275 1840; x_wconf 87' lang='lat' dir='ltr'>adulterii</span> <span class='ocrx_word' id='word_1_168' title='bbox 1296 1811 1400 1842; x_wconf 80' lang='lat' dir='ltr'>reus</span> 
     </span>
     <span class='ocr_line' id='line_1_24' title="bbox 120 1866 1402 1931; baseline 0.001 -17"><span class='ocrx_word' id='word_1_169' title='bbox 120 1867 291 1914; x_wconf 88' lang='lat' dir='ltr'>delatus</span> <span class='ocrx_word' id='word_1_170' title='bbox 309 1902 323 1925; x_wconf 94' lang='lat'>,</span> <span class='ocrx_word' id='word_1_171' title='bbox 356 1866 535 1914; x_wconf 89' lang='lat' dir='ltr'>cervice</span> <span class='ocrx_word' id='word_1_172' title='bbox 566 1867 695 1929; x_wconf 87' lang='lat' dir='ltr'>periit</span> <span class='ocrx_word' id='word_1_173' title='bbox 719 1866 895 1914; x_wconf 76' lang='lat' dir='ltr'>abscissa</span> <span class='ocrx_word' id='word_1_174' title='bbox 910 1903 924 1925; x_wconf 96' lang='lat'>,</span> <span class='ocrx_word' id='word_1_175' title='bbox 943 1868 991 1915; x_wconf 87' lang='lat'>&amp;</span> <span class='ocrx_word' id='word_1_176' title='bbox 1010 1866 1201 1931; x_wconf 87' lang='lat' dir='ltr'>Alypius</span> <span class='ocrx_word' id='word_1_177' title='bbox 1230 1868 1402 1915; x_wconf 83' lang='lat' dir='ltr'>nobilis</span> 
     </span>
     <span class='ocr_line' id='line_1_25' title="bbox 120 1940 1400 2005; baseline 0 -17"><span class='ocrx_word' id='word_1_178' title='bbox 120 1940 376 1988; x_wconf 84' lang='lat' dir='ltr'>adolescens</span> <span class='ocrx_word' id='word_1_179' title='bbox 395 1976 408 1998; x_wconf 90' lang='lat'>‚</span> <span class='ocrx_word' id='word_1_180' title='bbox 440 1941 502 1987; x_wconf 92' lang='lat' dir='ltr'>ob</span> <span class='ocrx_word' id='word_1_181' title='bbox 538 1940 685 1987; x_wconf 90' lang='lat' dir='ltr'>levem</span> <span class='ocrx_word' id='word_1_182' title='bbox 731 1940 948 2004; x_wconf 85' lang='lat' dir='ltr'>relegatus</span> <span class='ocrx_word' id='word_1_183' title='bbox 977 1955 1175 1986; x_wconf 85' lang='lat' dir='ltr'>errorem</span> <span class='ocrx_word' id='word_1_184' title='bbox 1194 1975 1209 1998; x_wconf 86' lang='lat'>‚</span> <span class='ocrx_word' id='word_1_185' title='bbox 1235 1940 1400 2005; x_wconf 83' lang='lat' dir='ltr'>aliique</span> 
     </span>
     <span class='ocr_line' id='line_1_26' title="bbox 121 2011 1400 2075; baseline 0.002 -17"><span class='ocrx_word' id='word_1_186' title='bbox 121 2012 310 2058; x_wconf 88' lang='lat' dir='ltr'>humiles</span> <span class='ocrx_word' id='word_1_187' title='bbox 340 2011 519 2074; x_wconf 88' lang='lat' dir='ltr'>publica</span> <span class='ocrx_word' id='word_1_188' title='bbox 551 2024 697 2059; x_wconf 87' lang='lat' dir='ltr'>morte</span> <span class='ocrx_word' id='word_1_189' title='bbox 733 2011 1055 2074; x_wconf 86' lang='lat' dir='ltr'>oppetiverunt</span> <span class='ocrx_word' id='word_1_190' title='bbox 1081 2028 1092 2057; x_wconf 91' lang='lat'><strong>:</strong></span> <span class='ocrx_word' id='word_1_191' title='bbox 1120 2011 1167 2057; x_wconf 91' lang='lat' dir='ltr'>in</span> <span class='ocrx_word' id='word_1_192' title='bbox 1199 2029 1400 2075; x_wconf 86' lang='lat' dir='ltr'>quorum</span> 
     </span>
     <span class='ocr_line' id='line_1_27' title="bbox 121 2081 1399 2147; baseline 0.001 -16"><span class='ocrx_word' id='word_1_193' title='bbox 121 2085 306 2132; x_wconf 87' lang='lat' dir='ltr'>miseriis</span> <span class='ocrx_word' id='word_1_194' title='bbox 332 2081 453 2132; x_wconf 79' lang='lat' dir='ltr'>velut</span> <span class='ocrx_word' id='word_1_195' title='bbox 479 2084 542 2131; x_wconf 87' lang='lat' dir='ltr'>sui</span> <span class='ocrx_word' id='word_1_196' title='bbox 571 2084 754 2147; x_wconf 87' lang='lat' dir='ltr'>quisque</span> <span class='ocrx_word' id='word_1_197' title='bbox 782 2083 1049 2131; x_wconf 82' lang='lat' dir='ltr'>discriminis</span> <span class='ocrx_word' id='word_1_198' title='bbox 1077 2101 1263 2132; x_wconf 89' lang='lat' dir='ltr'>cernens</span> <span class='ocrx_word' id='word_1_199' title='bbox 1283 2085 1399 2132; x_wconf 82' lang='lat' dir='ltr'>ima-</span> 
     </span>
     <span class='ocr_line' id='line_1_28' title="bbox 56 2156 1400 2220; baseline 0.001 -18"><span class='ocrx_word' id='word_1_200' title='bbox 56 2164 59 2167; x_wconf 83' lang='lat'>&#39;</span> <span class='ocrx_word' id='word_1_201' title='bbox 124 2157 271 2220; x_wconf 84' lang='lat' dir='ltr'>ginem</span> <span class='ocrx_word' id='word_1_202' title='bbox 289 2193 301 2215; x_wconf 93' lang='lat'>,</span> <span class='ocrx_word' id='word_1_203' title='bbox 319 2170 540 2204; x_wconf 86' lang='lat' dir='ltr'>tortorem</span> <span class='ocrx_word' id='word_1_204' title='bbox 565 2158 615 2204; x_wconf 88' lang='lat'>&amp;</span> <span class='ocrx_word' id='word_1_205' title='bbox 635 2156 816 2204; x_wconf 88' lang='lat' dir='ltr'>vincula</span> <span class='ocrx_word' id='word_1_206' title='bbox 838 2156 1085 2204; x_wconf 87' lang='lat' dir='ltr'>somniabat</span> <span class='ocrx_word' id='word_1_207' title='bbox 1109 2160 1158 2205; x_wconf 89' lang='lat'>&amp;</span> <span class='ocrx_word' id='word_1_208' title='bbox 1189 2158 1400 2205; x_wconf 85' lang='lat' dir='ltr'>diverso-</span> 
     </span>
     <span class='ocr_line' id='line_1_29' title="bbox 123 2229 1397 2295; baseline 0.002 -21"><span class='ocrx_word' id='word_1_209' title='bbox 123 2229 188 2275; x_wconf 86' lang='lat' dir='ltr'>ria</span> <span class='ocrx_word' id='word_1_210' title='bbox 228 2230 527 2277; x_wconf 86' lang='lat' dir='ltr'>tenebrarum.</span> <span class='ocrx_word' id='word_1_211' title='bbox 563 2229 733 2275; x_wconf 87' lang='lat' dir='ltr'>Eodem</span> <span class='ocrx_word' id='word_1_212' title='bbox 773 2242 978 2292; x_wconf 87' lang='lat' dir='ltr'>tempore</span> <span class='ocrx_word' id='word_1_213' title='bbox 1011 2230 1143 2276; x_wconf 87' lang='lat' dir='ltr'>etiam</span> <span class='ocrx_word' id='word_1_214' title='bbox 1189 2229 1397 2295; x_wconf 81' lang='lat' dir='ltr'>Hymetii</span> 
     </span>
     <span class='ocr_line' id='line_1_30' title="bbox 123 2300 1399 2364; baseline 0.002 -19"><span class='ocrx_word' id='word_1_215' title='bbox 123 2300 346 2362; x_wconf 83' lang='lat' dir='ltr'>praeclarae</span> <span class='ocrx_word' id='word_1_216' title='bbox 371 2302 537 2348; x_wconf 88' lang='lat' dir='ltr'>indolis</span> <span class='ocrx_word' id='word_1_217' title='bbox 557 2301 642 2347; x_wconf 85' lang='lat' dir='ltr'>viri</span> <span class='ocrx_word' id='word_1_218' title='bbox 667 2300 894 2364; x_wconf 86' lang='lat' dir='ltr'>negotium</span> <span class='ocrx_word' id='word_1_219' title='bbox 916 2301 975 2347; x_wconf 86' lang='lat' dir='ltr'>est</span> <span class='ocrx_word' id='word_1_220' title='bbox 993 2301 1217 2348; x_wconf 60' lang='lat' dir='ltr'>actitatum</span> <span class='ocrx_word' id='word_1_221' title='bbox 1243 2320 1253 2347; x_wconf 91' lang='lat'>:</span> <span class='ocrx_word' id='word_1_222' title='bbox 1275 2301 1399 2362; x_wconf 87' lang='lat' dir='ltr'>cujus</span> 
     </span>
     <span class='ocr_line' id='line_1_31' title="bbox 112 2372 1399 2436; baseline -0.001 -17"><span class='ocrx_word' id='word_1_223' title='bbox 112 2373 245 2420; x_wconf 67' lang='lat' dir='ltr'>‘hunc</span> <span class='ocrx_word' id='word_1_224' title='bbox 274 2372 398 2420; x_wconf 81' lang='lat' dir='ltr'>fuiffe</span> <span class='ocrx_word' id='word_1_225' title='bbox 428 2374 639 2420; x_wconf 89' lang='lat' dir='ltr'>novimus</span> <span class='ocrx_word' id='word_1_226' title='bbox 672 2386 863 2421; x_wconf 84' lang='lat' dir='ltr'>textum.</span> <span class='ocrx_word' id='word_1_227' title='bbox 896 2374 1014 2420; x_wconf 90' lang='lat' dir='ltr'>Cum</span> <span class='ocrx_word' id='word_1_228' title='bbox 1055 2374 1252 2421; x_wconf 88' lang='lat' dir='ltr'>Africam</span> <span class='ocrx_word' id='word_1_229' title='bbox 1284 2389 1399 2436; x_wconf 86' lang='lat' dir='ltr'>pro-</span> 
     </span>
     <span class='ocr_line' id='line_1_32' title="bbox 124 2444 1398 2512; baseline 0 -18"><span class='ocrx_word' id='word_1_230' title='bbox 124 2445 310 2494; x_wconf 85' lang='lat' dir='ltr'>consule</span> <span class='ocrx_word' id='word_1_231' title='bbox 328 2458 516 2512; x_wconf 87' lang='lat' dir='ltr'>regeret‚</span> <span class='ocrx_word' id='word_1_232' title='bbox 535 2445 964 2511; x_wconf 76' lang='lat' dir='ltr'>Carthaginiensibus</span> <span class='ocrx_word' id='word_1_233' title='bbox 980 2446 1124 2497; x_wconf 62' lang='lat' dir='ltr'>victus</span> <span class='ocrx_word' id='word_1_234' title='bbox 1142 2445 1295 2509; x_wconf 90' lang='lat' dir='ltr'>inopia</span> <span class='ocrx_word' id='word_1_235' title='bbox 1307 2444 1398 2508; x_wconf 84' lang='lat' dir='ltr'>jam</span> 
     </span>
    </p>
   </div>
  </div>
 </body>
</html>
