1626 2917
227 178 279 210 to
432 161 758 213 AMMIANI
795 161 1269 208 MARCELLINI

218 270 385 316 duntur
415 286 534 316 nunc
558 269 697 332 usque
729 281 1030 326 commeatus,
1058 268 1261 315 distribui
1282 267 1497 315 militibus

217 358 354 392 omne
385 341 499 389 latus
533 340 706 387 Isauriae
739 339 1079 387 defendentibus
1100 340 1265 388 assueti.
1291 340 1499 387 Circum·

215 413 371 460 stetere
412 412 547 475 igitur
587 414 677 460 hoc
718 412 1047 460 munimentum
1092 430 1171 475 per
1208 412 1405 460 triduum
1448 414 1501 460 &

215 485 508 534 trinoctium:
536 487 585 534 ὅ(
606 502 711 532 cum
739 501 883 549 neque
913 485 1143 533 acclivitas
1169 485 1261 548 ipsa
1290 485 1379 531 sine
1409 484 1500 531 dis-

215 558 403 608 crimine
440 557 552 605 adiri
590 557 737 616 letali,
770 575 852 605 nec
883 557 1101 606 cuniculis
1129 560 1370 624 quidquam
1406 557 1500 622 geri

217 632 392 696 posset,
426 648 511 678 nec
547 631 820 695 procedebat
859 631 1001 679 ullum
1046 631 1326 680 obsidionale
1368 649 1502 680 com·

211 722 416 772 mentum
439 725 450 754 ι
486 709 635 758 moesti
663 710 916 768 excedunt,
945 710 1166 775 postrema
1194 711 1242 760 vi
1271 709 1508 776 subigente*

210 783 385 845 majora
415 782 590 831 viribus
623 783 872 848 aggressuri.
903 783 1098 830 Proinde
1130 797 1352 848 concepta
1383 784 1500 831 rabie

212 856 435 914 saeviore‚
472 872 604 920 quam
653 856 902 919 desperatio
945 856 1212 903 incendebat
1250 858 1299 904 &
1338 856 1502 912 fameS‚

215 929 496 993 amplificatis
528 929 705 976 viribus
736 929 900 975 ardore
927 929 1164 978 incohibili
1194 929 1241 976 in
1275 930 1502 978 excidium

213 1004 393 1052 urbium
418 1002 571 1050 matris
591 1002 804 1050 Seleuciae
826 1002 1122 1050 efferebantur
1137 1038 1151 1060 ,
1171 1019 1305 1065 quam
1332 1003 1504 1049 Comes

176 1118 180 1120 ,
214 1077 421 1124 tuebatur
445 1074 713 1134 Castricius,
737 1074 910 1138 tresque
939 1075 1142 1138 legiones
1167 1074 1338 1123 bellicis
1365 1075 1502 1122 sudo-

215 1149 336 1196 ribus
360 1148 590 1195 induratae.
614 1149 791 1194 Horum
821 1148 1070 1194 adventum
1095 1147 1310 1210 praedocti
1343 1147 1503 1210 specu-
1546 1172 1549 1175 ·

216 1221 459 1269 lationibus
493 1219 589 1268 fidis
618 1223 810 1268 reciores
840 1222 1062 1279 militum,
1091 1221 1244 1268 tessera
1280 1221 1380 1267 data
1414 1221 1503 1267 sol-

216 1294 380 1353 lemni,
399 1305 594 1340 armatos
624 1310 782 1340 omnes
804 1293 936 1342 celeri
961 1295 1154 1341 eduxere
1181 1292 1427 1357 procursu:
1453 1295 1505 1340 &

218 1367 395 1431 agiliter
425 1365 658 1428 praeterito
690 1366 921 1413 Calicadni
953 1366 1150 1414 fluminis
1179 1379 1344 1430 ponte,
1374 1366 1505 1426 cujus

216 1441 436 1488 undarum
460 1440 728 1504 magnitudo
750 1457 986 1486 murorum
1007 1440 1131 1486 alluit
1151 1455 1295 1487 turres
1310 1475 1323 1499 ,
1342 1439 1387 1485 in
1407 1439 1504 1501 spe-

217 1514 332 1562 ciem
376 1513 590 1561 locavere
629 1513 870 1576 pugnandi.
912 1513 1073 1576 Neque
1120 1525 1269 1560 tamen
1308 1512 1505 1560 exsilivit

218 1586 482 1650 quisquam,
511 1603 594 1634 nec
619 1586 852 1649 permissus
873 1585 935 1632 est
961 1586 1187 1650 congredi.
1219 1585 1504 1632 Formidaba-

219 1672 291 1707 tur
317 1659 435 1706 enim
468 1658 659 1722 flagrans
691 1658 872 1706 vesania
896 1676 1076 1715 manus,
1109 1661 1159 1706 &
1195 1658 1397 1721 superior
1423 1677 1504 1706 nu-

159 1728 162 1737 ’
217 1747 377 1787 mero,
411 1732 460 1777 &
490 1729 658 1775 ruitura
692 1729 783 1775 fine
818 1728 1014 1791 respeEiu
1051 1728 1201 1776 salutis
1233 1730 1281 1776 in
1316 1729 1504 1777 ferrum.

221 1802 330 1849 Viso
363 1802 516 1865 itaque
542 1801 771 1849 excercitu
799 1799 988 1865 procul,
1007 1801 1250 1866 auditoque
1281 1802 1504 1851 liticinum

220 1887 352 1925 cantu
368 1911 389 1935 ‚‚
405 1874 600 1937 represso
630 1876 767 1938 gradu
797 1891 1037 1937 parumper
1057 1873 1212 1921 stetere
1234 1876 1470 1937 praedones
1489 1893 1503 1923 τ

219 1947 578 2011 exsertantesque
594 1947 788 1994 minaces
806 1948 1004 2012 gladios,
1024 1946 1175 2010 postea
1194 1947 1357 1993 lentius
1376 1947 1503 1995 ince-

220 2024 398 2069 debant.
431 2021 597 2086 quibus
626 2037 867 2069 occurrere
896 2023 1010 2069 bene
1040 2021 1247 2083 pertinax
1274 2022 1399 2068 miles
1425 2038 1502 2068 ex-

219 2095 396 2161 plicatis
433 2094 668 2141 ordinibus
705 2111 892 2158 parans‚
926 2093 1144 2158 hastisque
1180 2094 1343 2142 feriens
1383 2095 1504 2142 scuta

223 2169 343 2235 (qui
370 2167 546 2215 habitus
582 2168 692 2215 iram
725 2169 1020 2233 pugnantium
1059 2168 1258 2216 concitat
1289 2171 1339 2216 &
1369 2169 1503 2216 dolo-

221 2242 342 2307 rem)
366 2242 601 2305 proximos
623 2242 709 2304 jam
739 2243 860 2306 gestu
882 2243 1086 2290 terrebat.
1118 2243 1203 2289 Sed
1223 2259 1322 2289 eum
1343 2242 1390 2289 in
1409 2260 1504 2290 cer-

221 2328 371 2364 tamen
390 2314 593 2361 alacriter
613 2315 957 2378 consurgentem
975 2332 1251 2363 revocavere
1269 2316 1502 2374 ductores,

224 2390 310 2437 rati
341 2389 732 2451 intempestivum,
752 2405 914 2451 anceps
943 2389 1084 2436 subire
1114 2401 1334 2435 certamen
1352 2421 1371 2443 ,
1398 2406 1504 2435 cum

225 2462 344 2511 haud
371 2461 510 2527 longe
535 2461 651 2510 muri
679 2460 910 2522 distarent,
927 2477 1121 2526 quorum
1141 2461 1278 2508 tutela
1295 2460 1507 2510 securitas
