1626 2917
183 198 271 260 328
386 197 1260 246 AMM1AN1MARCELL1N1

176 306 259 368 giis
286 305 341 351 ad
372 304 616 352 certamina
640 303 922 352 interneciva
943 305 1161 368 prolapsis
1179 342 1192 362 ,
1224 305 1471 370 dirutisque

177 378 408 424 moenibus
428 412 441 433 ‚
462 376 604 423 amifit
635 377 831 440 regionis
859 378 1100 425 maximam
1131 392 1298 441 partem
1319 416 1333 438 ,
1366 397 1470 443 quae

176 448 413 496 Bruchion
431 449 758 511 appellabatur,
783 449 1046 496 diuturnum
1067 453 1364 513 praestantium
1385 453 1471 499 ho-

176 520 351 568 minum
373 521 670 569 domicilium.
698 522 832 570 Unde
854 522 1138 572 Aristarchus
1170 527 1475 589 grammaticae

175 594 240 639 rei
270 594 404 640 donis
428 593 682 651 excellens,
717 595 767 642 &
798 595 1089 642 Herodianus
1118 598 1279 645 artium
1317 599 1471 645 minu-

173 666 364 713 tiffimus
398 666 645 714 sciscitator
666 703 681 726 ‚
714 670 764 715 &
801 669 959 715 Saccas
996 670 1270 716 Ammonius
1299 670 1473 719 Plotini

174 740 414 803 magister,
447 741 613 803 aliique
640 741 825 804 plurimi
866 741 1107 804 scriptores
1138 744 1389 790 multorum
1423 744 1475 791 in

174 813 317 861 literis
340 815 566 862 nobilium
596 815 845 861 studiorum
871 833 882 862 :
916 816 1034 862 inter
1060 833 1176 880 quos
1206 818 1475 865 Chalcente-

175 902 252 934 rus
283 886 472 933 eminuit
492 887 759 952 Didymus,
786 888 1049 950 multiplicis
1080 888 1278 936 scientiae
1301 889 1479 952 scriptis

174 958 486 1006 memorabilis
512 960 630 1022 :qui
656 960 703 1006 in
735 960 822 1007 illis
853 961 925 1007 sex
956 961 1081 1006 libris
1102 996 1115 1017 ‚
1147 962 1225 1008 ubi
1254 978 1476 1008 nonnun-

174 1049 314 1096 quam
336 1032 593 1095 imperfecte
612 1034 816 1082 Tullium
836 1035 1149 1097 reprehendit,
1174 1035 1480 1098 fillographos

175 1104 378 1152 imitatus
418 1106 661 1169 scriptores
698 1107 985 1165 maledicos‘,
1026 1107 1201 1168 judicio
1242 1109 1478 1156 doctarum.

174 1179 354 1226 aurium
383 1179 611 1226 incusatur
634 1216 648 1237 ‚
681 1194 731 1226 ut
758 1181 970 1227 immania
1000 1180 1264 1228 frementem
1294 1182 1478 1232 leonem

173 1253 425 1315 putredulis
455 1253 652 1300 vocibus
681 1272 819 1301 canus
856 1255 1029 1302 catulus
1063 1255 1242 1318 longius
1279 1256 1475 1302 circum-

173 1326 354 1374 latrans.
371 1329 426 1373 Et
439 1345 713 1391 quamquam
736 1341 912 1376 veteres
933 1346 1033 1376 cum
1063 1329 1115 1374 iis
1130 1361 1144 1383 ,
1164 1347 1362 1391 quorum
1386 1346 1477 1376 me·

173 1400 318 1458 mini,
340 1399 536 1448 floruere
566 1401 826 1463 complures
843 1437 857 1459 ‚
875 1413 1026 1448 tamen
1061 1419 1116 1447 ne
1148 1419 1270 1448 nunc
1292 1402 1479 1465 quidem

176 1472 225 1519 in
257 1474 412 1520 eadem
440 1475 551 1522 urbe
579 1475 799 1522 doctrinae
831 1475 970 1522 variae
1004 1475 1164 1522 silent:
1195 1492 1297 1522 nam
1327 1477 1377 1523 &
1410 1474 1477 1520 di·

175 1546 468 1609 sciplinarum
502 1548 698 1612 magistri
725 1548 1070 1612 quodammodo
1098 1547 1294 1610 spirant,
1315 1548 1365 1595 &
1395 1564 1478 1595 nu-

177 1621 307 1666 datur
332 1621 396 1667 ibi
420 1621 708 1686 geometrico
743 1621 871 1668 radio
888 1657 903 1679 ,
933 1621 1155 1684 quidquid
1183 1621 1476 1670 reconditum

176 1690 313 1750 latet,
342 1693 639 1756 nondumque
673 1692 791 1755 apud
822 1709 902 1738 eos
929 1692 1108 1754 penitus
1139 1691 1316 1738 exaruit
1343 1690 1478 1737 musi-

181 1780 234 1810 ca
249 1800 263 1822 ‚
283 1781 367 1810 nec
392 1764 627 1812 harmonia
657 1765 883 1812 conticuit
903 1801 919 1822 ,
949 1766 998 1812 &
1019 1764 1183 1811 recalet
1200 1765 1317 1826 apud
1336 1763 1478 1828 quos-

177 1837 280 1884 dam
298 1837 469 1896 adhuc,
490 1837 598 1885 licet
615 1854 740 1884 raros
756 1873 770 1895 ,
793 1836 1098 1884 confideratio
1121 1835 1338 1882 mundani
1359 1852 1465 1882 mo-

135 1943 139 1948 ·
180 1922 255 1956 tus
282 1912 332 1961 &
361 1911 576 1969 siderum,
596 1910 808 1973 doffique
837 1909 936 1957 sunt
964 1925 1180 1956 numeros
1206 1908 1327 1954 haud
1360 1925 1476 1970 pau-

181 1983 258 2031 ci:
285 1984 502 2047 superbis
534 1985 764 2035 scientiam
793 1985 985 2042 callent,
1014 2002 1115 2048 quae
1147 1982 1347 2030 fatorum
1380 1983 1481 2030 vias.

180 2057 392 2106 ostendit.
425 2059 665 2107 Medicinae
705 2072 852 2106 autem
871 2094 885 2118 ‚
921 2057 1049 2119 cujus
1077 2058 1124 2103 in
1151 2058 1235 2104 hac
1265 2057 1362 2102 vita
1391 2073 1479 2103 no.-

181 2131 269 2179 stra
301 2149 383 2179 nec
411 2150 541 2194 parca
567 2151 651 2181 nec
689 2133 836 2181 sobria
867 2134 1168 2181 desiderantur
1199 2129 1471 2178 adminicula

184 2204 366 2259 crebra,
397 2205 459 2252 ita
499 2206 641 2254 studia
666 2220 885 2270 augentur
912 2207 958 2254 in
986 2207 1079 2253 dies
1098 2241 1112 2262 ,
1144 2217 1195 2251 ut
1221 2204 1326 2250 licet
1359 2219 1481 2265 opus

183 2275 328 2338 ipsum
358 2279 580 2337 redoleat,
603 2296 689 2342 pro
710 2280 839 2327 omni
863 2293 1012 2326 tamen
1037 2277 1350 2340 experimento
1383 2274 1480 2321 suf-

184 2348 308 2396 ficiat
339 2352 520 2398 medico
555 2354 610 2400 ad
650 2352 1056 2401 commendandam
1097 2350 1204 2397 artis
1234 2349 1479 2397 auctorita-

183 2435 308 2482 tem,
340 2425 371 2470 s1
401 2425 683 2474 Alexandriae
723 2427 763 2473 se
797 2426 961 2472 dixerit
999 2424 1254 2472 eruditum:
1293 2424 1343 2469 &
1380 2422 1478 2468 haeo

175 2495 360 2558 quidem
391 2498 615 2547 hafflenus.
643 2500 727 2549 Sed
750 2499 780 2546 fi
812 2498 1094 2562 intelligendi
1127 2495 1274 2546 divini
1310 2495 1476 2543 aditio,
