1626 2917
247 174 382 210 XXVI
513 165 864 210 AMMIANI
891 166 1344 212 MARCELLINI

241 284 295 316 ac
333 269 591 332 perplexum
630 270 875 316 sermonem
911 272 1196 331 revolvitur,
1224 290 1273 319 ac
1304 271 1416 319 male
1447 269 1508 317 ita

239 335 478 397 componit
494 370 506 391 ‚
529 348 578 381 ut
608 335 687 379 nifi
709 335 868 381 vitium
891 335 941 382 fit
971 337 1017 382 in
1049 337 1262 400 scriptura
1281 373 1294 394 ,
1322 336 1416 397 jure
1441 334 1507 380 di-

235 411 365 444 catur
395 399 541 446 fecisse
571 399 825 461 ambiguum
842 436 858 457 ,
878 415 1094 462 quantum
1115 402 1161 446 in
1182 401 1279 463 ipso
1307 401 1405 448 fuit.
1431 401 1507 444 In·

236 461 347 509 cidit
379 463 510 509 etiam
539 463 585 508 in
613 462 730 509 illius
759 464 949 525 exempli
983 466 1145 512 vitium
1165 501 1180 523 ‚
1211 465 1333 527 quod
1366 481 1389 510 a
1429 466 1508 508 Fa-

235 526 317 572 bio
337 527 564 588 profertur
588 525 663 572 lib.
694 528 797 572 VIII
828 544 920 588 cap.
955 546 1008 582 2,
1027 547 1127 575 cum
1195 531 1259 575 uis
1288 529 1419 584 dicit,
1441 528 1510 572 νὶ-

223 591 325 650 sum
359 611 385 635 a
404 595 452 651 fi
483 595 629 636 librum
655 593 860 637 hominem
877 593 1130 651 scribentem.
1195 594 1286 639 haec
1309 592 1368 637 est
1386 591 1506 637 enim

233 655 480 702 collocatio
519 654 763 702 verborum
804 654 967 717 Fabii.)
1000 657 1115 701 Nam
1148 657 1313 702 etiamsi
1346 656 1508 701 librum

234 718 290 763 ab
319 719 506 763 homine
544 717 673 764 scribi
708 729 887 780 pateat3
917 719 1029 764 male
1055 731 1201 764 tamen
1238 717 1508 779 composue-

233 794 331 838 rat,
362 782 508 844 inquit
530 781 618 829 ille.
650 782 767 828 Huic
791 794 938 828 autem
966 783 1110 830 affinia
1134 782 1217 828 effe
1246 783 1291 829 in
1320 781 1508 828 Marcel·

231 844 330 890 lino
362 846 592 908 exempla,
627 845 791 892 scholia
825 846 972 891 nostra
1004 847 1272 908 probabunt.
1306 848 1353 892 ld
1382 849 1430 893 &
1450 861 1507 892 ex

233 923 338 956 ante
355 910 479 956 diffis
505 910 668 967 causiS,
686 911 736 956 &
755 910 946 957 maxime
972 923 1155 972 propter
1177 911 1361 973 segetem
1380 926 1510 957 erro·

231 990 332 1021 rum
353 992 404 1022 ac
434 975 695 1021 mendarum
712 1009 726 1032 ,
747 991 845 1036 quae
869 975 914 1020 in
939 975 1030 1035 ejus
1056 976 1234 1021 historia
1256 976 1406 1037 paffim
1427 990 1508 1021 oc-

234 1052 449 1097 currunt,
478 1039 739 1102 contingere
771 1038 895 1086 solet.
914 1041 1059 1086 Verba
1086 1041 1203 1087 enim
1229 1039 1402 1085 inversa
1420 1075 1434 1096 ‚
1457 1041 1508 1087 δε

230 1103 409 1163 trajecta
428 1139 441 1160 ‚
464 1103 722 1165 interruptae
753 1104 978 1151 sententiae
998 1140 1012 1162 ‚
1046 1106 1096 1152 &
1127 1103 1322 1151 confusae
1357 1120 1505 1150 narra·

231 1169 379 1214 tiones
415 1167 707 1214 inveniuntur
744 1169 1004 1229 saepissime,
1041 1170 1090 1217 &
1126 1170 1333 1215 letiorem
1375 1185 1505 1216 aver-

232 1244 349 1279 tunt.
379 1234 497 1293 Quae
523 1249 616 1279 non
645 1245 734 1279 tam
772 1233 992 1290 auctoris,
1014 1250 1144 1295 quam
1177 1233 1421 1294 temporis,
1453 1247 1505 1281 ac

233 1297 577 1344 describentium
611 1298 719 1344 vitia
750 1297 861 1344 sunt.
888 1300 948 1344 Ea
971 1313 1053 1344 nos
1080 1298 1273 1345 maxima
1306 1314 1361 1345 ex
1381 1310 1505 1360 parte

233 1374 309 1408 aut
346 1361 596 1410 sanavimus
615 1396 628 1417 ‚
664 1374 740 1407 aut
766 1361 1082 1409 indicavimus.

314 1427 460 1484 Sunt,
495 1427 573 1488 qui
614 1430 904 1473 Blarcellinum
951 1426 1231 1483 existiment,
1273 1443 1414 1472 unum
1449 1442 1507 1472 ex

232 1491 446 1542 omnibus
464 1507 611 1537 rerum
626 1490 913 1553 scriptoribus
932 1491 1140 1538 Tacitum
1161 1491 1239 1537 fibi
1257 1492 1312 1537 ad
1327 1491 1508 1538 intuen-

234 1556 341 1602 dum
371 1557 421 1605 &
451 1555 713 1602 imitandum
734 1555 1023 1618 proposuisse.
1045 1557 1140 1618 Ego
1158 1591 1170 1611 ,
1207 1556 1332 1617 quod
1352 1572 1506 1601 exem-

233 1620 331 1682 plar
356 1619 597 1669 scribendae
627 1620 822 1670 historiae
856 1620 935 1666 fibi
965 1619 1256 1683 designaverit
1274 1655 1287 1673 ,
1322 1619 1507 1667 nescios

233 1685 324 1733 hoc
352 1697 522 1731 tantum
550 1683 671 1742 scio,
699 1701 780 1731 nec
811 1685 1056 1731 verborum
1093 1683 1298 1730 Cornelii
1318 1684 1507 1747 dignita-

233 1761 357 1806 tem,
388 1766 469 1796 nec
505 1748 818 1795 sententiarum
855 1749 1054 1805 lumina,
1086 1765 1168 1795 nec
1199 1747 1417 1808 judicium
1455 1748 1506 1796 in

234 1830 384 1862 rerum
418 1813 616 1872 dele&11‚
646 1830 730 1860 nec
761 1813 962 1860 ordinem
994 1813 1232 1870 narrandi,
1266 1829 1348 1860 nec
1386 1813 1506 1860 divi-

234 1895 337 1924 nam
369 1878 632 1927 brevitatem
663 1877 786 1925 fuiffe
820 1877 1106 1926 consecutum
1126 1895 1137 1923 :
1161 1879 1257 1925 haec
1275 1878 1395 1924 enim
1415 1878 1505 1924 ini-

234 1943 449 1990 mitabilia
489 1943 571 1990 effe
599 1942 765 2004 judico,
802 1945 852 1989 In
883 1959 939 1990 eo
974 1954 1145 1992 tantum
1175 1942 1350 2005 utrique
1389 1959 1504 1989 con-

236 2007 451 2064 veniunt,
473 2008 599 2070 quod
622 2024 690 2053 res
718 2007 899 2064 civiles,
920 2007 1203 2062 domesticas,
1221 2007 1507 2070 cognitiones

236 2072 431 2119 celebres
448 2107 461 2130 ,
490 2089 542 2119 ac
566 2072 762 2135 pericula
791 2072 1060 2134 singulorum
1082 2071 1313 2134 diligenter
1332 2089 1382 2122 ac
1401 2088 1505 2119 cum

234 2136 321 2183 fide
351 2149 539 2183 narrent.
571 2139 688 2184 Cum
722 2153 962 2200 utrumque
995 2137 1129 2200 igitur
1160 2135 1420 2198 scriptorem
1441 2136 1504 2182 sa·

234 2202 291 2248 tis
313 2200 486 2247 curiose
520 2201 722 2247 triverim
741 2237 756 2260 ,
778 2218 1004 2263 nunquam
1030 2215 1178 2247 tamen
1206 2201 1393 2246 studium
1415 2200 1506 2247 exi·

234 2266 374 2312 mium
402 2265 649 2311 Marcellini
686 2265 731 2311 in
763 2266 924 2312 Tacito
952 2265 1229 2312 evolutando
1262 2265 1391 2326 potui
1421 2266 1504 2312 ob.-

233 2330 425 2377 servare.
446 2329 539 2376 Effe
564 2342 709 2376 autem
729 2334 1006 2377 Ammianum
1033 2330 1195 2378 Tacito
1216 2329 1468 2378 uberiorem
1489 2365 1506 2387 ,

236 2393 398 2457 (quod
427 2395 499 2440 vir
527 2395 680 2441 ἀοξὶιιε
706 2393 906 2455 scripsit)
942 2411 1034 2440 non
1063 2394 1203 2440 statim
1229 2395 1504 2442 crediderim.

235 2459 307 2512 Sic
337 2459 455 2507 enim
485 2459 645 2507 statuo.
680 2459 725 2506 Si
752 2461 806 2506 ad
824 2460 1065 2509 Annalium
1097 2458 1235 2506 libros
1268 2475 1503 2523 compara-e

1574 2442 1605 2482 (ἶ

1578 2483 1604 2503 -ι

1598 2575 1601 2597 l
