1626 2917
509 168 774 212 VITA.
1179 175 1290 208 ‘xxv

18 273 131 332 effe,
152 272 371 322 Iulianum
394 274 502 335 Imp.
529 272 791 321 acerrimum
816 267 920 315 fidei
943 266 1104 315 nostrae
1122 269 1297 317 hostem

17 356 113 386 non
145 339 235 385 fine
265 338 390 384 causa
420 337 627 399 jaffltaffe
657 339 733 384 lib.
762 337 922 391 XXII,
955 338 1109 380 Nullas
1128 336 1298 395 inflzstas

18 407 255 451 hominibus
280 405 422 464 bestias
440 439 456 460 ‚
490 421 535 450 ut
554 406 660 465 sunt
680 404 768 468 szbi
785 401 940 461 ferales
959 403 1140 461 plerique
1173 404 1296 448 Chri-

6 470 256 537 stianorum.
289 467 404 514 Nam
440 470 489 515 &
526 470 712 515 eandem
747 482 872 529 paene
905 464 1298 526 reprehensionem

21 548 44 578 a
75 533 138 579 D.
170 532 399 594 Gregorio
434 534 721 580 Nazianzeno
753 532 798 578 in
837 530 1139 591 Apologetico
1172 529 1300 576 susti-

22 608 217 641 nuerunt
248 609 342 642 tum
365 597 621 644 Christiani.
654 595 818 657 Quid?
851 611 945 640 non
980 594 1094 639 idem
1134 594 1181 639 in
1214 610 1300 640 nos

20 658 107 720 jaci
136 659 300 706 merito
329 659 511 721 potest?
538 663 801 723 utinamque
832 658 942 704 nihil
966 658 1185 707 acerbius.
1214 659 1302 706 Sed

23 724 122 770 haec
149 724 288 770 alias:
317 739 492 786 pergam
521 741 639 771 nunc
671 725 726 771 ad
758 736 918 771 cetera.

88 788 242 833 Genus
272 787 492 835 scribendi
515 789 708 852 sequitur
732 804 814 848 pro
843 785 1108 833 conditione
1128 797 1305 849 tempo·

24 868 123 897 rum
157 852 307 900 laetum
346 868 396 898 ac
428 851 651 900 floridum.
682 853 808 899 Nihil
836 851 956 896 enim
993 851 1046 895 ad
1075 850 1196 897 Livii
1226 863 1304 899 aut

26 915 175 961 Taciti
207 916 479 963 venustatem
499 952 512 974 ‚
541 915 915 980 magnificentiam
933 949 945 966 ,
972 915 1165 961 nitorem
1193 922 1307 962 Am-

26 984 193 1027 mianus
215 999 232 1028 .·
260 996 405 1043 eoque
432 981 486 1027 ab
511 982 694 1029 filorum
724 971 914 1027 leffione
945 978 1154 1041 digressus
1174 1015 1187 1037 ,
1217 979 1307 1026 dif-

27 1043 167 1092 ficiles
195 1043 336 1091 aditus
366 1046 482 1107 apud
509 1047 629 1098 hunc
657 1046 857 1093 inveniet
888 1063 899 1091 :
932 1059 1024 1104 quo
1058 1056 1207 1090 tamen
1241 1045 1309 1091 fa·-

28 1109 156 1156 cilius
188 1120 406 1167 utuntur,
440 1111 518 1172 qui
546 1113 592 1159 in
630 1112 822 1159 leE‘tione
853 1108 1040 1156 Codicis
1075 1109 1308 1157 Theodos.

29 1174 80 1221 &
116 1175 344 1221 auetorum
378 1173 568 1235 ejusdem
600 1176 735 1224 seculi
770 1176 870 1222 sunt
905 1174 1148 1221 exercitati.
1190 1174 1308 1224 Nam

27 1238 245 1300 temporis
273 1239 390 1285 illius
421 1240 724 1305 eloquentiam
761 1242 901 1304 probe
932 1237 1068 1284 refert
1089 1256 1102 1294 ;
1123 1251 1172 1285 ut
1203 1257 1311 1286 vere

30 1302 244 1350 constitui
274 1304 406 1365 poffit
427 1340 440 1361 ‚
479 1312 627 1354 σύνεσιν
665 1312 868 1353 πολιτικὴν
902 1304 942 1350 ei
982 1303 1141 1360 inesse,
1168 1304 1311 1354 deeffe

30 1384 145 1414 vero
172 1385 306 1430 quam
327 1367 438 1429 saepe
466 1375 630 1426 «Γύναμιν
655 1373 930 1429 ἑρμηνευτικήν,
955 1369 1069 1414 Tam
1095 1367 1310 1431 frequen-

30 1444 98 1478 ter
131 1433 249 1479 enirn
277 1434 426 1480 coaRe
455 1433 504 1480 &
530 1431 658 1476 anxie
690 1430 880 1486 incedit,
902 1444 951 1477 ut
981 1433 1011 1478 fi
1033 1433 1204 1480 indicio
1230 1435 1313 1481 suo

32 1512 128 1547 non
160 1497 202 1543 se
229 1497 487 1558 prodidisset
514 1497 724 1542 Graecum
745 1496 795 1542 &
817 1495 1003 1543 militem
1026 1533 1038 1554 ,
1073 1498 1204 1545 facile
1240 1511 1311 1547 ra-

33 1577 137 1608 men
167 1561 317 1623 quivis
352 1560 566 1621 judicaret
589 1596 604 1617 ,
639 1559 808 1606 Latinae
841 1559 1085 1608 locutionis
1122 1562 1311 1610 faculta-

32 1638 124 1674 tem
161 1642 254 1672 non
285 1625 368 1672 effe
399 1626 439 1672 ei
469 1625 667 1671 nativam
686 1660 699 1681 ,
733 1638 807 1673 aut
837 1623 1057 1672 forensem
1090 1628 1314 1692 eloquen-

34 1690 139 1736 tiam
165 1691 347 1738 minime
367 1691 491 1737 fuisse
515 1691 742 1740 seRatum:
763 1690 875 1736 adeo
897 1692 1154 1756 hyperbatis
1170 1730 1180 1747 ‚
1203 1693 1316 1758 syn-

35 1753 237 1802 chefibus
257 1791 270 1811 ‚
301 1758 350 1803 &
380 1756 474 1802 aliis
502 1755 649 1800 fluidae
680 1754 897 1801 orationis
932 1757 1073 1802 naevis
1107 1759 1315 1806 abundat.

35 1819 120 1865 Sed
147 1821 348 1870 mil{taris
382 1820 474 1867 viri
501 1820 643 1866 sensus
680 1820 884 1881 quamvis
913 1821 1102 1869 incomri
1125 1859 1136 1879 ,
1167 1837 1316 1870 tamen

36 1884 179 1931 validi
207 1885 318 1932 sunt.
340 1887 489 1931 Verba
510 1886 688 1947 quidem
714 1884 803 1930 fere
822 1886 979 1933 Latina
1006 1887 1090 1933 effe
1118 1905 1210 1934 non
1235 1905 1318 1935 ne-

36 1950 187 2012 gabit,
216 1950 293 2012 qui
332 1950 528 2014 linguam
569 1951 767 1996 Latinam
798 1951 945 2013 exiget
978 1968 1070 1999 non
1109 1953 1163 1998 ad
1198 1970 1318 2013 prae-

36 2015 178 2061 sentes
207 2015 452 2078 angustias,
475 2015 545 2060 sed
572 2016 623 2060 ad
653 2015 896 2061 ubertatem
926 2028 1124 2062 veterem
1147 2053 1159 2074 ,
1193 2020 1241 2066 &
1261 2018 1317 2066 ad

35 2079 246 2142 praeclara
267 2081 553 2143 antiquorum
574 2093 864 2126 monumenta
881 2117 893 2133 ,
913 2081 1074 2142 quibus
1097 2099 1318 2141 caremus,

37 2145 320 2206 quaequeille
342 2145 514 2191 viderat
534 2182 546 2200 ‚
570 2161 620 2192 ac
641 2144 828 2191 studiose
849 2146 1129 2195 leffitaverat.
1155 2149 1317 2195 Graeca

39 2221 148 2270 puta
178 2209 258 2255 vix
290 2210 499 2271 interficit
529 2210 609 2255 nifi
640 2211 816 2256 coaffius
836 2246 847 2264 ‚
887 2212 933 2257 &
969 2229 1072 2258 cum
1107 2212 1318 2259 admoni-

39 2273 166 2320 tione
197 2291 247 2323 ac
279 2274 556 2337 praefatione.
589 2274 844 2324 Hellenismi
883 2275 1038 2337 saepius
1070 2290 1319 2324 occurrunt

41 2353 98 2386 ex
140 2340 354 2400 temporis
389 2339 507 2386 illius
545 2339 734 2387 licentia.
777 2341 1063 2403 Compofitio
1108 2341 1215 2387 alias
1258 2341 1321 2389 est

41 2403 315 2450 conveniens
345 2404 563 2461 historiae‚
585 2421 683 2466 qnae
715 2405 886 2466 (inquit
915 2406 1108 2468 Fabius)
1140 2422 1321 2452 currere

40 2465 170 2520 dehet
197 2485 248 2520 ac
275 2468 406 2521 ferri:
425 2469 530 2518 alias
559 2481 703 2517 autem
732 2469 779 2516 in
809 2469 1019 2531 ie'l·:braS‚
1038 2473 1088 2521 δε
1113 2471 1318 2536 asperum
