1626 2917
207 225 299 267 204
398 205 736 253 ᾹΜΜΙΑΝΙ
788 207 1286 255 MARCELLINI

202 314 465 378 potestatem
487 314 604 361 suam
630 307 801 374 jubere-t
828 314 1049 383 propitius
1073 314 1280 361 maritum
1313 312 1477 360 ascisci.

200 390 366 435 Praeter
397 388 513 450 spem
546 387 694 450 itaque
726 388 932 434 omnium
971 388 1160 451 digresso
1195 390 1368 435 advena
1404 405 1475 434 re-

200 463 414 526 pentino,
430 460 508 524 qui
530 460 809 522 postliminio
828 460 1055 519 reversus,
1077 461 1218 509 statim
1241 461 1327 508 fine
1347 461 1478 507 ulliu3

198 534 385 581 evanuit
409 532 685 580 conscientia
706 568 719 591 ‚
742 533 969 596 perculsus
989 532 1238 597 suspicione
1260 535 1347 581 dux
1371 533 1480 581 Cas-

198 608 342 655 fianus
360 643 374 667 ‚
395 606 765 671 praefidentesque
784 607 847 654 ibi
878 624 1083 671 proceres
1103 608 1204 666 alii,
1226 609 1480 655 minitantes

197 679 354 725 ultima
376 678 665 742 Craugasium
696 678 991 737 incessebant,
1022 696 1116 726 non
1145 680 1235 728 fine
1267 679 1362 741 ejus
1389 697 1479 727 vo-

197 751 368 799 luntate
394 751 469 798 vel
494 750 658 798 veniffe
675 786 688 806 ‚
719 751 794 797 vel
817 751 949 798 abisse
979 752 1210 799 hominem
1232 752 1480 800 ‘clamitan-

197 835 278 871 tes.
313 823 437 883 Qui,
463 820 739 885 proditionis
766 833 968 870 metuens
996 823 1166 870 crimen
1183 860 1196 882 ‚
1222 823 1479 887 impendio-

197 912 286 959 que
312 894 527 942 sollicitus
543 930 556 953 ‚
577 911 632 942 ne
654 894 913 942 transitione
934 895 1130 959 perfugae
1151 913 1269 944 uxor
1289 895 1382 957 ejus
1406 896 1482 942 su-

195 968 362 1030 pereffe
398 969 666 1024 doceretur,
700 969 748 1015 &
773 967 948 1014 tractari
986 968 1174 1030 piiffime
1192 1005 1206 1027 ‚
1235 986 1314 1032 per
1346 969 1481 1015 fimu-

196 1042 415 1088 lationem
447 1040 784 1087 matrimonium
810 1039 989 1088 alterius
1020 1040 1259 1104 splendidae
1292 1041 1481 1105 virginis

196 1114 435 1161 affectavit.
466 1115 521 1159 Et
550 1113 678 1159 velut
719 1128 950 1175 paraturus
985 1114 1221 1161 necessaria
1251 1115 1481 1161 convivio

196 1185 423 1248 nuptiali,
455 1185 644 1249 egressus
668 1185 722 1232 ad
748 1185 902 1231 villam
929 1186 1095 1232 ossavo
1122 1186 1266 1248 lapide
1291 1187 1344 1232 ab
1370 1186 1480 1232 urbe

198 1259 432 1306 distantem
449 1294 464 1317 ,
491 1260 678 1306 concito
708 1276 827 1322 equo
856 1259 910 1306 ad
930 1259 1154 1307 Persarum
1185 1260 1480 1306 vastatorium

197 1329 384 1393 globum
399 1364 413 1386 ‚
436 1345 571 1393 quem
590 1328 805 1376 didicerat
837 1332 1078 1377 adventare
1095 1365 1109 1388 ‚
1131 1329 1338 1394 confugit
1359 1348 1369 1376 :
1394 1329 1480 1376 sus·

199 1402 441 1466 ceptusque
469 1414 687 1459 aventer,
722 1401 799 1464 qui
826 1403 931 1449 esset
958 1419 1014 1449 ex
1041 1403 1093 1450 iis
1123 1403 1356 1466 cognitus,
1378 1420 1482 1467 quae

196 1475 500 1538 loquebatur,
534 1474 798 1536 Tamsapori
833 1474 933 1537 post
972 1475 1088 1522 diem
1125 1474 1312 1520 traditur
1345 1475 1482 1538 quin-

196 1557 324 1593 tum:
354 1561 524 1609 perque
545 1560 649 1591 eum
686 1544 779 1608 regi
814 1545 991 1593 oblatus
1013 1582 1026 1604 ,
1063 1547 1226 1609 opibus
1251 1549 1300 1595 &
1331 1547 1482 1595 neces-

197 1617 386 1665 situdine
413 1616 541 1665 omni
559 1629 815 1680 recuperata
846 1634 946 1665 cum
977 1618 1193 1683 conjuge,
1215 1636 1346 1682 quam
1366 1637 1483 1682 pau-

197 1707 278 1739 cos
309 1689 409 1753 post
436 1689 606 1737 menses
622 1689 790 1748 amisit,
812 1705 904 1736 erat
929 1689 1108 1736 secundi
1134 1691 1225 1738 loci
1257 1691 1356 1753 post
1388 1694 1482 1737 An·

198 1763 411 1809 toni'num
429 1798 443 1821 ‚
472 1773 521 1808 ut
552 1761 613 1808 ait
635 1773 769 1825 poeta
798 1762 1061 1825 praeclarus,
1083 1764 1223 1827 longo
1242 1763 1480 1826 proximus

197 1834 458 1882 intervallo.
482 1835 558 1882 llle
588 1836 708 1882 enim
729 1835 912 1900 ingenio
934 1837 982 1884 ὃ(
1003 1836 1080 1883 usu
1095 1854 1242 1883 rerum
1264 1837 1481 1884 diuturno

197 1909 420 1966 firmatus,
439 1909 637 1958 confiliis
658 1910 820 1957 validis
842 1909 1082 1957 sufficiebat
1102 1910 1146 1956 in
1171 1911 1353 1967 cuncta,
1379 1928 1482 1975 quae

197 1984 448 2031 conabatur
473 2000 486 2029 ε
519 1982 594 2030 hic
623 1994 780 2030 natura
807 1982 1052 2045 simplicior
1073 2018 1086 2041 ‚
1108 1982 1308 2028 nominis
1331 1995 1481 2029 tamen

197 2055 352 2103 itidem
383 2056 648 2119 pervulgati.
679 2059 735 2103 Et
756 2057 852 2102 haec
883 2054 1062 2119 quidem
1089 2056 1208 2102 haud
1230 2055 1304 2102 diu
1328 2055 1480 2117 postea

199 2128 506 2191 contigerunt.
544 2129 644 2175 Rex
679 2145 793 2175 vero
835 2127 939 2174 licet
974 2125 1252 2175 securitatem
1283 2127 1481 2174 referens

199 2200 358 2258 vultu,
385 2200 692 2263 exsultansque
715 2199 859 2263 specie
891 2212 1021 2246 tenus
1052 2199 1174 2246 urbis
1205 2198 1383 2246 excidio
1410 2199 1482 2245 vi-

199 2272 387 2319 debatur
409 2271 667 2334 3profundo
690 2285 837 2318 tamen
863 2271 1000 2318 animi
1025 2270 1218 2334 graviter
1248 2270 1480 2329 aestuabat,

199 2356 413 2408 reputans
443 2345 489 2391 in
528 2345 880 2392 obsidionalibus
908 2344 1036 2392 malis
1060 2343 1172 2406 saepe
1195 2343 1413 2390 lufluosas
1436 2342 1480 2390 se

200 2419 424 2482 pertulisse
458 2419 645 2480 ja&uras
665 2455 680 2478 ‚
713 2419 948 2482 multoque
991 2418 1235 2480 ampliores
1267 2417 1308 2464 se
1334 2416 1478 2480 ipsum

200 2491 400 2555 populos
422 2490 657 2555 perdidisse
672 2526 690 2549 ,
718 2506 851 2555 quam
871 2506 894 2539 e
914 2488 1074 2537 nostris
1102 2500 1277 2553 ceperat
1302 2487 1443 2537 vivos
1462 2520 1481 2546 ,
