1626 2917
336 212 556 259 RERUM
600 211 938 258 GESTARUM
974 209 1077 257 LIB.
1107 211 1215 257 XX.
1318 227 1406 258 221

146 329 296 375 ravos,
318 334 509 381 cumque
528 317 832 364 Petulantibus
852 316 1017 373 Celtas,
1038 318 1085 364 δε
1103 316 1239 363 lectos
1255 332 1311 362 ex
1330 334 1414 363 nu·

141 390 273 438 meris
291 390 387 437 aliis
403 404 684 437 trecentenos
699 426 711 447 ‚
732 391 814 436 hac
834 390 976 452 specie
993 388 1127 449 jussos
1147 390 1414 447 accelerare,

141 475 190 509 ut
209 463 349 508 adeffe
365 462 529 524 poflint
546 462 676 509 armis
697 461 842 524 primo
862 478 968 507 vere
988 462 1226 509 movendis
1244 462 1288 508 in
1308 464 1414 508 Par-

141 535 258 581 thos.
286 536 340 581 Et
361 535 487 598 super
515 535 755 581 auxiliariis
775 534 954 597 quidem
980 536 1028 582 &
1054 534 1317 582 trecentenis
1336 550 1417 587 co-j

138 606 296 669 gendis
315 607 440 654 ocius
460 606 705 669 proficisci,
728 606 972 668 Lupicinus
994 619 1246 654 conventus
1264 607 1324 653 est
1340 606 1416 653 so·-

143 677 239 735 lus,
259 680 448 727 transisse
472 681 524 726 ad
552 679 796 726 Britannias
827 679 1028 726 nondum
1056 694 1311 742 compertus
1329 698 1340 727 :
1360 682 1416 727 de

142 749 340 798 scutariis
376 764 521 798 autem
558 754 606 799 &
650 751 887 816 gentilibus
922 768 1161 813 excerpere
1192 768 1417 815 quemque

141 824 512 886 promtiffimum‚
544 825 593 871 &
622 823 713 886 ipse
743 824 985 885 perducere
1011 824 1178 870 Sintula
1207 823 1418 884 jubetur,

143 895 325 943 Caesaris
346 896 500 942 stabuli
520 909 626 943 tunc
646 896 865 942 tribunus.
895 895 1158 952 Conticuit,
1178 896 1327 959 hisque
1346 914 1420 944 ac-

144 969 379 1032 quieverat
402 970 598 1017 Julianus
612 1005 626 1027 ,
647 969 839 1031 potioris
859 969 1045 1014 arbitrio
1067 970 1222 1016 cunila
1248 987 1418 1017 conce-

146 1042 268 1090 dens.
290 1042 401 1088 Illud
419 1055 562 1089 tamen
582 1058 665 1088 nec
685 1040 950 1086 dissimulare
970 1040 1148 1102 potuit,
1167 1058 1248 1087 nec
1268 1042 1419 1100 silere,

145 1127 197 1160 ut
216 1114 280 1159 illi
301 1113 441 1159 nullas
461 1125 712 1174 paterentur
735 1110 959 1158 molestias
973 1146 986 1167 ,
1005 1111 1108 1174 qui,
1132 1112 1293 1160 reliffis
1313 1113 1418 1159 lari-

144 1186 230 1233 bus
246 1185 596 1243 transrhenanis,
614 1185 694 1232 sub
720 1185 810 1232 hoc
838 1197 1055 1231 venerant
1077 1186 1206 1248 pasto
1222 1221 1235 1243 ‚
1261 1202 1316 1232 ne
1338 1187 1418 1232 du-

145 1271 354 1306 cerentur
375 1260 427 1305 ad
451 1274 593 1322 partes
618 1275 812 1321 unquam
838 1257 1124 1319 transalpinas
1144 1259 1419 1307 :verendum

144 1331 230 1378 effe
247 1331 465 1379 affirmans
481 1366 493 1383 ‚
521 1348 576 1378 ne
595 1330 842 1379 voluntarii
861 1330 1031 1376 barbari
1051 1330 1260 1378 militares
1274 1367 1287 1387 ‚
1306 1333 1420 1394 saepe

147 1403 228 1451 sub
247 1403 462 1466 ejusmodi
482 1404 651 1467 legibus
670 1403 820 1449 affueti
849 1403 1030 1449 transire
1049 1405 1104 1450 ad
1128 1403 1273 1450 nostra
1289 1440 1302 1462 ,
1330 1405 1421 1452 hoe

148 1478 338 1540 cognito
368 1478 576 1538 deinceps
596 1487 863 1523 arcerentur.
893 1475 977 1521 Sed
997 1474 1263 1538 loquebatur
1280 1476 1424 1526 incas-¹

148 1549 256 1596 sum.
274 1548 501 1596 Tribunus
519 1549 659 1605 enim,
677 1547 800 1609 parvi
813 1547 1014 1610 querelas
1031 1547 1215 1596 Caesaris
1230 1550 1421 1607 ducens,

150 1621 337 1686 Augusti
372 1620 491 1683 jufiis
521 1620 853 1683 obtemperabat
874 1639 884 1667 :
917 1621 966 1668 &
999 1620 1109 1667 lecta
1141 1622 1421 1683 expeditiore

147 1711 306 1752 manu,
321 1694 482 1757 vigore
503 1709 836 1755 corporumque
854 1692 1034 1738 levitate
1052 1691 1297 1754 praestanti,
1317 1711 1420 1742 cum

150 1768 304 1822 iisdem
323 1768 545 1832 profe&us
571 1767 658 1824 est,
684 1767 756 1828 spe
780 1765 1011 1828 potiorum
1028 1767 1213 1814 erefhis.
1243 1769 1298 1814 Et
1317 1769 1423 1832 quia

79 1863 82 1867 ’
149 1841 367 1890 sollicitus
385 1841 556 1898 Caesar,
576 1840 682 1904 quid
702 1840 756 1886 de
776 1838 954 1885 residuis
971 1839 1087 1886 mitti
1104 1841 1334 1903 praeceptis
1351 1844 1422 1906 agi

149 1915 351 1972 deberet,
373 1931 538 1977 perque
571 1913 715 1960 varias
743 1929 871 1959 curas
898 1911 1094 1958 animum
1122 1913 1330 1974 versans,
1357 1930 1423 1962 at-

149 1998 271 2034 tente
289 1986 516 2050 negotium
534 1985 707 2032 traslari
724 1997 934 2045 oportere
956 1984 1156 2031 censebat
1164 2002 1179 2041 3
1199 2003 1300 2034 cum
1317 1987 1424 2035 hine

102 2064 105 2068 ’
152 2059 337 2107 barbara
366 2059 544 2118 feritaS,
571 2061 673 2107 inde
705 2059 920 2120 jussorum
952 2072 1127 2123 urgeret
1155 2061 1388 2108 austeritas
1406 2099 1423 2121 9

153 2134 432 2198 maximeque
449 2133 642 2181 absentia
673 2132 867 2196 magistri
895 2133 1098 2196 equitum
1127 2147 1316 2197 augente
1339 2136 1425 2182 du·-

153 2205 361 2253 bietatem
379 2242 393 2265 ,
414 2207 555 2253 redire
571 2207 624 2253 ad
642 2205 682 2252 se
703 2203 957 2268 praefectum
977 2204 1180 2253 hortatus
1198 2206 1259 2253 est
1272 2242 1287 2265 ,
1310 2207 1424 2255 olim

155 2278 376 2326 Viennam
401 2280 543 2342 specie
571 2277 764 2328 annonae
794 2279 998 2342 parandae
1024 2280 1283 2344 digressum,
1303 2295 1352 2328 ut
1378 2282 1424 2328 se

155 2350 334 2399 militari
355 2353 568 2400 eximeret
594 2353 734 2400 turba.
762 2352 1064 2415 Perpendebat
1093 2352 1210 2399 enim
1232 2353 1287 2400 ad
1311 2353 1425 2399 rela-

155 2423 326 2470 tionem
347 2423 494 2483 suam',
513 2442 644 2487 quam
666 2425 776 2471 olim
804 2425 1037 2487 putabatur
1055 2424 1212 2471 mififfe
1226 2460 1239 2483 ‚
1261 2424 1423 2471 abstra==

155 2494 326 2544 hendos
345 2513 370 2546 a
389 2497 636 2548 Galliarum
653 2497 908 2561 defensione
938 2513 1161 2565 pugnaces
1186 2513 1424 2564 numeroQ
