1626 2917
229 80 289 128 80
440 77 778 126 AMMIANI
825 73 1296 124 MARCELLINI

227 188 436 234 educatus
453 221 468 243 ‚
490 202 539 231 ea
567 182 927 231 confideratione
940 219 953 239 ,
972 200 1059 246 qua
1076 183 1411 248 propinquitate
1429 184 1505 233 Ju-

227 264 397 309 lianum
437 259 588 322 postea
625 258 878 321 Principem
924 257 1213 321 contingebat
1238 294 1251 317 ,
1291 276 1314 305 a
1357 259 1508 322 primo

228 333 366 397 gradu
399 332 573 379 eluxit:
609 335 657 380 &
690 347 738 378 ut
771 332 863 380 vita
898 331 1190 396 moribusque
1226 333 1509 396 castigatior,

229 409 338 454 licet
361 406 567 454 occultus
602 418 694 452 erat
715 407 764 453 &
786 406 1035 453 taciturnus
1051 443 1066 464 ,
1090 407 1292 454 notarius
1316 409 1391 454 diu
1410 425 1512 471 per-

230 480 460 543 spicaciter
481 479 676 525 militans
697 481 746 526 δε
765 479 970 525 tribunus
991 515 1004 535 ,
1023 479 1201 543 jamque
1224 478 1513 527 summatibus

229 553 466 617 proximus
489 571 499 599 ε
523 552 623 615 post
656 551 911 598 Constantii
929 553 1112 614 'obitum
1144 554 1188 600 in
1217 571 1364 600 rerum
1397 570 1514 601 con-

231 626 442 674 versione
476 627 607 673 velut
643 626 929 688 Imperatoris
961 642 1179 689 cognatus
1214 627 1341 674 altius
1379 627 1514 673 anhe-

231 700 350 748 labat
363 736 376 758 ‚
394 698 625 759 adjunctus
645 698 880 745 consortio
897 699 1162 745 Comitum:
1180 700 1229 746 &
1248 699 1516 761 apparebat,

231 792 334 821 eum
354 811 369 833 ,
407 774 436 819 fi
474 790 670 837 unquam
705 771 916 834 potuiffet
944 809 960 829 ,
990 770 1093 817 fore
1126 771 1287 834 quietis
1323 771 1516 834 publicae

232 849 529 895 turbatorem.
565 849 701 894 Hunc
746 846 945 893 Julianus
978 846 1197 892 Persidem
1232 846 1517 910 ingrediens,

235 920 500 968 consociato
520 919 616 983 pari
633 916 861 983 potestatis
881 918 979 980 jure
998 919 1279 976 Sebastiano,
1300 919 1345 965 in
1367 917 1517 965 Meso-

233 994 432 1057 potamia
453 1011 557 1042 cum
578 1011 713 1039 manu
733 992 925 1038 militum
940 993 1182 1056 reliquerat
1201 992 1372 1038 valida:
1396 1008 1519 1037 man-

235 1069 464 1129 daratque,
483 1081 533 1113 ut
553 1065 797 1113 susurravit
814 1065 1051 1112 obscurior
1070 1065 1186 1111 fama
1207 1063 1376 1127 (nemo
1398 1064 1518 1110 enim

234 1139 337 1186 dicti
371 1140 525 1186 auctor
559 1138 727 1185 exstitit
765 1136 944 1201 verus)
977 1155 1061 1200 pro
1095 1138 1381 1200 cognitorum
1414 1155 1520 1201 age-

234 1230 303 1261 ret
331 1227 492 1270 textu,
528 1214 577 1260 &
607 1212 639 1258 fi
659 1212 845 1258 subsidia
865 1212 930 1257 rei
950 1212 1167 1257 Romanae
1196 1212 1405 1274 languisse
1426 1212 1520 1259 sen-

236 1286 381 1343 fiffet,
416 1287 737 1347 Imperatorem
767 1283 858 1346 ipse
885 1283 926 1329 se
961 1283 1223 1346 provideret
1253 1283 1379 1331 ocius
1401 1301 1522 1332 nun-

237 1359 408 1422 cupari.
443 1358 537 1418 Qui
574 1356 771 1419 injuncta
804 1356 1001 1403 civiliter
1021 1372 1151 1419 agens
1179 1357 1230 1403 &
1254 1369 1379 1402 caute
1400 1393 1414 1415 ,
1449 1357 1522 1405 Ju-

237 1433 347 1479 liani
371 1432 559 1478 letaliter
580 1430 804 1478 vulnerati
838 1429 969 1477 funus
989 1467 1004 1487 ,
1027 1433 1076 1477 &
1101 1430 1156 1475 ad
1184 1429 1375 1492 regenda
1397 1445 1524 1475 com-

237 1508 390 1557 munia
409 1508 631 1571 comperit
644 1507 881 1554 Iovianum
901 1506 1131 1552 evectum:
1151 1505 1351 1567 falsoque
1369 1521 1522 1550 rumo*

238 1599 288 1629 re
320 1580 514 1644 disperso
529 1615 544 1639 ,
565 1580 682 1626 inter
701 1577 904 1626 abeuntis
921 1578 1137 1625 anhelitus
1157 1577 1314 1623 animae
1331 1577 1525 1623 eundem

240 1654 465 1703 lulianum
506 1669 617 1699 vero
658 1652 912 1709 mandasse,
945 1651 1120 1712 placere
1156 1650 1268 1708 fibi,
1291 1649 1523 1711 Procopio

241 1727 400 1774 clavos
431 1726 612 1778 summae
633 1725 696 1771 rei
716 1724 918 1788 gerendae
939 1722 1163 1769 committi
1184 1740 1195 1768 ε
1230 1721 1400 1767 veritus
1421 1757 1434 1778 ,
1467 1737 1523 1766 ne

238 1798 324 1844 hac
353 1814 409 1843 ex
435 1795 560 1844 causa
594 1796 876 1843 indemnatus
905 1793 1187 1840 occideretur
1207 1827 1221 1850 ,
1248 1809 1271 1837 e
1303 1791 1453 1837 medio
1482 1791 1525 1838 se

242 1871 487 1933 conspectu
519 1869 757 1927 discrevit,
784 1868 975 1914 maxime
1009 1866 1106 1928 post
1138 1865 1319 1913 Joviani
1344 1865 1525 1912 territus

242 1960 400 1991 necem
430 1943 716 1989 notariorum
746 1941 950 1987 omnium
982 1937 1146 2002 primi,
1180 1954 1312 2000 quem
1348 1938 1525 1984 Juliano

241 2033 449 2082 peremto
481 2016 623 2064 veluti
657 2016 839 2080 dignum
879 2015 1071 2077 imperio
1104 2012 1258 2075 paucis
1306 2012 1525 2060 militibus

244 2089 530 2136 nominatum
551 2124 566 2146 ,
599 2104 811 2151 novaque
833 2087 994 2134 exinde
1026 2098 1224 2147 coeptare
1252 2083 1493 2146 suspectum
1509 2119 1524 2140 ‚

244 2161 552 2210 cruciabiliter
577 2160 789 2208 didicerat
813 2157 1104 2206 interfectum.
1126 2158 1180 2202 Et
1202 2156 1303 2218 quia
1323 2155 1362 2201 se
1384 2156 1525 2218 quaeri

245 2235 460 2282 industria
480 2235 696 2281 didicerat
721 2251 879 2297 magna
897 2271 910 2291 ‚
930 2234 1078 2280 vitans
1097 2231 1319 2294 gravioris
1340 2230 1526 2276 invidiae

246 2311 450 2375 pondus,
467 2310 519 2356 ad
538 2310 686 2356 abdita
701 2308 968 2373 longiusque
985 2320 1156 2353 remota
1173 2305 1370 2352 disceffit.
1394 2307 1528 2351 Cum‘

248 2402 336 2449 que
361 2402 383 2433 a
400 2385 596 2435 Joviano
617 2382 894 2449 exploratius
915 2381 1114 2446 indagari
1135 2380 1316 2428 latibula
1340 2378 1412 2426 sua
1431 2377 1525 2426 sen-
