1626 2917
300 70 523 135 RERUM
557 78 894 126 GESTARUM
918 81 1034 126 ME.
1068 80 1243 127 XXXI.
1338 97 1431 144 279

137 186 304 251 indicia
344 186 569 251 dignitatis
612 188 662 234 ὃς
702 187 916 236 natalium
969 188 1226 247 [daturus.]
1263 189 1331 234 Eo
1374 188 1430 235 ad

135 259 307 307 vallum
338 260 497 306 hostile
519 261 730 307 tendente
746 296 759 318 ,
779 260 991 324 sagittarii
1012 264 1060 310 &
1082 261 1286 316 scutarii,
1311 277 1428 323 quos

134 334 345 382 Bacurius
372 334 567 381 Hiberus
592 332 776 401 quidam
803 348 914 389 tunc
946 337 1124 400 regebat
1155 337 1204 384 &
1241 335 1391 382 Caffio
1414 370 1431 392 ,

132 407 313 454 avidius
341 407 512 470 impetu
550 407 715 455 calenti
750 409 964 472 progreffi
985 445 998 465 ,
1024 408 1201 472 jamque
1234 408 1433 456 adversis

132 480 374 539 connexi,
403 493 451 527 ut
479 479 714 527 immature
738 493 1073 544 proruperant,
1097 482 1156 527 ita
1184 480 1316 526 inerti
1342 479 1430 524 dis·
1479 497 1482 499 *

132 537 251 598 cessu
281 550 528 614 primordia
561 550 669 598 belli
713 551 958 617 foeclarunt.
1005 553 1197 614 Hocque
1235 551 1430 613 impedi-

130 636 289 670 mento
312 637 510 682 conatus-v
536 619 845 687 intempestivi.
873 624 923 671 &
954 624 1239 670 Richomeris
1270 624 1430 671 alacri-

130 708 198 744 tas
230 696 366 743 frafla
404 697 466 745 est
480 732 502 754 ‚2
520 696 736 760 nusquam
768 697 831 744 ire
864 697 1082 759 permisti,
1120 699 1170 744 &
1205 688 1429 759 equitatus

133 769 399 815 Gothorum
430 786 532 816 cum
559 770 752 815 Alatheo
782 769 986 827 reversus
1011 771 1061 816 δε
1088 769 1292 827 Safrace,
1324 769 1429 816 Ala-

131 857 298 888 norum
332 859 485 900 manu..
497 842 752 905 permixta,
781 855 828 888 ut
868 842 1035 889 fulmen
1065 859 1209 906 prope
1248 855 1431 889 montes

132 915 275 963 celsos
308 917 541 976 excufl‘us,
567 916 864 980 quoscunque
902 916 1088 964 accursu
1120 916 1271 965 'veloci
1294 916 1428 964 inve-

54 1029 62 1036 (
129 988 229 1034 nire
249 989 459 1036 cominus
480 988 659 1051 potuit,
679 985 863 1035 incitata
883 990 1006 1036 caede
1035 989 1254 1037 turbavit.

194 1063 317 1109 XIII.
340 1063 550 1125 Cumque
569 1079 693 1109 arma
720 1079 776 1109 ex
796 1063 933 1109 latere
963 1063 1092 1109 omni
1122 1071 1429 1110 concuteret-1⁴

128 1148 205 1183 tur
232 1138 282 1185 &
303 1137 412 1195 tela,
434 1136 659 1201 lituosque
686 1137 875 1184 Bellona
905 1135 1133 1183 luctuosos
1155 1135 1357 1193 inflaret,
1380 1134 1428 1180 in

128 1211 277 1258 clades
307 1213 542 1258 Romanas
565 1211 702 1258 solito
734 1211 973 1259 immanius
1003 1210 1186 1258 furens:
1218 1211 1432 1258 cedentes.

128 1283 271 1331 nostri
299 1284 451 1332 multis
478 1284 893 1331 interclamantibus
913 1283 1195 1330 restiterunt:
1222 1285 1270 1331 &
1299 1300 1427 1345 proe-

127 1356 237 1402 lium
277 1355 557 1403 flammarum
587 1355 690 1402 ‘ritu
725 1355 958 1412 crescens,
996 1355 1192 1402 terrebat
1228 1354 1427 1403 militum

127 1428 331 1487 animos,
354 1427 548 1476 confixis
575 1429 839 1493 quibusdam
866 1429 1026 1476 rotatis
1058 1428 1216 1475 ictibus
1251 1428 1424 1487 jaculo-

127 1518 227 1548 rum
255 1503 306 1553 &
332 1501 603 1567 sagittarum.
639 1503 819 1550 Deinde
853 1502 1020 1551 collisae
1051 1501 1100 1547 in
1127 1501 1313 1548 modum
1344 1517 1427 1547 ro-

127 1574 324 1623 strorum
365 1575 553 1623 navium
590 1576 736 1633 acies,
771 1575 1090 1638 trudentesque
1128 1574 1170 1621 se
1207 1573 1429 1629 viciffim,

127 1647 349 1694 undarum
383 1647 533 1710 specie
561 1647 761 1695 motibus
794 1647 894 1695 sunt
927 1646 1171 1708 reciprocis
1203 1645 1428 1710 jaffiratae,

127 1723 185 1768 Et
213 1721 320 1785 quia
349 1720 568 1769 sinistrum
599 1738 746 1769 cornu
777 1720 972 1785 adusque
1000 1720 1190 1783 plaustra
1223 1720 1315 1782 ipsa
1347 1736 1425 1768 ac-

129 1793 276 1852 ceffit,
295 1794 434 1852 ultra,
453 1795 484 1842 fi
505 1794 583 1860 qui
601 1795 799 1842 tulissent
820 1794 1068 1858 suppetias,
1088 1794 1392 1857 processurum
1411 1813 1424 1842 2

127 1885 153 1915 a
186 1868 367 1933 reliquo
409 1868 614 1933 equitatu
656 1868 910 1926 desertum,
947 1867 1235 1915 multitudine
1272 1868 1426 1917 hostili

126 1956 338 2003 urgente,
356 1940 467 1988 ficut
488 1941 617 1988 ruina
646 1940 817 2005 aggeris
838 1940 990 2004 magni
1010 1941 1267 2004 oppreffum
1289 1953 1425 2004 atque

127 2011 345 2074 dejectum
368 2013 428 2061 est
479 2013 696 2061 steterunt
717 2013 975 2077 improteffl
1003 2013 1198 2076 pedites,
1224 2014 1285 2061 ita
1308 2031 1424 2061 con-

127 2086 367 2134 catervatis
399 2085 664 2150 manipulis,
685 2099 734 2132 ut
768 2087 850 2135 vix
885 2102 1155 2134 mucronem
1188 2087 1424 2144 exserere,

128 2167 207 2202 aut
223 2172 380 2207 manus
410 2159 627 2205 reducere
647 2157 878 2221 quisquam
905 2158 1064 2221 poffet.
1097 2157 1194 2205 Nec
1223 2159 1308 2219 jam
1340 2159 1424 2205 oh-

128 2227 248 2289 }eRu
276 2230 476 2292 pulveris
509 2231 675 2279 coelum
697 2243 845 2293 patere
867 2231 1016 2294 potuit
1036 2232 1090 2279 ad
1108 2232 1390 2295 prospestum
1408 2268 1427 2291 ,

128 2300 405 2351 clamoribus
433 2303 648 2352 resultans
677 2302 916 2353 horrificis.
946 2306 1051 2368 Qua
1079 2305 1206 2353 causa
1229 2305 1316 2353 tela
1336 2322 1424 2353 un·-

1072 2380 1099 2425 S
1137 2397 1165 2439 4
