1626 2917
186 134 241 171 10
392 121 730 169 AMMIANI
770 107 1257 171 MARCELLtN'I

179 226 445 273 obumbrata
468 227 574 273 coeli
602 226 711 274 facie
733 227 988 290 fragmentis
1009 230 1232 276 montium
1255 231 1303 277 &
1325 228 1466 276 missi-⁴

179 299 294 346 libus
312 334 324 355 ‚
347 316 461 361 aegre
481 298 678 360 repulsus
698 299 907 346 abscessit.
943 300 1022 346 His
1046 302 1203 363 raptim
1226 319 1276 348 ac
1297 302 1466 348 tumul-

179 371 320 417 tuarie
351 370 550 434 agitatis,
582 388 683 418 cum
714 372 957 435 operositas
986 374 1218 420 vinearum
1254 376 1301 421 &
1329 391 1465 438 agge-

179 460 276 490 rum
311 443 637 506 impeditissima
662 462 684 491 a
707 446 865 492 ceteris
893 445 1153 508 urgentibus
1173 461 1429 493 cerneretur
1452 463 1465 493 ε

179 517 452 574 machinam,
473 535 572 581 quae
593 519 945 582 cognominatur
965 520 1202 582 Helepoiis
1217 556 1231 577 ,
1250 519 1364 581 jussit
1384 536 1467 565 ex-

181 589 372 652 peditius
395 590 602 639 fabricari
621 608 632 636 :
657 609 760 655 qua,
782 606 829 638 ut
852 592 976 654 supra
997 593 1250 646 docuimus,
1269 609 1346 638 rex
1365 591 1467 638 usus

181 663 474 720 Demetrius,
497 664 711 728 superatis
744 666 923 729 oppidis
956 665 1154 729 pluribus
1187 667 1468 714 Poliorcetes

180 735 426 799 appellatus
455 736 529 783 est.
565 739 636 782 Ad
668 739 782 783 hanc
813 736 979 782 molem
1013 738 1266 801 ingentem,
1289 739 1470 799 supera-

179 821 325 856 turam
361 809 575 857 celsarum
607 811 799 857 turrium
823 809 990 865 minas,
1028 810 1334 871 prohibitores
1354 825 1470 857 ocu·

179 882 333 928 lorum
366 882 504 930 aciem
533 882 746 929 intentius
782 881 1094 940 conferentes,
1120 882 1362 945 itidemque
1394 883 1468 928 in-

179 956 384 1003 stantiam
408 957 707 1004 obsidentium
731 954 1076 1017 perpensantes,
1101 953 1248 1000 subito
1279 968 1467 1001 vertun-

179 1041 252 1076 tur
278 1031 334 1077 ad
370 1047 560 1092 preces:
593 1027 938 1090 circumfusique
974 1044 1053 1090 per
1088 1039 1232 1073 turres
1264 1043 1315 1072 ac
1349 1043 1469 1072 moe·

181 1103 306 1150 nium
342 1102 512 1161 minas,
550 1105 598 1151 &
633 1101 766 1149 fidem
803 1102 1054 1147 Romanam
1087 1098 1229 1160 pansis
1264 1098 1471 1144 manibus

182 1176 504 1240 protestantes,
526 1176 664 1222 vitam
698 1192 798 1221 cum
832 1173 964 1219 venia
1001 1172 1299 1236 postulabant.
1329 1172 1468 1218 Cum·

182 1264 271 1310 que
297 1247 469 1295 cessasse
491 1264 628 1309 opera
647 1283 659 1302 ‚
691 1249 738 1294 &
771 1246 1022 1292 munitores
1055 1244 1163 1290 nihil
1189 1255 1357 1289 tentare
1393 1241 1469 1288 vi·

181 1321 337 1367 derent
359 1320 545 1367 ulterius
560 1357 575 1379 ,
593 1320 719 1384 quod
738 1319 899 1381 quietis
921 1330 1013 1364 erat
1034 1316 1250 1363 indicium
1271 1328 1467 1362 certum:

183 1394 362 1457 copiam
403 1393 480 1440 sibi
516 1393 608 1440 dari
650 1393 913 1439 conferendi
946 1389 1162 1437 sermonis
1201 1406 1301 1435 cum
1345 1389 1469 1434 Hor-

184 1466 322 1514 misda
360 1466 617 1529 poscebant.
655 1467 847 1527 Hocque
885 1465 1150 1527 impetrato,
1187 1460 1472 1507 Mamersides

185 1540 493 1604 praefidiorum
515 1539 747 1602 praefekius
776 1538 983 1585 demissus
1003 1554 1079 1599 per
1098 1535 1276 1592 funem,
1296 1533 1471 1581 dusius-

185 1629 274 1677 que
298 1613 351 1659 ad
380 1616 695 1675 Imperatorem
716 1650 727 1669 ,
748 1626 795 1658 ut
820 1610 1099 1666 obsecravit,
1126 1609 1219 1655 vita
1250 1625 1350 1655 cum
1384 1608 1472 1653 irn-

185 1687 386 1750 punitate
421 1687 499 1732 fibi
544 1685 917 1747 consortibusque
956 1684 1040 1731 suis
1081 1683 1265 1731 firmiter
1313 1684 1471 1746 ρεξὶει,

184 1758 329 1805 redire
373 1758 604 1821 permissus
650 1758 724 1805 est.
774 1758 1009 1821 Gestisque
1065 1756 1302 1811 nuntiatis,
1347 1754 1472 1817 plebs

186 1831 337 1879 omnis
365 1831 598 1896 utriusque
618 1831 748 1878 sexus
770 1832 824 1877 ad
854 1830 1115 1878 sententiam
1152 1829 1268 1875 suam
1303 1827 1473 1874 cunffis

187 1904 408 1966 acceptis,
436 1921 543 1967 pace
571 1904 790 1951 foederata
816 1921 916 1950 cum
943 1903 1212 1966 religionum
1234 1900 1473 1947 consecra-

186 1977 387 2023 tionibus
421 1976 549 2034 fidis,
587 1977 809 2038 patefaffis
846 1977 1070 2040 egreditur
1103 1975 1273 2038 portis,
1308 1973 1470 2019 saluta-

188 2066 281 2096 rem
306 2049 484 2113 genium
519 2050 717 2097 affulsisse
756 2050 834 2096 sibi
867 2050 1096 2098 clamitans
1128 2048 1346 2095 Caesarem
1381 2063 1473 2092 ma-

189 2140 324 2186 gnum
361 2124 410 2170 &
449 2123 610 2171 lenem.
650 2126 893 2170 Numerata
927 2124 1025 2170 sunt
1062 2135 1207 2169 autem
1240 2121 1473 2167 dedititio-

189 2212 288 2243 rum
317 2195 410 2242 duo
436 2197 573 2244 millia
611 2200 659 2245 &
701 2196 935 2262 quingenti
963 2214 974 2242 ε
1002 2213 1102 2244 nam
1138 2209 1282 2242 cetera
1318 2193 1473 2240 multi-

186 2269 303 2317 tudo
351 2270 572 2316 obsidium
621 2282 724 2316 ante
765 2269 1008 2330 suspectans
1028 2304 1042 2325 ‚
1085 2267 1275 2329 navigiis
1320 2266 1478 2328 parvis

193 2355 423 2407 permeato
447 2360 579 2390 amne
606 2343 805 2390 disceffit.
840 2344 888 2389 In
910 2341 989 2388 hac
1010 2357 1112 2387 arce
1139 2356 1363 2386 armorum
1395 2339 1474 2385 ali-

195 2428 544 2482 mentorumque
567 2417 701 2480 copia
728 2427 902 2480 reperta
929 2414 988 2462 est
1014 2413 1236 2461 maxima:
1259 2413 1375 2460 unde
1394 2427 1476 2458 ne·-
