1626 2917
201 269 292 311 242
394 248 739 297 AMMIANl
790 246 1288 294 MARcssLmNt

199 357 351 421 passim
375 355 645 404 clamoribus
671 356 871 403 ascensus
904 357 1103 421 undique
1141 359 1380 406 tentabant.
1421 362 1478 406 Et

199 430 307 477 licet
328 424 581 475 defensores
605 429 802 475 obtentis
831 429 986 476 ciliciis
1003 465 1015 488 ,
1036 447 1092 477 ne
1114 432 1478 495 conspicerentur

197 505 254 551 ab
286 502 513 559 hostibus,
546 503 743 550 latebant
779 503 1074 561 intrinsecum
1096 520 1267 560 tamen,
1297 505 1476 570 quoties

196 577 426 640 flagitabat
462 577 687 623 neceflitas
706 613 719 634 ‚
749 576 941 624 lacertos
967 576 1145 624 fortiter
1174 579 1440 626 exsertantes
1461 614 1490 637 ,⁴

197 648 421 709 lapidibus
451 647 666 709 subjeEtos
695 647 964 695 incessebant
993 651 1041 696 &
1065 649 1176 696 telis.
1194 651 1249 695 Et
1267 650 1476 697 vimineae

194 733 339 767 crates
360 737 460 766 cum
495 720 793 783 procederent
812 719 1094 767 confidenter
1109 757 1122 779 ‚
1149 722 1376 785 essentque
1395 739 1474 784 pa-

195 795 379 843 rietibus
398 795 652 859 contiguae,
676 795 796 841 dolia
813 795 997 859 desuper
1015 797 1254 854 cadebant,
1274 798 1407 843 molae
1425 799 1476 845 ὃ(

195 871 513 919 columnarum
535 869 803 932 fragmenta:
822 887 1015 932 quorum
1031 871 1307 933 ponderibus
1326 871 1475 918 nimiis

195 944 506 991 obruebantur
528 954 890 1006 oppugnatores,
917 943 1126 1007 hiatuque
1155 944 1360 991 violento
1392 943 1477 990 dis-

192 1017 316 1081 jeffls
333 1016 651 1080 operimentis,
674 1033 774 1062 cum
802 1017 1010 1078 periculis
1028 1017 1192 1064 ultimis
1211 1017 1476 1065 evadebant.

193 1090 399 1142 Decimo
419 1088 569 1151 itaque
591 1088 826 1150 postquam
848 1090 1038 1152 pugnari
1063 1089 1133 1135 die
1158 1101 1361 1152 coeptum
1381 1088 1441 1135 est
1461 1123 1476 1147 ‚

191 1182 296 1214 cum
314 1162 411 1226 spes
429 1160 684 1207 nostrorum
704 1160 916 1207 interiora
935 1163 1090 1208 cunita
1112 1179 1311 1208 moerore
1342 1179 1472 1208 com-

194 1236 339 1300 pleret
360 1270 374 1292 ‚
413 1231 640 1279 transferri
665 1233 889 1294 placuerat
916 1233 1081 1279 molem
1118 1233 1264 1279 arietis
1287 1234 1436 1297 magni
1460 1269 1474 1292 ,

191 1325 328 1373 quam
356 1305 495 1353 Persae
523 1306 751 1367 quondam
770 1341 782 1364 ‚
804 1305 1049 1353 Antiochia
1073 1306 1265 1368 pulsibus
1283 1305 1377 1369 ejus
1397 1324 1472 1353 ex·

193 1382 309 1436 cist,
339 1379 524 1425 relatam
556 1378 824 1439 reliquerant
851 1378 967 1440 apud
983 1379 1173 1424 Carras:
1198 1395 1296 1441 quae
1322 1378 1471 1426 subito

192 1453 287 1500 visa
310 1489 323 1508 ‚
348 1449 581 1512 aptataque
606 1448 840 1495 faberrime
856 1484 870 1505 ‚
902 1448 1154 1495 clausorum
1182 1450 1471 1498 hebetaverat

193 1536 365 1574 mentes
385 1559 399 1581 ‚
437 1521 629 1585 adusque
659 1520 900 1568 deditionis
933 1521 1128 1584 remedia
1155 1538 1282 1583 paene
1317 1524 1470 1584 prola-

191 1599 303 1664 psas,
329 1597 373 1644 ni
399 1594 600 1641 resumtis
625 1594 796 1640 viribus
826 1595 1099 1657 opponenda
1129 1594 1344 1641 machinae
1365 1595 1470 1643 huic

190 1670 518 1738 praeparassent.
559 1670 656 1716 Nec
687 1668 911 1716 temeritas
946 1668 1045 1731 post
1074 1670 1168 1715 haec
1197 1668 1468 1729 cessaverat,

191 1764 277 1794 nec
298 1744 553 1792 consilium.
591 1758 781 1806 namque
809 1743 912 1789 dum
942 1742 1229 1788 instrueretur
1255 1742 1365 1789 aries
1391 1760 1469 1789 ve-

190 1820 349 1874 tustus,
369 1819 417 1864 &
439 1816 694 1872 dissolutus,
716 1828 764 1862 ut
785 1815 913 1863 facile
933 1815 1186 1873 veheretur,
1205 1816 1331 1861 omni
1353 1829 1468 1874 arte,

189 1894 407 1955 omnique
429 1891 595 1936 virium
617 1889 743 1947 nisu,
778 1891 828 1937 &
850 1901 1213 1953 oppugnatorum
1239 1887 1285 1933 vi
1316 1889 1365 1935 ὅ(
1393 1887 1469 1934 fir-

189 1963 410 2014 mitudine
438 1962 603 2008 summa
634 1961 965 2007 defensabatur:
985 1972 1209 2006 tormenta
1233 1959 1467 2005 nihilomi-

187 2053 275 2084 nus
309 2033 569 2097 &lapidum
595 2033 809 2079 crebritas
839 2045 970 2095 atque
1000 2031 1237 2078 fundarum
1263 2046 1318 2075 ex
1345 2042 1466 2076 utra-

185 2124 280 2172 que
303 2119 423 2168 parte
447 2106 664 2168 plurimos
687 2104 1007 2152 consumebant
1028 2121 1038 2149 :
1063 2104 1110 2149 &
1131 2118 1338 2165 aggerum
1360 2119 1464 2148 mo-

183 2182 252 2228 les
283 2179 568 2226 incrementis
599 2178 816 2226 celeribus
849 2176 1200 2239 consurgebant:
1226 2174 1466 2237 acriorque

186 2253 238 2300 in
267 2253 358 2298 dies
390 2251 669 2298 adolescebat
695 2249 870 2296 obsidio
887 2285 899 2306 ,
925 2248 1074 2295 multis
1109 2246 1366 2298 nostrorum
1392 2245 1463 2291 id-

186 2326 313 2373 circo
347 2324 637 2379 cadentibus,
678 2322 803 2386 quod
835 2322 1123 2367 decernentes
1161 2317 1238 2363 sub
1270 2319 1462 2378 Impera·

185 2398 300 2445 toris
319 2396 556 2459 conspectu
570 2432 582 2453 ‚
615 2395 686 2457 spe
708 2393 992 2457 praemiorum
1013 2427 1026 2449 ,
1044 2404 1092 2437 ut
1115 2391 1289 2453 poss'ent
1310 2388 1460 2443 facile,

184 2469 264 2532 qui
284 2469 442 2527 essent,
463 2467 640 2530 agnosci
659 2503 673 2523 ‚,
704 2467 917 2513 nudantes
938 2464 1070 2529 galeis
1091 2463 1233 2525 capita
1250 2499 1262 2520 ‚
1284 2462 1458 2525 sagitta·

185 2542 358 2589 riorum
398 2539 622 2588 hostilium
654 2539 812 2603 peritia
854 2537 1165 2587 fundebantur.
1198 2535 1335 2584 Proin
1368 2534 1459 2582 dies
