1626 2917
182 214 242 274 84
377 212 721 260 AMmANI
778 213 1271 262 MARCELLINI

178 338 438 378 armorum,
470 323 694 366 innocuos
740 322 858 367 abire
897 324 1119 385 perpessus
1151 324 1227 369 est.
1267 322 1464 371 Proinde

178 395 374 440 certiore
396 393 481 453 jam
513 393 584 454 spe
617 392 670 438 ad
701 393 985 440 resistendum
1016 396 1323 457 ingruentibus
1353 414 1465 442 con-

177 465 374 514 firmatus
401 502 414 519 ,
461 481 538 526 per
569 466 706 512 multa
741 467 991 513 discrimina
1034 482 1216 514 venerat
1247 467 1465 514 Tricaffas

177 539 293 585 adeo
331 536 602 598 insperatus,
631 551 680 584 ut
715 556 770 585 eo
805 552 955 601 portas
983 558 1109 602 paene
1133 538 1357 602 pulsante,
1378 539 1466 585 dif-

177 613 284 658 susae
317 610 614 658 multitudinis
646 613 844 660 barbara?
867 628 986 660 metu
1009 650 1022 670 ‚
1051 614 1194 660 aditus
1221 614 1343 661 urbis
1369 631 1466 660 non

177 686 269 732 sine
301 686 433 731 anxia
473 685 743 747 panderetur
787 685 984 748 ambage.
1022 689 1075 731 Et
1110 686 1330 748 paulisper
1365 702 1465 732 mo-

177 773 325 817 ratus,
351 760 455 805 dum
485 758 671 823 fatigato
701 759 896 806 consulit
929 759 1088 816 militi,
1119 761 1344 807 civitatem
1378 763 1465 806 Re·

177 849 305 889 mos,
328 832 439 877 nihil
471 832 786 893 prolatandum
816 830 1094 889 existimans,
1126 832 1237 894 petit
1269 850 1279 878 :
1311 833 1385 878 ubi
1418 833 1464 876 in

175 921 320 950 unum
356 918 671 967 congregatum
702 904 945 951 exercitum
969 903 1205 949 vehentem
1213 938 1312 949 .......
1333 903 1465 964 juffe-

176 991 248 1023 rat
282 976 481 1038 opperiri
515 975 794 1038 praesentiam
829 976 977 1022 suam:
1007 975 1077 1022 cui
1102 976 1359 1037 praesidebat
1379 979 1466 1022 Ur·

175 1049 306 1096 sicini
327 1049 548 1095 successor
570 1049 832 1106 Marcellus,
859 1051 909 1096 &
942 1049 1030 1111 ipse
1060 1049 1310 1106 Urficinus‚
1333 1049 1466 1096 adus-

175 1141 270 1186 que
300 1123 602 1185 expeditionis
632 1122 766 1169 finem
802 1140 929 1186 agere
966 1138 1214 1184 praeceptus
1242 1123 1396 1170 iisdem
1417 1124 1465 1169 in

176 1195 308 1243 locis.
335 1195 440 1241 1³0st
471 1196 664 1242 variatas
698 1196 846 1258 itaque
877 1195 1113 1242 sententias
1152 1197 1298 1258 plures
1319 1231 1331 1252 ‚
1355 1213 1466 1243 *cum

176 1268 409 1330 placuifl'et
430 1285 508 1330 per
526 1268 842 1330 decem-pagos
862 1267 1153 1314 Alamannam
1174 1267 1352 1330 aggredi
1371 1268 1467 1330 ple-

176 1341 282 1388 bem
302 1376 317 1397 ,
341 1339 530 1385 densatis
560 1339 812 1402 agminibus
841 1339 1051 1385 tendebat
1075 1339 1182 1386 illuc
1213 1339 1347 1385 solito
1377 1342 1465 1386 ala-

178 1412 304 1461 crior
329 1411 469 1458 miles.
509 1413 565 1456 Et
593 1411 695 1473 quia
731 1410 823 1457 dies
859 1410 1086 1456 humectus
1105 1412 1154 1456 &
1174 1410 1362 1457 decolor
1392 1410 1467 1457 vel

179 1487 450 1550 contiguum
488 1486 701 1548 eripiebat
741 1485 960 1548 aspectum
985 1521 998 1541 ‚
1032 1483 1216 1545 juvante
1253 1486 1466 1534 locorum

178 1559 397 1622 gnaritate
429 1594 443 1616 ,
485 1558 634 1604 hostes
679 1558 855 1604 tramite
899 1557 1090 1620 obliquo
1132 1557 1329 1605 discurso
1365 1559 1467 1620 post

180 1631 369 1678 Caesaris
401 1642 523 1694 terga
542 1667 555 1688 ‚
577 1631 778 1694 legiones
802 1630 906 1678 duas
936 1647 1056 1677 arma
1083 1644 1295 1693 cogentes
1317 1631 1466 1678 adorti

179 1723 310 1770 paene
340 1706 551 1752 deless'ent
571 1741 585 1763 ‚
622 1706 667 1751 ni
701 1705 846 1751 subito
885 1705 1093 1753 concitus
1121 1706 1289 1752 clamor
1318 1707 1465 1753 socio-

181 1797 282 1827 rum
316 1779 482 1826 auxilia
508 1779 730 1842 coegisset.
765 1779 883 1826 Hinc
915 1781 964 1826 ὃ(
996 1778 1154 1824 deinde
1187 1795 1270 1825 nec
1308 1779 1465 1826 itinera

182 1874 267 1903 nec
289 1857 476 1903 flumina
495 1857 677 1903 tranfire
707 1856 830 1919 poffe
856 1854 942 1902 fine
968 1855 1135 1901 infidiis
1157 1868 1316 1917 putans
1336 1892 1348 1913 ‚
1371 1868 1465 1903 erat

181 1931 406 1992 providus
436 1932 486 1978 &
516 1931 784 1977 cunffilator:
821 1929 945 1991 quod
975 1928 1248 1990 praecipuum
1291 1930 1462 1976 bonum

179 2003 229 2051 in
260 2005 430 2068 magnis
461 2006 740 2062 ductoribus,
761 2021 896 2067 opem
917 2003 1031 2050 ferre
1062 2003 1171 2048 solet
1192 2004 1463 2050 exercitibus

181 2078 234 2124 &
254 2078 448 2124 salutern.
476 2078 671 2125 Audiens
693 2079 842 2140 itaque
857 2114 870 2136 ,
891 2079 1239 2140 Argentoratum
1254 2113 1265 2133 ‚
1288 2078 1462 2123 Broco-

181 2169 389 2214 magum‚
418 2153 647 2199 Tabernas
663 2189 676 2211 ‚
697 2153 965 2210 sansonem,
994 2153 1201 2197 Nemetas
1223 2187 1235 2208 ,
1257 2153 1305 2198 &
1338 2154 1463 2197 Van-

180 2226 340 2289 gionas
361 2262 375 2284 ‚
399 2227 449 2272 ὃς
472 2227 851 2290 Mongontiacum
872 2226 1070 2274 civitates
1097 2225 1306 2271 barbaros
1327 2225 1464 2286 poffi-

182 2298 365 2355 dentes‚
394 2298 620 2344 territoria
647 2316 799 2344 earum
830 2297 1056 2344 habitare:
1087 2295 1218 2359 (nam
1248 2296 1338 2359 ipsa
1375 2313 1462 2358 op-

183 2371 284 2434 pida
316 2384 365 2416 ut
402 2371 672 2418 circumdata
704 2371 822 2418 retiis
852 2371 974 2418 busta
993 2370 1252 2434 declinant)
1275 2370 1461 2431 primam

183 2443 390 2490 omnium
428 2445 756 2507 Brocomagum
792 2443 1072 2506 occupavit:
1106 2442 1236 2504 eique
1269 2442 1354 2502 jam
1381 2442 1462 2486 ad-

184 2518 391 2566 ventanti
433 2520 764 2566 Germanorum
806 2535 961 2565 manus
1006 2534 1198 2581 pugnam
1239 2518 1465 2563 intentans
