1626 2917
239 184 328 229 1'14
426 167 774 216 AMMIANI
824 167 1324 222 ,MARCELLlNI

234 278 435 339 doreque
458 275 681 322 nobilium
702 275 998 325 circumdatus
1016 262 1283 341 potestatum
1300 318 1313 339 ‚
1333 281 1514 329 dextera

233 365 424 411 puerum
452 347 785 408 apprehensum
820 349 1176 414 produfiumque
1211 353 1256 399 in
1284 353 1476 400 medium
1498 385 1514 411 ‚

231 420 441 467 oratione
462 418 755 466 concionaria
776 419 1038 466 destinatum
1057 424 1370 484 Imperatorem
1389 440 1512 469 exer·

231 492 342 540 citui
375 490 725 538 commendavit.
757 494 956 558 Faustum
994 510 1087 555 erga
1117 514 1178 540 me
1211 497 1324 563 vestri
1341 497 1511 555 favoris

230 570 434 614 indicium
455 601 468 623 ‚
499 568 607 610 lzunc
625 568 706 610 loci
718 568 968 626 principalis
997 567 1280 625 circumferens
1301 572 1510 621 habitum,

229 660 308 702 quo
330 643 475 701 potior
494 642 593 685 aliis
612 639 832 696 judicatas
849 642 948 701 ficm
971 644 1112 686 multis
1145 639 1188 686 G*
1208 645 1331 688 claris
1357 659 1374 687 .·
1408 662 1506 688 con-

219 715 411 780 filiorum
438 715 569 774 fhciis
601 730 861 775 votorumque
891 715 1128 774 auspicibus
1156 717 1272 761 vobis
1292 751 1305 772 ,
1334 719 1507 776 pietatis

231 791 411 854 officium
445 790 665 850 aggrediar
694 788 965 853 tempestivum
987 824 999 844 ,
1025 789 1222 849 prospera
1248 792 1346 836 Deo
1367 792 1509 851 spon·

228 868 346 910 dente
360 898 371 917 ‚
392 862 508 919 cujus
516 862 779 922 sempiternis
798 866 977 908 auxiliis
988 863 1119 928 stabit
1134 864 1331 908 Romana
1357 881 1416 909 res
1435 867 1504 909 in·

227 933 430 1000 concuffit.
460 937 649 996 Accipite
678 937 807 997 igitur
824 970 837 992 ,
866 937 995 996 quaeso
1015 970 1028 992 ‚
1052 939 1239 997 placidis
1271 939 1472 983 mentibus
1489 972 1505 993 ,

226 1010 535 1074 'virifortiſjimi
546 1046 562 1067 ,
581 1011 819 1074 defiderium
835 1012 1014 1077 nostrum
1033 1045 1047 1067 ‚
1066 1014 1113 1056 id
1127 1027 1374 1071 reputantes,
1393 1013 1506 1072 quod

226 1088 323 1139 lzaec,
340 1103 425 1145 quae
433 1084 525 1142 fieri
542 1085 728 1128 caritatis
729 1083 934 1142 sanciunt
942 1083 1062 1139 jura,
1081 1100 1338 1128 nonrtantum
1356 1085 1486 1142 trans
1481 1109 1496 1118 -

227 1158 284 1202 ire
317 1158 523 1202 voluimus
558 1172 630 1213 per
657 1153 945 1213 conscientiam
971 1155 1139 1219 vestram
1161 1187 1175 1209 ‚
1206 1171 1341 1199 verum
1371 1157 1497 1200 eciam

219 1231 401 1290 probata
418 1230 587 1287 firmari
611 1263 625 1284 ,
652 1242 698 1272 ut
720 1245 899 1288 congrua
930 1230 1050 1272 nobis
1077 1225 1119 1273 G’
1135 1226 1370 1288 profutura.
1393 1228 1505 1274 Gra-

227 1301 390 1348 tianum
424 1304 532 1347 lzunc
557 1319 687 1346 meum
717 1304 906 1346 adultum
924 1335 937 1356 ‚
956 1319 1072 1360 quem
1103 1302 1178 1346 diu
1203 1301 1404 1361 vesfatum
1437 1304 1505 1346 in-

225 1395 287 1423 ter
317 1379 462 1423 liberos
490 1376 634 1442 vestros
660 1393 871 1420 commune
907 1377 1085 1435 diligitis
1105 1377 1294 1436 pignus,
1326 1378 1504 1436 undique

226 1453 458 1498 munienda
486 1451 804 1509 tranquillitatis
834 1450 1008 1509 publicae
1036 1447 1160 1507 cauſsa
1193 1450 1238 1492 in
1268 1447 1503 1512 Augustum

214 1527 374 1588 sumere
398 1527 685 1569 commilitium
706 1542 814 1584 paro
833 1522 898 1586 ‚fi
916 1523 1102 1583 propitia
1129 1522 1288 1586 coelestis
1315 1522 1510 1567 numinis.

225 1600 429 1664 vestraeque
456 1597 681 1662 majestatis
712 1600 906 1642 voluntas
931 1598 1118 1656 parentis
1153 1613 1329 1640 amorem
1345 1594 1503 1650 juverit

219 1685 464 1732 praeeuntem
486 1685 503 1713 :
525 1686 610 1713 non
630 1668 766 1729 rigido
795 1672 906 1713 cultu
936 1668 988 1712 ab
1008 1668 1271 1712 incunabulis
1290 1667 1387 1730 ipsis
1404 1697 1419 1722 ,
1453 1682 1500 1712 ut

227 1761 306 1788 nos
322 1778 337 1798 ,
362 1745 575 1787 educatum
597 1776 609 1798 ,
629 1760 700 1787 nec
720 1744 940 1787 tolerantia
968 1760 1096 1787 rerum
1116 1743 1309 1786 coalitum
1333 1741 1499 1801 aspera-

227 1836 315 1863 rum
337 1850 350 1872 ‚
377 1834 448 1860 nec
478 1833 665 1875 capacem
694 1817 830 1861 adhuc
860 1817 1012 1861 Martii
1020 1816 1205 1875 pulveris
1223 1848 1235 1867 ‚
1255 1828 1301 1858 ut
1316 1816 1464 1859 videtis
1481 1833 1502 1869 ;

216 1890 298 1950 fid
317 1888 500 1946 familiae
518 1888 609 1948 suae
627 1889 822 1933 laudibus
849 1886 1130 1947 majorumque
1146 1885 1277 1944 faHis
1299 1885 1498 1949 praestan-

226 1966 338 2009 tibus
363 1965 663 2018 concinentem,
683 1963 918 2022 potioribus
939 1957 1142 2023 (invidia
1174 1974 1281 2004 melu
1311 1958 1500 2022 dicitur)

221 2039 416 2097 protinus
429 2037 723 2094 succreturum.
752 2037 817 2080 Ut
848 2036 954 2079 enim
979 2035 1083 2078 milzi
1105 2034 1235 2078 videri
1253 2032 1388 2092 solet,
1411 2051 1498 2078 mo-

225 2125 288 2154 res
316 2108 405 2164 ejus
433 2104 477 2152 &
499 2110 702 2168 appetitus
719 2141 733 2163 ‚
763 2108 855 2151 licet
871 2109 1056 2152 nondum
1082 2120 1263 2150 maturos
1271 2105 1382 2165 saepe
1391 2123 1500 2166 pen-

214 2182 338 2243 santi
361 2198 376 2225 .·
407 2184 565 2225 ineunte
598 2180 900 2240 adolescentia,
934 2182 1129 2240 quoniam
1161 2178 1417 2223 humanitate
1451 2176 1496 2224 C«

212 2259 370 2325 studiis
385 2258 697 2316 disciplinarum
706 2255 936 2315 sollertium
953 2254 1007 2318 est
1014 2255 1172 2313 politus
1188 2286 1202 2310 ,
1222 2254 1388 2297 librabit
1392 2252 1497 2314 suf·

213 2329 375 2390 fragiis
402 2330 520 2388 puris
548 2329 688 2373 merita
715 2327 807 2373 refle
823 2326 987 2387 secusite
997 2325 1206 2384 fabiorum
1230 2325 1412 2383 :fhciet‚
1446 2340 1493 2370 ut

213 2405 362 2463 sciant
381 2403 431 2461 se
460 2403 559 2445 boni
575 2402 747 2462 intelligi
762 2418 779 2445 .·
799 2403 843 2445 in
867 2400 1039 2459 pulchra
1053 2397 1252 2456 facinora
1266 2398 1489 2457 procursa-

224 2475 284 2519 bit
301 2507 316 2533 ‚
357 2475 470 2535 ignis
488 2474 737 2519 militaribus
755 2469 797 2519 6·
816 2473 966 2532 aquilis
990 2470 1227 2532 adhczficncs
1245 2488 1260 2516 .·
1272 2469 1404 2530 solem
1423 2469 1490 2520 m‘f
