1626 2917
249 220 468 268 RERUM
494 220 841 268 GESTARUM.
872 221 975 268 LIB.
1005 220 1170 270 XVIII.
1258 225 1341 286 163

71 343 196 382 ment
213 332 574 382 exhorrescentes
601 333 756 380 diffuse
779 345 1018 380 vertuntur
1039 333 1085 380 in
1113 334 1278 396 pedes:
1298 335 1349 382 &

70 406 298 454 indomito
317 405 468 453 furore
489 406 638 452 sedato
651 442 665 462 ,
687 406 1022 453 necessitudines
1040 407 1235 470 opesque
1253 407 1351 454 suas

69 476 309 533 transferre
328 478 510 541 longius
530 477 810 524 festinabant.
829 478 1073 541 Statimque
1092 478 1350 525 difficultate

71 551 200 599 omni
215 551 408 613 depulsa,
424 561 564 614 ponte
583 550 828 609 constrato,
843 551 1133 599 sollicitarum
1148 552 1350 616 gentium

42 623 295 687 *opinione
318 635 573 686 praeventa,
594 623 717 669 visus
747 623 793 670 in
828 624 1064 671 barbarico
1098 625 1250 684 miles,
1271 641 1351 687 per

9 708 13 714 ·’
34 700 36 702 ’
72 696 276 744 Hortarii
294 713 429 760 regna
454 696 660 743 transibat
678 697 852 743 intacta.
882 697 973 744 Ubi
995 714 1107 744 vero
1127 711 1260 745 terras
1281 699 1354 745 in-

71 768 288 816 festorum
308 769 439 816 etiam
460 782 555 815 tum
576 768 719 832 tetigit
747 786 902 833 regum
918 806 932 826 ,
951 787 1082 816 urens
1102 773 1255 818 omnia
1278 790 1354 819 ra-

73 843 289 906 piensque
322 859 401 907 per
424 843 620 890 medium
648 844 878 889 rebelli-um
911 844 1054 890 solnm
1087 846 1353 907 grassabatur

74 915 341 978 intrepidus.
377 915 567 978 Postque
596 915 852 978 saepimenta
881 914 1101 979 fragilium
1123 920 1354 979 penatium

76 987 379 1046 inflammata,
406 990 455 1036 &
487 988 799 1035 obtruncatam
832 988 1065 1034 hominum
1100 991 1356 1038 multitudi-

77 1079 205 1120 nem,
225 1061 432 1125 visosque
449 1063 655 1113 cadentes
673 1062 863 1119 multos,
883 1061 1081 1125 aliosque
1103 1058 1356 1127 supplicam--

77 1147 160 1192 tes,
179 1151 279 1181 cum
299 1145 485 1181 ventum
504 1132 648 1180 fuisset
667 1133 721 1179 ad
740 1132 968 1195 regionem
981 1168 995 1191 ‚
1013 1134 1085 1180 cni
1100 1135 1354 1197 Capellatii,

77 1207 156 1255 vel
190 1205 311 1252 Palas
344 1222 513 1252 nomen
539 1204 631 1263 est,
661 1203 741 1251 ubi
771 1204 1023 1251 terminales
1056 1206 1219 1269 lapides
1251 1209 1358 1256 Ala-

78 1295 348 1327 mannorum
392 1281 442 1327 &
475 1277 839 1342 Burgundiorum
880 1277 1078 1325 confinia
1119 1280 1357 1345 distingue-

0 1408 8 1417 ·
79 1353 208 1410 bant,
229 1353 366 1399 castra
385 1351 484 1398 sunt
504 1352 645 1415 posita
663 1369 673 1397 ε
693 1367 742 1397 ea
764 1367 948 1413 propter
965 1364 1013 1397 ut
1032 1352 1286 1400 Macrianus
1305 1357 1359 1403 ὅε

80 1422 397 1470 Hariobaudus
429 1422 626 1485 germani
652 1421 809 1470 fratres
832 1425 881 1470 &
907 1440 1057 1486 reges,
1083 1423 1358 1488 susciperen-

83 1509 157 1542 tur
186 1494 429 1557 impavidi3
454 1494 531 1558 qui
559 1495 861 1559 propinquare
889 1495 968 1541 fibi
994 1497 1235 1558 perniciem
1258 1498 1359 1546 sen-

84 1570 272 1626 tientes,
310 1582 528 1615 venerant
558 1587 710 1633 pacem
747 1569 891 1616 anxiis
931 1570 1088 1617 animis
1120 1573 1358 1633 precaturi.

86 1643 190 1691 Post
223 1659 338 1707 quos
369 1642 512 1689 statim
546 1660 623 1689 rex
658 1660 842 1707 quoque
872 1644 1167 1691 Vadomarius
1199 1647 1360 1705 venit,

87 1716 213 1777 cujus
233 1728 326 1762 erat
344 1714 621 1762 domicilium
645 1728 800 1763 contra
819 1717 1047 1762 Rauracos
1066 1732 1076 1761 :
1101 1715 1361 1781 scriptisque

87 1787 341 1847 Constantii
371 1786 614 1850 principis,
635 1787 797 1850 quibus
830 1788 1166 1835 commendatus
1200 1788 1261 1835 est
1290 1809 1362 1838 ar-

87 1862 224 1920 clius,
255 1860 450 1923 allegatis
468 1896 481 1917 ‚
509 1860 667 1907 leniter
697 1860 918 1924 susceptus
953 1861 1043 1919 est,
1068 1873 1120 1908 ut
1149 1861 1364 1921 decebat,

89 1937 202 1984 olim
226 1935 280 1982 ab
313 1933 513 1998 Augusto
547 1934 592 1980 in
615 1934 863 1981 clientelam
886 1934 951 1980 rei
978 1935 1197 1982 Romanae
1223 1935 1364 1984 susce·

87 2022 204 2073 ptus.
225 2011 280 2054 Et
300 2007 552 2054 Macrianus
573 2007 754 2070 quidem
775 2023 876 2054 cum
902 2006 1036 2052 fratre
1056 2005 1172 2052 inter
1191 2009 1364 2072 aquilas

91 2082 295 2129 admiffus
315 2083 364 2128 &
384 2080 498 2144 signa
511 2118 524 2140 ,
545 2081 747 2144 stupebat
765 2098 990 2129 armorum
1012 2080 1270 2145 viriumque
1288 2101 1368 2130 va-

93 2155 207 2202 rium
236 2155 396 2212 decus,
417 2153 512 2200 visa
540 2166 649 2201 tnnc
677 2155 908 2217 primitus,
939 2168 1114 2217 proque
1147 2153 1234 2199 suis
1260 2172 1367 2202 ora-

95 2227 515 2275 bat.'Vadomarius
539 2244 654 2274 vero
683 2228 845 2275 nostris
866 2226 1084 2284 coalitus,
1107 2239 1266 2289 utpote
1296 2229 1368 2276 vi-

96 2300 223 2348 cinus
240 2299 396 2356 limiti,
416 2300 657 2347 mirabatur
677 2300 853 2363 quidem
875 2310 1128 2361 apparatum
1148 2299 1369 2347 ambitiofi

96 2375 353 2440 procinctus
368 2411 381 2431 ‚
405 2375 476 2421 sed
495 2374 652 2422 vidisse
675 2374 717 2420 se
737 2374 838 2419 talia
861 2373 972 2435 saepe
994 2373 1048 2418 ab
1076 2371 1370 2418 adolescenti-a

97 2448 360 2496 meminerat
397 2448 552 2510 prima.
588 2446 778 2493 Libratis
804 2445 994 2508 denique
1029 2443 1103 2488 diu
1139 2444 1333 2490 consiliis
1354 2479 1370 2501 ,

99 2521 319 2570 concordi
339 2521 579 2570 assensione
608 2521 898 2580 cunEtornm,
919 2516 1156 2564 Macriano
1189 2517 1370 2580 quidem

1022 2591 1057 2636 L
1093 2607 1117 2637 2
