1626 2917
201 200 253 261 56
406 193 738 244 AMMtAm
789 191 1262 259 MARCELMNI

194 304 385 352 larichus
406 301 656 351 Gentilium
679 301 823 348 rector
837 335 851 359 ,
872 299 1054 364 collegis
1072 298 1276 347 adhibitis
1300 297 1467 362 strepeJ

195 377 271 424 bat
296 377 572 431 immaniter,
599 374 921 422 circumveniri
951 374 1158 421 homines
1191 373 1363 420 dicatos
1386 373 1470 419 im-

194 449 323 512 perio
347 465 423 511 per
446 446 660 493 faciiones
685 448 734 494 &
755 446 887 494 dolos
908 445 1090 493 minime
1109 446 1270 493 debere
1290 446 1470 508 procla-

196 537 321 567 mans
347 538 357 566 ε
380 519 667 582 petebatque,
701 530 752 566 ut
782 518 896 580 ipse,
929 518 1090 566 relictis
1121 517 1325 565 obfidum
1360 517 1469 564 loco

196 591 587 640 necefiitudinibus
605 591 715 649 suis,
743 591 1029 638 Mallobaude
1049 602 1370 638 armaturarum
1387 589 1470 635 tri-

194 666 319 712 buno
342 664 589 727 spondente
619 666 744 730 quod
761 663 1004 721 remeabit,
1023 664 1226 711 velocius
1243 662 1471 724 juberetur

192 738 258 785 ire
284 738 497 783 ducturus
516 735 773 791 Silvanum,
783 737 969 814 aggredi
993 736 1105 783 nihil
1123 737 1208 784 tale
1229 747 1441 783 conatum
1456 770 1470 791 ,

195 809 326 869 quale
347 806 625 853 insidiatores
654 806 860 853 acerrimi
886 807 1200 856 concitarunt:
1190 806 1295 854 ·vel
1312 818 1472 853 contra

196 879 238 926 se
271 880 392 942 paria
413 879 730 942 promittente,
760 878 1094 926 Mallobaudem
1123 879 1279 926 orabat
1305 895 1473 941 prope-

193 969 292 1003 rare
313 952 531 1015 permitti,
556 953 671 1008 haec,
688 970 790 1016 quae
805 951 894 1015 ipse
910 953 1138 1015 pollicitus
1159 952 1246 1010 est,
1263 951 1474 1015 impletu-

195 1043 310 1072 rum.
330 1025 592 1071 Testabatur
613 1025 730 1071 enim
747 1025 792 1071 id
814 1024 855 1071 se
871 1025 1032 1088 procul
1048 1025 1186 1072 dubio
1206 1024 1335 1083 scire,
1350 1024 1476 1088 quod

198 1098 230 1144 fi
260 1097 359 1160 quis
389 1097 638 1144 mitteretur
658 1108 895 1155 externus,
920 1096 1078 1160 suopte
1109 1097 1294 1162 ingenio
1327 1098 1475 1145 Silva-

199 1186 309 1224 nus,
334 1169 466 1215 etiam
498 1169 617 1215 nulla
647 1186 693 1214 rc
725 1180 998 1232 perterrente
1027 1169 1257 1224 timidior,
1279 1186 1475 1232 compo-

199 1241 275 1287 sita
295 1241 411 1287 forte
439 1239 647 1287 turbabit.
670 1243 724 1286 Et
749 1258 1015 1304 quamquam
1045 1240 1170 1287 utilia
1199 1254 1404 1288 moneret
1427 1244 1477 1290 δε

199 1313 458 1370 neccssaria,
475 1313 621 1360 ventis
640 1327 785 1359 tamen
806 1313 1073 1376 loquebatur
1093 1313 1317 1362 incassum.
1338 1316 1477 1360 Nam-

198 1402 286 1446 que
307 1384 557 1431 Arbetione
577 1386 781 1442 auctore,
803 1385 1078 1447 Apodemius
1102 1385 1155 1432 ad
1175 1402 1275 1432 eum
1298 1403 1473 1434 vocan-

200 1459 305 1504 dum
337 1475 438 1504 cum
468 1458 604 1504 literis
632 1458 850 1516 mittitur,
880 1458 1089 1507 inimicus
1120 1460 1346 1507 bonorum
1373 1477 1478 1507 om·
1547 1455 1550 1457 ³

201 1532 326 1577 nium
348 1531 583 1576 diuturnus
600 1531 649 1577 &
668 1531 817 1593 gravis
834 1549 844 1576 ε
861 1531 940 1594 qui
959 1531 1200 1578 incidentia
1220 1532 1349 1594 parvi
1368 1549 1478 1595 pen-

201 1605 308 1650 dens
328 1621 429 1650 cum
455 1603 640 1650 veniffet
666 1603 712 1649 in
736 1603 930 1662 Gallias,
958 1605 1163 1652 diffidens
1191 1623 1215 1652 a
1236 1607 1476 1665 mandatis,

200 1695 301 1739 quae
331 1676 632 1738 proficiscenti
653 1675 753 1722 sunt
773 1677 871 1723 data
887 1714 900 1734 ,
923 1693 1005 1725 nec
1032 1678 1131 1724 viso
1158 1679 1345 1726 Silvano
1360 1715 1373 1738 ‚
1392 1697 1475 1728 nec
1547 1686 1550 1690 ’

200 1751 361 1798 oblatis
379 1750 567 1812 scriptis,
585 1761 633 1795 ut
650 1749 821 1797 veniret
842 1750 1100 1808 admonito,
1121 1752 1350 1798 remansit:
1365 1751 1476 1799 asci-

202 1835 343 1885 toque
380 1821 614 1876 rationali,
641 1823 761 1886 quast
801 1821 1034 1885 proscripti
1070 1821 1249 1885 jamque
1285 1823 1475 1870 necandi

201 1893 396 1957 magistri
426 1894 624 1956 peditum
647 1893 830 1941 clientes
856 1896 904 1942 &
933 1894 1082 1942 servos
1115 1894 1267 1941 hostili
1297 1908 1477 1942 tumore

204 1970 409 2017 vexabat.
441 1973 559 2017 lnter
590 1971 685 2016 baec
719 1983 867 2016 tamen
903 1970 1007 2016 dum
1041 1968 1270 2033 praesentia
1304 1969 1476 2016 Silvani

205 2041 424 2103 speratur,
452 2044 500 2091 &
535 2043 810 2105 Apodemius
844 2041 992 2106 quieta
1022 2043 1277 2105 perturbat,
1308 2043 1476 2106 Dyna-

203 2114 317 2160 mius
331 2111 385 2160 'ut
404 2129 669 2178 argumento
693 2116 912 2164 validiore
931 2116 1064 2179 impie
1083 2116 1350 2163 structorum
1368 2116 1477 2162 affe-

204 2198 321 2233 reret
350 2187 508 2244 fidem,
539 2189 810 2252 compositas
846 2190 1023 2247 literas,
1057 2188 1123 2235 his
1156 2188 1475 2245 concinentes,

205 2277 314 2324 quas
355 2262 577 2310 obtulerat
609 2262 802 2325 principi
835 2280 914 2326 per
942 2260 1226 2325 praefectum,
1252 2261 1304 2307 ad
1337 2261 1477 2307 tribu-

205 2348 311 2378 num
336 2332 510 2380 miserat
529 2334 708 2383 fabricae
734 2335 1076 2392 Cremonensis,
1099 2334 1284 2380 nomine
1306 2333 1476 2380 Silvani

205 2405 254 2451 δε
275 2404 535 2463 Malarichi,
560 2425 583 2454 a
605 2407 764 2471 quibus
786 2421 835 2454 ut
860 2423 1128 2455 arcanorum
1148 2406 1353 2454 conscius
1372 2423 1476 2453 mo-

203 2475 389 2525 nebatur
406 2496 558 2544 parare
575 2496 769 2546 propere
788 2480 961 2530 cuncta.
991 2479 1086 2542 Qui
1111 2497 1212 2529 cum
1233 2480 1327 2527 haec
1347 2478 1474 2544 legis-
