1626 2917
283 79 502 125 RERUM
535 77 871 124 GESTARUM
911 77 1014 122 ΗΒ.
1047 75 1222 121 XXVI.
1342 74 1398 137 85

123 185 271 233 cidiffe
298 185 503 248 primitus
531 185 806 232 arbitrantes.
838 184 908 230 Sic
930 183 1276 247 Adramyttenus
1305 184 1402 229 An-

122 258 288 305 driscus
312 250 367 305 de
405 276 564 322 genere
596 259 773 321 quidam
809 255 972 302 infimae
1008 255 1169 312 sortis,
1207 255 1402 316 adusque

121 332 485 396 Pseudophilippi
514 349 679 379 nomen
709 332 889 377 eveaus
907 367 919 387 ‚
944 329 1069 375 bellis
1093 327 1402 375 Macedonicis

118 405 299 452 tertium
323 405 491 452 addidit
527 421 675 468 grave.
702 403 772 449 Sic
795 401 1052 448 Antiochiae
1083 400 1290 448 Macrino
1312 401 1403 446 Im-

118 492 327 542 peratore
347 493 503 542 agente
522 516 533 534 ,
550 479 604 524 ab
622 477 772 525 Emesa
804 474 1121 538 Heliogabalus
1147 473 1288 545 exivit
1311 475 1404 519 An-

117 551 318 599 toninus.
352 555 415 598 Ita
443 551 637 614 inopino
672 550 838 611 impetu
877 547 1113 595 Maximini
1145 547 1400 594 Alexander

119 642 221 672 cum
253 629 438 674 Mamaea
469 640 608 672 matre
637 623 866 672 confossus
898 624 973 669 esl.
1004 624 1052 668 In
1086 620 1237 668 Africa
1273 616 1402 682 supe-

117 699 215 746 rior
246 700 501 746 Gordianus
521 699 567 745 in
591 698 826 760 imperium
857 710 1006 759 raptus
1026 732 1039 754 ,
1061 696 1400 742 adventantium

118 771 426 833 periculorum
466 771 709 834 angoribus
735 769 1022 833 implicatus,
1061 769 1201 815 vitam
1235 769 1400 834 laqueo

117 842 272 905 spiritu
308 844 551 891 intercluso
588 843 803 907 profudit.

182 918 277 964 Vn.
311 916 446 980 Igitur
478 917 769 978 cupediarum
809 915 966 964 vilium
1008 927 1280 963 mercatores
1301 951 1314 971 ,
1347 915 1399 962 δε

116 987 195 1052 qui
222 989 338 1035 intra
366 988 530 1052 regiam
549 988 850 1051 apparebant,
874 1000 948 1034 aut
979 1004 1130 1050 parere
1153 988 1397 1045 desierant,

115 1061 282 1124 quique
315 1074 440 1108 coetu
472 1061 730 1107 militarium
760 1060 862 1107 nexi
893 1060 946 1106 ad
968 1060 1192 1122 pacatiora
1214 1058 1300 1121 jam
1324 1060 1399 1105 vi-

115 1146 172 1180 tae
201 1133 508 1192 discesserant,
543 1133 589 1179 in
618 1133 787 1179 insoliti
825 1132 947 1179 casus
989 1132 1195 1194 ambigua
1237 1131 1398 1194 partim

114 1207 279 1266 inviti,
303 1208 378 1254 alii
397 1208 605 1256 volentes
628 1206 952 1253 asciscebantur
972 1223 983 1251 :
1006 1205 1216 1251 nonnulli
1244 1206 1399 1253 omnia

115 1278 283 1325 tutiora
312 1278 599 1342 praesentibus
620 1277 770 1336 rati,e
794 1277 979 1324 civitate
1011 1277 1189 1324 occulte
1213 1276 1363 1339 dilapsi
1384 1313 1399 1335 ,

115 1351 402 1413 Imperatoris
422 1351 560 1397 castra
580 1350 779 1413 petivere
801 1349 1040 1413 itineribus>
1056 1348 1283 1396 festinatis.
1302 1351 1400 1396 Hos

117 1427 276 1470 omnes
319 1422 601 1486 Sophronius
631 1422 910 1470 vivacissimo
942 1421 1069 1469 cursu
1102 1422 1360 1484 praegreffus
1382 1458 1398 1482 ‚

114 1511 223 1544 tunc
244 1499 466 1555 notarius,
487 1498 719 1560 praefectus
742 1497 891 1560 postea
910 1496 1396 1559 Constantinopoleos,

115 1572 349 1618 Valentem
366 1589 390 1618 a
407 1572 606 1619 Caesarea
622 1572 944 1634 Cappadocum
966 1569 1051 1632 jam
1073 1570 1398 1633 profecturum,

113 1644 166 1691 ‘ut
185 1680 199 1700 ‚
223 1645 453 1707 vaporatis
481 1645 652 1703 aestibus
688 1645 862 1692 Ciliciae
900 1642 986 1705 jam
1011 1644 1185 1702 lenitis,
1220 1646 1273 1691 ad
1299 1647 1397 1692 An-

115 1717 297 1773 tiochiae
318 1707 596 1778 percurreret
621 1716 769 1763 sedes:
794 1731 917 1763 textu
938 1730 1113 1763 narrato
1145 1717 1397 1780 gestorum,

116 1789 189 1851 spe
222 1789 355 1835 dubia
383 1789 429 1835 in
449 1790 612 1836 talibus
640 1790 860 1850 percitum
885 1792 932 1837 ὅ(
959 1789 1205 1852 stupentem
1223 1826 1236 1848 ‚
1265 1807 1399 1836 aver-

115 1862 170 1907 tit
200 1861 416 1908 Galatiam
438 1897 452 1918 ‚
483 1862 721 1908 res‘adhuc
747 1862 940 1923 trepidas
970 1875 1268 1925 arrepturum.
1298 1859 1394 1922 Qui

116 1934 220 1979 dum
251 1934 485 1980 itineribus
516 1946 724 1996 properat
747 1935 917 1997 magnis
939 1970 952 1991 ‚
980 1934 1259 1981 attentiffima
1289 1953 1396 1983 cura

116 2006 367 2067 Procopius
408 2007 453 2054 in
488 2007 580 2052 dies
609 2006 803 2069 agitabat
831 2008 880 2053 &
921 2007 1072 2061 noites
1094 2042 1109 2065 ‚
1141 2007 1396 2055 subditivos

117 2078 331 2140 quosdam
370 2078 625 2134 ostentans,
657 2079 734 2139 qui
771 2078 924 2125 astutia
953 2078 1196 2125 confidenti
1234 2080 1396 2142 partim

116 2151 171 2197 ab
202 2153 416 2210 Oriente,
441 2152 516 2199 alii
536 2170 559 2199 e
581 2152 739 2200 Galliis
761 2153 802 2199 se
823 2153 991 2199 veniffe
1011 2189 1026 2210 ,
1046 2155 1092 2200 ὅ(
1115 2154 1395 2200 Valentinia-

117 2239 223 2268 num
254 2223 408 2270 obiiffe
428 2222 665 2286 fingentes,
688 2224 842 2271 cunila
866 2236 1015 2285 patere
1035 2240 1162 2287 novo
1185 2228 1233 2273 ὅ(
1256 2224 1393 2271 favo-

115 2294 246 2340 rabili
273 2294 467 2357 Principi
491 2295 814 2342 memorabant.
840 2298 895 2341 Et
928 2295 1029 2358 quia
1053 2312 1118 2342 res
1143 2313 1279 2342 novae
1311 2313 1393 2359 pe-

116 2365 308 2412 tulanter
336 2379 522 2431 arreptae
552 2365 774 2415 celeritate
799 2366 965 2415 muniri
980 2367 1124 2415 solent
1142 2366 1397 2428 interdum,

1044 2446 1135 2504 F}
