1626 2917
299 191 517 240 RERUM
547 192 885 242 GESTARUM
917 195 1021 243 LIB.
1053 192 1224 243 XXIII.
1313 197 1397 260 361

140 298 388 348 transierint
420 300 627 358 advenae,
648 301 769 348 nulla
800 301 1053 350 sermonum
1082 303 1210 361 vice,
1231 314 1406 366 propo-“⁴

141 372 319 420 fitarum
336 391 481 420 rerum
501 374 642 437 pretia
668 374 771 422 solis
803 376 948 422 oculis
966 370 1233 425 aestimantur
1251 393 1262 422 z
1281 377 1410 425 &ita

141 446 242 494 sunt
274 447 568 507 abstinentes,
589 460 639 495 ut
674 448 792 511 apud
826 448 868 495 se
900 450 1123 497 tradentes
1156 449 1409 514 gignentia,

142 519 254 566 nihil
284 521 365 584 ipfi
398 532 661 585 comparent
694 521 1005 570 adventitium.
1057 522 1213 570 Ariani
1244 523 1413 571 vivunt

142 591 242 654 post
260 592 406 651 Seras,
425 595 580 640 Boreae
599 592 792 639 obnoxii
819 593 999 640 flatibus
1022 611 1033 640 ε
1053 610 1247 658 quorum
1274 606 1412 641 terras

81 673 88 682 ’·
143 662 284 709 amnis
319 664 534 712 vehendis
571 663 792 712 sufficiens
825 664 1046 724 navibus,
1078 665 1204 712 Arias
1237 665 1413 730 perfluit

142 735 355 793 nomine,
376 735 542 784 faciens
568 736 713 784 lacum
742 736 969 801 ingentem
1000 739 1160 785 eodem
1187 738 1416 787 vocabulo

142 807 404 857 diffitatum.
421 810 630 857 Abundat
645 826 793 858 autem
811 811 904 859 haec
919 811 1069 859 eadem
1087 812 1193 859 Aria
1214 813 1418 876 oppidis:

144 880 262 929 inter
287 901 388 946 quae
416 885 517 932 sunt
542 883 733 932 celebria
749 919 763 942 ‚
782 883 956 941 Bitaxa,
973 885 1217 934 Sarmatina
1232 920 1246 942 ,
1265 888 1313 934 &
1333 887 1420 933 So-

144 966 236 1002 tera
254 990 269 1011 ,
287 956 337 1002 &
359 954 521 1002 Nifibis
537 991 550 1014 ,
570 959 618 1003 &
643 956 912 1003 Alexandria
927 992 941 1014 ‚
962 957 1080 1004 unde
1107 958 1338 1022 naviganti
1363 958 1420 1006 ad

145 1027 351 1090 Caspium
373 1045 492 1075 mare
509 1028 752 1092 quingenta
777 1028 909 1075 stadia
930 1043 1219 1078 numerantur
1248 1032 1297 1078 &
1316 1032 1422 1078 mil-

145 1101 201 1148 le.
233 1100 313 1147 His
334 1099 446 1148 locis
474 1100 796 1163 Paropanisatae
828 1101 926 1147 sunt
954 1103 1183 1164 proximi,
1206 1103 1340 1149 Indos
1365 1104 1422 1151 ab

144 1175 318 1222 oriente
331 1206 346 1229 ‚
365 1174 698 1237 Caucasumque
717 1174 770 1220 ab
790 1173 1059 1221 occidentali
1086 1175 1216 1222 latere
1234 1175 1422 1238 prospe-

145 1248 309 1294 &antes
326 1283 339 1306 ,
359 1247 439 1310 ipfi
468 1264 650 1312 quoque
675 1247 898 1294 montium
919 1248 1163 1296 defefflbus
1189 1248 1387 1296 inclinati
1409 1268 1423 1297 t

144 1337 262 1383 quos
293 1319 472 1367 refiduis
503 1319 712 1366 omnibus
742 1318 886 1380 maior
918 1322 1321 1384 Ortogordomaris
1351 1322 1425 1368 in-

145 1394 293 1441 terluit
315 1394 482 1440 fluvius
501 1429 513 1451 ,
535 1410 558 1439 a
588 1392 822 1439 Baffirianis
852 1392 1103 1456 exsurgens.
1136 1395 1313 1441 Habent
1344 1411 1426 1441 au-

138 1465 234 1513 ‘tem
263 1466 394 1513 etiam
426 1466 631 1513 civitates
663 1465 857 1529 aliquas:
887 1465 1048 1528 quibus
1083 1465 1293 1514 clariores
1322 1466 1422 1514 sunt

146 1542 372 1603 Agazaca,
401 1540 451 1586 &
472 1538 717 1596 Naulibus,
749 1539 797 1584 &
828 1538 1092 1600 Ortopana,
1122 1539 1239 1586 unde
1260 1538 1424 1586 litorea

146 1614 376 1678 navigatio
410 1613 602 1677 adusque
635 1613 798 1660 Mediae
837 1611 980 1670 fines,
1012 1613 1154 1676 portis
1187 1615 1426 1677 proximos

147 1690 341 1752 Caspiis,
370 1689 608 1736 stadiorum
639 1688 738 1734 sunt
760 1688 852 1734 duo
873 1687 1013 1734 millia
1032 1689 1082 1735 &
1101 1689 1305 1736 ducenta.
1332 1691 1427 1736 An-

146 1760 317 1808 tediffis
338 1760 543 1808 continui
570 1758 670 1806 sunt
693 1758 944 1821 Drangiani
970 1759 1163 1806 collibus
1188 1760 1426 1807 cohaeren-

147 1844 242 1890 tes,
272 1849 387 1896 quos
418 1831 587 1879 flumen
608 1831 736 1878 alluit
765 1831 977 1878 Arabium
1005 1832 1190 1880 nomine
1210 1833 1313 1880 ideo
1343 1850 1427 1896 ap-

147 1905 381 1967 pellatum,
399 1906 524 1970 quod
545 1905 648 1952 inde
666 1904 864 1951 exoritur
878 1941 892 1962 ,
915 1904 1118 1969 interque
1139 1904 1222 1952 alia
1248 1906 1426 1954 duobus

148 1977 406 2041 municipiis
440 1978 706 2026 exsultantes
733 1976 1022 2040 Prophthasia
1050 1979 1102 2024 &
1132 1977 1313 2041 Ariaspe
1330 2013 1345 2037 ‚
1376 1988 1428 2026 ut

149 2051 376 2114 opulentis
394 2053 444 2100 &
465 2051 610 2113 claris.
648 2050 748 2098 Post
767 2067 881 2113 quos
911 2051 1204 2099 exadversum
1224 2051 1429 2099 Aracho-

149 2123 209 2171 fia
225 2123 381 2172 vifitur
395 2161 412 2182 ,
435 2125 641 2171 dextrum
669 2139 859 2186 vergens
887 2123 934 2169 in
961 2123 1071 2170 latus
1090 2123 1206 2170 Indis
1227 2122 1427 2185 objeHa:

151 2212 282 2259 quam
311 2197 367 2244 ab
399 2197 512 2243 Indo
540 2195 787 2243 fluviorum
819 2194 1046 2253 maximo,
1070 2195 1190 2243 unde
1218 2195 1427 2259 regiones

151 2269 483 2331 cognominatae
517 2267 642 2326 sunt,
671 2268 811 2315 amnis
846 2267 993 2315 multo
1031 2268 1182 2316 minor
1216 2269 1427 2316 exoriens

152 2358 360 2404 aquarum
379 2341 505 2388 alluit
524 2340 836 2404 amplitudine,
853 2341 1074 2404 efficitque
1093 2341 1296 2404 paludem
1317 2344 1428 2387 Ara·

153 2414 493 2463 chotoscrenem
510 2415 788 2479 appellatam.
806 2415 892 2463 Hic
911 2432 1093 2479 quoque
1112 2415 1313 2463 civitates
1329 2415 1433 2460 sunt

152 2488 268 2537 inter
284 2488 389 2537 alias
407 2489 562 2549 utiles,
593 2489 888 2550 Alexandria,
910 2490 959 2537 &
984 2489 1180 2547 Arbaca,
1199 2489 1247 2536 &
1272 2488 1426 2535 Choa-
