1626 2917
272 147 361 197 252
493 137 1343 185 AM-MtANrMARCELmNr

267 247 388 295 sibus
416 264 520 296 eum
546 247 646 296 citis
672 248 918 311 urgebant:
943 247 994 296 &
1025 245 1112 308 jam
1142 247 1448 311 oppresserant
1475 245 1558 295 ad-’

266 333 528 380 venrantes‚
551 321 597 368 ni
626 333 810 384 gravate
830 320 1082 383 praedarum
1113 336 1252 367 onere
1282 319 1556 368 destitissent.

264 396 394 439 Fama
430 405 579 441 tamen
612 393 696 440 late
724 393 926 456 serpente
956 407 1037 456 per
1060 393 1326 442 Gothorum
1362 393 1556 458 reliquas

261 476 416 528 gentes
435 501 448 523 ‚
479 466 608 530 quod
639 466 895 514 inusitatum
922 468 1113 515 antehac
1145 467 1383 515 hominum
1414 483 1555 532 genus

261 538 404 584 modo
434 555 571 586 ruens
590 574 603 597 ,
632 552 680 586 ut
709 540 848 587 turbo
871 540 1104 587 montibus
1136 540 1260 588 celsis
1281 577 1294 598 ‚
1314 556 1372 588 ex
1396 541 1552 588 abdito

259 611 356 658 finu
386 624 598 660 coortum
636 613 839 676 apposita
871 630 1065 678 quaeque
1099 614 1325 661 convellit
1355 615 1407 663 &
1444 630 1554 663 cor-

261 686 431 749 rumpit
451 703 462 733 :
488 687 649 750 populi
682 703 780 750 pars
801 686 946 748 major
963 723 979 745 ,
1003 704 1104 750 quae
1137 688 1461 736 Athanaricum
1485 700 1554 735 at-

261 771 443 807 tenuata
472 760 817 808 necessariorum
848 760 1036 824 penuria
1068 760 1317 808 deseruerat
1336 797 1351 820 ,
1382 761 1553 826 quaeri-

260 832 382 880 tabat
416 833 699 882 domicilium
727 846 953 882 remotum
987 833 1042 880 ab
1080 833 1210 881 omni
1250 833 1413 880 notitia
1449 834 1552 881 bar-

260 907 474 955 barorum
497 926 508 956 :
535 908 703 972 diuque
735 909 1019 967 deliberans,
1046 924 1155 972 quas
1183 908 1366 971 eligeret
1391 907 1511 955 sedes
1533 944 1551 967 ‚

259 981 481 1045 cogitavit
499 982 708 1030 Thraciae
732 981 1065 1044 receptaculum
1096 980 1272 1044 gemina
1302 979 1477 1028 ratione
1496 979 1552 1026 fi-

257 1055 305 1102 bi
332 1056 708 1114 convenientius,
728 1058 855 1120 quod
880 1058 931 1103 &
960 1054 1150 1117 caespitis
1176 1055 1239 1101 est
1266 1054 1549 1110 feraciffimi,

256 1129 309 1176 &
333 1127 627 1192 amplitudine
651 1128 927 1175 fluentorum
953 1127 1048 1174 lstri
1084 1125 1368 1190 distinguitur
1396 1143 1421 1172 a
1445 1127 1550 1173 bar-

256 1201 376 1247 baris
395 1235 409 1258 ‚
437 1200 688 1264 patentibus
705 1200 794 1261 jam
822 1199 1047 1264 peregrini
1079 1198 1341 1246 fulminibus
1362 1199 1518 1246 Martis
1535 1215 1550 1246 ι·

250 1273 348 1322 *hoc
375 1289 564 1337 quoque
587 1272 708 1322 idem
745 1272 906 1320 residui
938 1271 1066 1322 velut
1095 1284 1246 1319 mente
1287 1271 1547 1338 cogitavere
1603 1275 1613 1285 '

256 1361 506 1394 commum.

318 1422 398 1468 lv.
426 1421 575 1482 Itaque
606 1417 720 1466 duce
749 1416 958 1464 Alavivo
988 1416 1107 1481 ripas
1137 1433 1428 1482 occupavere
1446 1418 1546 1465 Da-

251 1492 414 1539 nubii:
448 1491 673 1556 miffisque
703 1491 965 1539 oratoribus
999 1491 1053 1538 ad
1082 1492 1319 1539 Valentem
1340 1528 1354 1550 ‚
1382 1491 1546 1554 suscipi

251 1563 298 1611 se
328 1565 487 1611 humili
514 1580 648 1628 prece
682 1563 958 1627 poscebant,
987 1565 1040 1612 δε
1077 1564 1228 1627 quiete
1262 1565 1464 1612 victuros
1499 1565 1545 1613 se

249 1637 520 1700 pollicentes
537 1673 552 1696 ‚
579 1639 629 1685 &
653 1637 836 1684 daturos
855 1672 870 1694 ‚
900 1635 932 1682 fi
962 1652 1032 1683 res
1067 1635 1328 1701 flagitasset,
1356 1638 1540 1687 auxilia.

248 1711 378 1758 Dum
406 1724 603 1775 aguntur
629 1710 729 1758 haec
758 1709 807 1756 in
840 1710 1057 1768 externis,
1080 1726 1235 1758 novos
1259 1710 1543 1775 majoresque

246 1782 392 1831 solitis
422 1783 544 1832 casus
572 1783 750 1832 versare
782 1795 934 1848 gentes
965 1785 1152 1832 Ariloas
1172 1820 1186 1844 ‚
1217 1801 1421 1832 rumores
1451 1798 1542 1833 ter-2

249 1857 400 1905 ribiles
446 1857 755 1906 diffuderunt:
786 1875 865 1922 per
902 1875 1040 1907 omne
1076 1859 1296 1923 quidquid
1328 1862 1384 1908 ad
1419 1863 1540 1911 Pon-

246 1939 345 1976 tum
374 1946 399 1976 a
431 1929 770 1977 Marcomannis
791 1931 1085 1993 praetenditur
1119 1933 1170 1980 &
1192 1933 1395 1992 Quadis,
1415 1933 1539 1980 mul-

245 2001 486 2049 titudinem
521 2002 753 2050 barbaram
782 2002 1032 2050 abditarum
1066 2004 1303 2052 nationum
1327 2005 1375 2052 vi
1395 2005 1541 2054 subita

241 2073 419 2121 sedibus
447 2075 651 2138 pulsam,
683 2076 803 2123 circa
823 2075 1010 2124 flumen
1042 2077 1198 2124 Istrum
1236 2077 1393 2141 vagari
1430 2095 1535 2127 cum

244 2146 503 2195 caritatibus
533 2148 620 2196 suis
645 2148 988 2198 disseminantes.
1010 2152 1127 2211 Quae
1153 2168 1224 2199 res
1249 2152 1536 2216 aspernanter

243 2234 270 2265 a
303 2218 466 2266 nostris
509 2220 626 2268 inter
667 2221 795 2269 initia
836 2221 927 2285 ipsa
966 2235 1150 2286 accepta
1186 2224 1282 2284 est,
1315 2226 1432 2273 hanc
1468 2225 1534 2272 ob

245 2291 414 2338 causam
429 2327 443 2349 ‚
461 2295 586 2356 quod
612 2293 699 2341 illis
720 2295 931 2343 traslibus
949 2313 1043 2344 non
1063 2296 1141 2343 nist
1165 2299 1338 2361 peracta
1358 2310 1433 2346 aut
1454 2297 1532 2345 so-

242 2364 336 2426 pita
373 2365 515 2412 audiri
559 2367 720 2429 procul
753 2369 986 2433 agentibus
1019 2370 1355 2420 consueverant
1396 2372 1539 2420 bella:

242 2439 414 2486 Verum
442 2439 711 2504 pubescente
739 2442 830 2505 jam
862 2441 950 2491 fide
977 2443 1202 2507 gestorum
1222 2479 1237 2504 ,
1278 2445 1352 2495 cui
1385 2446 1531 2493 robur:
