<?xml version="1.0" encoding="UTF-8"?>
<!DOCTYPE html PUBLIC "-//W3C//DTD XHTML 1.0 Transitional//EN"
    "http://www.w3.org/TR/xhtml1/DTD/xhtml1-transitional.dtd">
<html xmlns="http://www.w3.org/1999/xhtml" xml:lang="en" lang="en">
 <head>
  <title>
</title>
<meta http-equiv="Content-Type" content="text/html;charset=utf-8" />
  <meta name='ocr-system' content='tesseract 3.04.00' />
  <meta name='ocr-capabilities' content='ocr_page ocr_carea ocr_par ocr_line ocrx_word'/>
</head>
<body>
  <div class='ocr_page' id='page_1' title='image "./rerumgestarumqui00ammiuoft_0187.png"; bbox 0 0 1626 2917; ppageno 0'>
   <div class='ocr_carea' id='block_1_1' title="bbox 334 160 1444 223">
    <p class='ocr_par' dir='ltr' id='par_1_1' title="bbox 334 160 1444 223">
     <span class='ocr_line' id='line_1_1' title="bbox 334 160 1444 223; baseline -0.001 -16"><span class='ocrx_word' id='word_1_1' title='bbox 334 161 556 208; x_wconf 81' lang='lat' dir='ltr'>RERUM</span> <span class='ocrx_word' id='word_1_2' title='bbox 591 160 929 208; x_wconf 82' lang='lat' dir='ltr'><strong>GESTARUM</strong></span> <span class='ocrx_word' id='word_1_3' title='bbox 965 161 1069 208; x_wconf 86' lang='lat' dir='ltr'><strong>LIB.</strong></span> <span class='ocrx_word' id='word_1_4' title='bbox 1099 160 1246 207; x_wconf 89' lang='lat' dir='ltr'><strong>XVII.</strong></span> <span class='ocrx_word' id='word_1_5' title='bbox 1354 176 1444 223; x_wconf 82' lang='lat'>127</span> 
     </span>
    </p>
   </div>
   <div class='ocr_carea' id='block_1_2' title="bbox 163 265 1512 2520">
    <p class='ocr_par' dir='ltr' id='par_1_2' title="bbox 163 265 1512 2520">
     <span class='ocr_line' id='line_1_2' title="bbox 163 265 1453 331; baseline 0.002 -17"><span class='ocrx_word' id='word_1_6' title='bbox 163 265 360 314; x_wconf 72' lang='lat' dir='ltr'>‘exordia</span> <span class='ocrx_word' id='word_1_7' title='bbox 392 266 629 330; x_wconf 83' lang='lat' dir='ltr'>pandentis</span> <span class='ocrx_word' id='word_1_8' title='bbox 656 267 697 313; x_wconf 91' lang='lat' dir='ltr'>se</span> <span class='ocrx_word' id='word_1_9' title='bbox 731 266 817 313; x_wconf 85' lang='lat' dir='ltr'>late</span> <span class='ocrx_word' id='word_1_10' title='bbox 848 266 1129 331; x_wconf 77' lang='lat' dir='ltr'>Carthaginis</span> <span class='ocrx_word' id='word_1_11' title='bbox 1149 302 1164 326; x_wconf 87' lang='lat'>‚</span> <span class='ocrx_word' id='word_1_12' title='bbox 1200 266 1453 329; x_wconf 83' lang='lat' dir='ltr'>improviso</span> 
     </span>
     <span class='ocr_line' id='line_1_3' title="bbox 171 340 1456 405; baseline 0.002 -18"><span class='ocrx_word' id='word_1_13' title='bbox 171 340 359 388; x_wconf 85' lang='lat' dir='ltr'>excursu</span> <span class='ocrx_word' id='word_1_14' title='bbox 380 342 514 388; x_wconf 85' lang='lat' dir='ltr'>duces</span> <span class='ocrx_word' id='word_1_15' title='bbox 534 341 785 404; x_wconf 74' lang='lat' dir='ltr'>oppressere</span> <span class='ocrx_word' id='word_1_16' title='bbox 816 344 1061 388; x_wconf 87' lang='lat' dir='ltr'>Poenorum</span> <span class='ocrx_word' id='word_1_17' title='bbox 1081 359 1091 388; x_wconf 76' lang='grc' dir='ltr'>ε</span> <span class='ocrx_word' id='word_1_18' title='bbox 1120 341 1360 405; x_wconf 86' lang='lat' dir='ltr'>posteaque</span> <span class='ocrx_word' id='word_1_19' title='bbox 1380 355 1456 390; x_wconf 83' lang='lat' dir='ltr'>re··&#39;</span> 
     </span>
     <span class='ocr_line' id='line_1_4' title="bbox 172 411 1454 477; baseline 0.001 -18"><span class='ocrx_word' id='word_1_20' title='bbox 172 426 368 476; x_wconf 84' lang='lat' dir='ltr'>paratam</span> <span class='ocrx_word' id='word_1_21' title='bbox 388 413 614 460; x_wconf 83' lang='lat' dir='ltr'>Persarum</span> <span class='ocrx_word' id='word_1_22' title='bbox 640 430 718 459; x_wconf 87' lang='lat' dir='ltr'>rex</span> <span class='ocrx_word' id='word_1_23' title='bbox 746 414 821 461; x_wconf 90' lang='lat' dir='ltr'>ille</span> <span class='ocrx_word' id='word_1_24' title='bbox 840 411 1110 477; x_wconf 76' lang='lat' dir='ltr'><strong>Cambyses,</strong></span> <span class='ocrx_word' id='word_1_25' title='bbox 1145 413 1299 477; x_wconf 88' lang='lat' dir='ltr'>quoad</span> <span class='ocrx_word' id='word_1_26' title='bbox 1321 413 1454 460; x_wconf 87' lang='lat' dir='ltr'>vixe-</span> 
     </span>
     <span class='ocr_line' id='line_1_5' title="bbox 170 486 1455 550; baseline 0 -16"><span class='ocrx_word' id='word_1_27' title='bbox 170 499 265 544; x_wconf 85' lang='lat' dir='ltr'>rat,</span> <span class='ocrx_word' id='word_1_28' title='bbox 302 486 435 534; x_wconf 88' lang='lat' dir='ltr'>alieni</span> <span class='ocrx_word' id='word_1_29' title='bbox 471 486 656 549; x_wconf 84' lang='lat' dir='ltr'>cupidus</span> <span class='ocrx_word' id='word_1_30' title='bbox 693 489 739 535; x_wconf 70' lang='grc' dir='ltr'>ὅ(</span> <span class='ocrx_word' id='word_1_31' title='bbox 760 487 994 544; x_wconf 82' lang='lat' dir='ltr'>immanis,</span> <span class='ocrx_word' id='word_1_32' title='bbox 1018 487 1219 550; x_wconf 81' lang='lat' dir='ltr'>AEgypto</span> <span class='ocrx_word' id='word_1_33' title='bbox 1244 499 1455 549; x_wconf 87' lang='lat' dir='ltr'>perrupta</span> 
     </span>
     <span class='ocr_line' id='line_1_6' title="bbox 171 559 1453 623; baseline 0.001 -17"><span class='ocrx_word' id='word_1_34' title='bbox 171 559 392 623; x_wconf 70' lang='lat' dir='ltr'>aggressus</span> <span class='ocrx_word' id='word_1_35' title='bbox 414 559 476 605; x_wconf 85' lang='lat' dir='ltr'>est</span> <span class='ocrx_word' id='word_1_36' title='bbox 497 594 511 617; x_wconf 91' lang='lat'>‚</span> <span class='ocrx_word' id='word_1_37' title='bbox 545 570 596 606; x_wconf 90' lang='lat' dir='ltr'>ut</span> <span class='ocrx_word' id='word_1_38' title='bbox 633 576 742 622; x_wconf 88' lang='lat' dir='ltr'>opes</span> <span class='ocrx_word' id='word_1_39' title='bbox 769 560 929 606; x_wconf 80' lang='lat' dir='ltr'><strong>exinde</strong></span> <span class='ocrx_word' id='word_1_40' title='bbox 959 571 1133 622; x_wconf 85' lang='lat' dir='ltr'>raperet</span> <span class='ocrx_word' id='word_1_41' title='bbox 1159 559 1453 619; x_wconf 84' lang='lat' dir='ltr'>invidendas,</span> 
     </span>
     <span class='ocr_line' id='line_1_7' title="bbox 171 632 1453 695; baseline 0.001 -17"><span class='ocrx_word' id='word_1_42' title='bbox 171 649 228 678; x_wconf 87' lang='lat' dir='ltr'>ne</span> <span class='ocrx_word' id='word_1_43' title='bbox 272 633 479 679; x_wconf 82' lang='lat' dir='ltr'>Deorum</span> <span class='ocrx_word' id='word_1_44' title='bbox 514 632 694 695; x_wconf 87' lang='lat' dir='ltr'>quidem</span> <span class='ocrx_word' id='word_1_45' title='bbox 726 632 925 679; x_wconf 89' lang='lat' dir='ltr'>donariis</span> <span class='ocrx_word' id='word_1_46' title='bbox 973 648 1173 695; x_wconf 85' lang='lat' dir='ltr'><strong>parcens.</strong></span> <span class='ocrx_word' id='word_1_47' title='bbox 1211 632 1306 693; x_wconf 84' lang='lat' dir='ltr'>Qui</span> <span class='ocrx_word' id='word_1_48' title='bbox 1346 635 1453 680; x_wconf 87' lang='lat' dir='ltr'>dum</span> 
     </span>
     <span class='ocr_line' id='line_1_8' title="bbox 170 702 1455 768; baseline 0.003 -20"><span class='ocrx_word' id='word_1_49' title='bbox 170 702 287 749; x_wconf 82' lang='lat' dir='ltr'>inter</span> <span class='ocrx_word' id='word_1_50' title='bbox 307 703 577 766; x_wconf 63' lang='lat' dir='ltr'>praedatores</span> <span class='ocrx_word' id='word_1_51' title='bbox 596 703 849 750; x_wconf 79' lang='lat' dir='ltr'>turbulente</span> <span class='ocrx_word' id='word_1_52' title='bbox 870 702 1125 761; x_wconf 84' lang='lat' dir='ltr'>concursat,</span> <span class='ocrx_word' id='word_1_53' title='bbox 1142 703 1323 751; x_wconf 79' lang='lat' dir='ltr'>laxitate</span> <span class='ocrx_word' id='word_1_54' title='bbox 1341 723 1455 768; x_wconf 84' lang='lat' dir='ltr'>prae-</span> 
     </span>
     <span class='ocr_line' id='line_1_9' title="bbox 172 776 1455 838; baseline 0.002 -17"><span class='ocrx_word' id='word_1_55' title='bbox 172 777 347 838; x_wconf 79' lang='lat' dir='ltr'>peditus</span> <span class='ocrx_word' id='word_1_56' title='bbox 381 776 748 822; x_wconf 80' lang='lat' dir='ltr'>indumentorum</span> <span class='ocrx_word' id='word_1_57' title='bbox 785 776 988 823; x_wconf 83' lang='lat' dir='ltr'>concidit</span> <span class='ocrx_word' id='word_1_58' title='bbox 1021 793 1224 838; x_wconf 89' lang='lat' dir='ltr'>pronus:</span> <span class='ocrx_word' id='word_1_59' title='bbox 1258 794 1310 824; x_wconf 85' lang='lat' dir='ltr'>ac</span> <span class='ocrx_word' id='word_1_60' title='bbox 1349 777 1455 825; x_wconf 88' lang='lat' dir='ltr'>suo-</span> 
     </span>
     <span class='ocr_line' id='line_1_10' title="bbox 171 846 1454 912; baseline 0.004 -20"><span class='ocrx_word' id='word_1_61' title='bbox 171 860 262 892; x_wconf 85' lang='lat' dir='ltr'>met</span> <span class='ocrx_word' id='word_1_62' title='bbox 279 847 502 910; x_wconf 79' lang='lat' dir='ltr'>pugione‚</span> <span class='ocrx_word' id='word_1_63' title='bbox 521 864 652 910; x_wconf 85' lang='lat' dir='ltr'>quem</span> <span class='ocrx_word' id='word_1_64' title='bbox 671 859 863 910; x_wconf 87' lang='lat' dir='ltr'>aptatum</span> <span class='ocrx_word' id='word_1_65' title='bbox 886 846 1048 893; x_wconf 87' lang='lat' dir='ltr'>femori</span> <span class='ocrx_word' id='word_1_66' title='bbox 1071 848 1230 895; x_wconf 84' lang='lat' dir='ltr'>dextro</span> <span class='ocrx_word' id='word_1_67' title='bbox 1245 850 1454 912; x_wconf 78' lang='lat' dir='ltr'>gestabat,</span> 
     </span>
     <span class='ocr_line' id='line_1_11' title="bbox 172 919 1454 983; baseline 0.004 -18"><span class='ocrx_word' id='word_1_68' title='bbox 172 919 312 966; x_wconf 81' lang='lat' dir='ltr'>subita</span> <span class='ocrx_word' id='word_1_69' title='bbox 347 920 393 966; x_wconf 81' lang='lat' dir='ltr'>vi</span> <span class='ocrx_word' id='word_1_70' title='bbox 424 922 564 968; x_wconf 80' lang='lat' dir='ltr'>ruinae</span> <span class='ocrx_word' id='word_1_71' title='bbox 596 922 793 980; x_wconf 85' lang='lat' dir='ltr'>nudato,</span> <span class='ocrx_word' id='word_1_72' title='bbox 817 920 1078 967; x_wconf 86' lang='lat' dir='ltr'>vulneratus</span> <span class='ocrx_word' id='word_1_73' title='bbox 1100 938 1227 983; x_wconf 81' lang='lat' dir='ltr'>paene</span> <span class='ocrx_word' id='word_1_74' title='bbox 1264 922 1454 970; x_wconf 79' lang='lat' dir='ltr'>letaliter</span> 
     </span>
     <span class='ocr_line' id='line_1_12' title="bbox 172 991 1452 1056; baseline 0.003 -20"><span class='ocrx_word' id='word_1_75' title='bbox 172 991 395 1038; x_wconf 71' lang='lat' dir='ltr'>interisset.</span> <span class='ocrx_word' id='word_1_76' title='bbox 425 995 579 1056; x_wconf 86' lang='lat' dir='ltr'>Longe</span> <span class='ocrx_word' id='word_1_77' title='bbox 619 1004 764 1038; x_wconf 88' lang='lat' dir='ltr'>autem</span> <span class='ocrx_word' id='word_1_78' title='bbox 801 991 952 1054; x_wconf 85' lang='lat' dir='ltr'>postea</span> <span class='ocrx_word' id='word_1_79' title='bbox 984 992 1227 1038; x_wconf 83' lang='lat' dir='ltr'>Cornelius</span> <span class='ocrx_word' id='word_1_80' title='bbox 1259 995 1415 1040; x_wconf 84' lang='lat' dir='ltr'>Gallus</span> <span class='ocrx_word' id='word_1_81' title='bbox 1436 1030 1452 1050; x_wconf 81' lang='lat'>‚</span> 
     </span>
     <span class='ocr_line' id='line_1_13' title="bbox 172 1063 1450 1129; baseline 0.004 -20"><span class='ocrx_word' id='word_1_82' title='bbox 172 1063 430 1110; x_wconf 59' lang='lat' dir='ltr'>Offilaviano</span> <span class='ocrx_word' id='word_1_83' title='bbox 451 1080 517 1110; x_wconf 87' lang='lat' dir='ltr'>res</span> <span class='ocrx_word' id='word_1_84' title='bbox 545 1077 723 1111; x_wconf 90' lang='lat' dir='ltr'>tenente</span> <span class='ocrx_word' id='word_1_85' title='bbox 744 1065 968 1111; x_wconf 85' lang='lat' dir='ltr'>Romanas</span> <span class='ocrx_word' id='word_1_86' title='bbox 987 1099 1001 1124; x_wconf 82' lang='lat'>,</span> <span class='ocrx_word' id='word_1_87' title='bbox 1019 1065 1209 1129; x_wconf 85' lang='lat' dir='ltr'>AEgypti</span> <span class='ocrx_word' id='word_1_88' title='bbox 1233 1083 1450 1129; x_wconf 82' lang='lat' dir='ltr'>procura-</span> 
     </span>
     <span class='ocr_line' id='line_1_14' title="bbox 171 1134 1454 1200; baseline 0.005 -20"><span class='ocrx_word' id='word_1_89' title='bbox 171 1148 246 1181; x_wconf 85' lang='lat' dir='ltr'>tor</span> <span class='ocrx_word' id='word_1_90' title='bbox 263 1171 275 1193; x_wconf 89' lang='lat'>‚</span> <span class='ocrx_word' id='word_1_91' title='bbox 302 1135 496 1182; x_wconf 79' lang='lat' dir='ltr'>exhausit</span> <span class='ocrx_word' id='word_1_92' title='bbox 517 1134 746 1182; x_wconf 83' lang='lat' dir='ltr'>civitatem</span> <span class='ocrx_word' id='word_1_93' title='bbox 773 1134 974 1198; x_wconf 82' lang='lat' dir='ltr'>plurimis</span> <span class='ocrx_word' id='word_1_94' title='bbox 994 1135 1282 1200; x_wconf 90' lang='lat' dir='ltr'>interceptis:</span> <span class='ocrx_word' id='word_1_95' title='bbox 1301 1155 1454 1186; x_wconf 86' lang='lat' dir='ltr'>rever·-</span> 
     </span>
     <span class='ocr_line' id='line_1_15' title="bbox 170 1207 1454 1276; baseline 0.005 -23"><span class='ocrx_word' id='word_1_96' title='bbox 170 1207 345 1271; x_wconf 86' lang='lat' dir='ltr'>susque‚</span> <span class='ocrx_word' id='word_1_97' title='bbox 367 1225 469 1256; x_wconf 88' lang='lat' dir='ltr'>cum</span> <span class='ocrx_word' id='word_1_98' title='bbox 492 1209 719 1256; x_wconf 83' lang='lat' dir='ltr'>furtorum</span> <span class='ocrx_word' id='word_1_99' title='bbox 735 1208 1022 1256; x_wconf 79' lang='lat' dir='ltr'>arcefferetur</span> <span class='ocrx_word' id='word_1_100' title='bbox 1036 1211 1086 1257; x_wconf 87' lang='lat'>&amp;</span> <span class='ocrx_word' id='word_1_101' title='bbox 1103 1211 1330 1274; x_wconf 76' lang='lat' dir='ltr'>populatae</span> <span class='ocrx_word' id='word_1_102' title='bbox 1347 1230 1454 1276; x_wconf 92' lang='lat' dir='ltr'>pro-</span> 
     </span>
     <span class='ocr_line' id='line_1_16' title="bbox 171 1281 1451 1347; baseline 0.006 -21"><span class='ocrx_word' id='word_1_103' title='bbox 171 1281 338 1328; x_wconf 81' lang='lat' dir='ltr'>vinciae</span> <span class='ocrx_word' id='word_1_104' title='bbox 370 1318 385 1339; x_wconf 88' lang='lat'>,</span> <span class='ocrx_word' id='word_1_105' title='bbox 412 1295 537 1329; x_wconf 91' lang='lat' dir='ltr'>metu</span> <span class='ocrx_word' id='word_1_106' title='bbox 583 1281 832 1330; x_wconf 83' lang='lat' dir='ltr'>nobilitatis</span> <span class='ocrx_word' id='word_1_107' title='bbox 865 1283 1025 1329; x_wconf 89' lang='lat' dir='ltr'>acriter</span> <span class='ocrx_word' id='word_1_108' title='bbox 1068 1283 1340 1347; x_wconf 80' lang='lat' dir='ltr'>indignatae,</span> <span class='ocrx_word' id='word_1_109' title='bbox 1378 1287 1451 1334; x_wconf 81' lang='lat' dir='ltr'>cui</span> 
     </span>
     <span class='ocr_line' id='line_1_17' title="bbox 170 1354 1452 1418; baseline 0.005 -19"><span class='ocrx_word' id='word_1_110' title='bbox 170 1355 403 1418; x_wconf 82' lang='lat' dir='ltr'>negotium</span> <span class='ocrx_word' id='word_1_111' title='bbox 440 1355 725 1418; x_wconf 73' lang='lat' dir='ltr'>spe&amp;andum</span> <span class='ocrx_word' id='word_1_112' title='bbox 764 1354 944 1400; x_wconf 86' lang='lat' dir='ltr'>dederat</span> <span class='ocrx_word' id='word_1_113' title='bbox 978 1356 1255 1417; x_wconf 82' lang='lat' dir='ltr'>Imperator,</span> <span class='ocrx_word' id='word_1_114' title='bbox 1299 1357 1452 1406; x_wconf 65' lang='lat' dir='ltr'>striEto</span> 
     </span>
     <span class='ocr_line' id='line_1_18' title="bbox 173 1425 1453 1486; baseline 0.005 -16"><span class='ocrx_word' id='word_1_115' title='bbox 173 1425 377 1473; x_wconf 85' lang='lat' dir='ltr'>incubuit</span> <span class='ocrx_word' id='word_1_116' title='bbox 415 1426 550 1474; x_wconf 88' lang='lat' dir='ltr'>ferro.</span> <span class='ocrx_word' id='word_1_117' title='bbox 595 1429 632 1473; x_wconf 91' lang='lat' dir='ltr'>Is</span> <span class='ocrx_word' id='word_1_118' title='bbox 669 1425 731 1472; x_wconf 86' lang='lat' dir='ltr'>est</span> <span class='ocrx_word' id='word_1_119' title='bbox 756 1461 769 1484; x_wconf 89' lang='lat'>‚</span> <span class='ocrx_word' id='word_1_120' title='bbox 809 1425 842 1471; x_wconf 88' lang='lat' dir='ltr'><strong>fi</strong></span> <span class='ocrx_word' id='word_1_121' title='bbox 877 1426 993 1472; x_wconf 60' lang='lat' dir='ltr'>reffle</span> <span class='ocrx_word' id='word_1_122' title='bbox 1024 1426 1263 1486; x_wconf 82' lang='lat' dir='ltr'>existimo,</span> <span class='ocrx_word' id='word_1_123' title='bbox 1296 1430 1453 1477; x_wconf 83' lang='lat' dir='ltr'>Gallus</span> 
     </span>
     <span class='ocr_line' id='line_1_19' title="bbox 171 1500 1450 1564; baseline 0.005 -19"><span class='ocrx_word' id='word_1_124' title='bbox 171 1513 326 1563; x_wconf 85' lang='lat' dir='ltr'>poeta,</span> <span class='ocrx_word' id='word_1_125' title='bbox 360 1517 491 1564; x_wconf 91' lang='lat' dir='ltr'>quem</span> <span class='ocrx_word' id='word_1_126' title='bbox 522 1500 632 1547; x_wconf 87' lang='lat' dir='ltr'>flens</span> <span class='ocrx_word' id='word_1_127' title='bbox 670 1501 1010 1563; x_wconf 87' lang='lat' dir='ltr'>quodammodo</span> <span class='ocrx_word' id='word_1_128' title='bbox 1030 1500 1078 1546; x_wconf 88' lang='lat' dir='ltr'>in</span> <span class='ocrx_word' id='word_1_129' title='bbox 1114 1502 1334 1563; x_wconf 76' lang='lat' dir='ltr'>postrema</span> <span class='ocrx_word' id='word_1_130' title='bbox 1358 1507 1450 1552; x_wconf 83' lang='lat' dir='ltr'>Bu·-</span> 
     </span>
     <span class='ocr_line' id='line_1_20' title="bbox 173 1573 1451 1638; baseline 0.006 -19"><span class='ocrx_word' id='word_1_131' title='bbox 173 1573 426 1620; x_wconf 85' lang='lat' dir='ltr'>colicorum</span> <span class='ocrx_word' id='word_1_132' title='bbox 467 1587 591 1637; x_wconf 88' lang='lat' dir='ltr'>parte</span> <span class='ocrx_word' id='word_1_133' title='bbox 627 1574 838 1638; x_wconf 85' lang='lat' dir='ltr'>Virgilius</span> <span class='ocrx_word' id='word_1_134' title='bbox 876 1574 1074 1621; x_wconf 85' lang='lat' dir='ltr'>carmine</span> <span class='ocrx_word' id='word_1_135' title='bbox 1108 1575 1196 1622; x_wconf 87' lang='lat' dir='ltr'>leni</span> <span class='ocrx_word' id='word_1_136' title='bbox 1233 1577 1451 1626; x_wconf 80' lang='lat' dir='ltr'>decantat.</span> 
     </span>
     <span class='ocr_line' id='line_1_21' title="bbox 174 1646 1452 1713; baseline 0.006 -21"><span class='ocrx_word' id='word_1_137' title='bbox 174 1648 222 1692; x_wconf 90' lang='lat' dir='ltr'>ln</span> <span class='ocrx_word' id='word_1_138' title='bbox 244 1646 326 1694; x_wconf 85' lang='lat' dir='ltr'>hac</span> <span class='ocrx_word' id='word_1_139' title='bbox 349 1648 457 1694; x_wconf 89' lang='lat' dir='ltr'>urbe</span> <span class='ocrx_word' id='word_1_140' title='bbox 475 1647 590 1694; x_wconf 86' lang='lat' dir='ltr'>inter</span> <span class='ocrx_word' id='word_1_141' title='bbox 607 1648 728 1694; x_wconf 86' lang='lat' dir='ltr'>labra</span> <span class='ocrx_word' id='word_1_142' title='bbox 745 1647 967 1711; x_wconf 81' lang='lat' dir='ltr'>ingentia,</span> <span class='ocrx_word' id='word_1_143' title='bbox 984 1648 1266 1713; x_wconf 88' lang='lat' dir='ltr'>diversasque</span> <span class='ocrx_word' id='word_1_144' title='bbox 1283 1652 1452 1712; x_wconf 71' lang='lat' dir='ltr'>moles,</span> 
     </span>
     <span class='ocr_line' id='line_1_22' title="bbox 173 1716 1452 1785; baseline 0.008 -22"><span class='ocrx_word' id='word_1_145' title='bbox 173 1716 384 1781; x_wconf 86' lang='lat' dir='ltr'>figmenta</span> <span class='ocrx_word' id='word_1_146' title='bbox 444 1721 765 1785; x_wconf 82' lang='lat' dir='ltr'>AEgyptiorum</span> <span class='ocrx_word' id='word_1_147' title='bbox 815 1720 1049 1768; x_wconf 89' lang='lat' dir='ltr'>numinum</span> <span class='ocrx_word' id='word_1_148' title='bbox 1096 1723 1396 1785; x_wconf 83' lang='lat' dir='ltr'>exprimentes</span> <span class='ocrx_word' id='word_1_149' title='bbox 1433 1763 1452 1784; x_wconf 88' lang='lat'><strong><em>,</em></strong></span> 
     </span>
     <span class='ocr_line' id='line_1_23' title="bbox 172 1793 1449 1859; baseline 0.008 -22"><span class='ocrx_word' id='word_1_150' title='bbox 172 1793 396 1841; x_wconf 86' lang='lat' dir='ltr'>obeliscos</span> <span class='ocrx_word' id='word_1_151' title='bbox 419 1796 612 1842; x_wconf 86' lang='lat' dir='ltr'>vidimus</span> <span class='ocrx_word' id='word_1_152' title='bbox 631 1795 778 1858; x_wconf 80' lang='lat' dir='ltr'>plures</span> <span class='ocrx_word' id='word_1_153' title='bbox 792 1831 805 1851; x_wconf 88' lang='lat'>‚</span> <span class='ocrx_word' id='word_1_154' title='bbox 824 1795 1022 1859; x_wconf 88' lang='lat' dir='ltr'>aliosque</span> <span class='ocrx_word' id='word_1_155' title='bbox 1040 1795 1234 1856; x_wconf 82' lang='lat' dir='ltr'>jacentes</span> <span class='ocrx_word' id='word_1_156' title='bbox 1252 1800 1302 1846; x_wconf 62' lang='grc' dir='ltr'>ὅ(</span> <span class='ocrx_word' id='word_1_157' title='bbox 1319 1816 1449 1846; x_wconf 88' lang='lat' dir='ltr'>com-</span> 
     </span>
     <span class='ocr_line' id='line_1_24' title="bbox 172 1865 1450 1935; baseline 0.007 -25"><span class='ocrx_word' id='word_1_158' title='bbox 172 1865 399 1913; x_wconf 86' lang='lat' dir='ltr'>minutos:</span> <span class='ocrx_word' id='word_1_159' title='bbox 432 1884 549 1930; x_wconf 89' lang='lat' dir='ltr'>quos</span> <span class='ocrx_word' id='word_1_160' title='bbox 578 1867 748 1930; x_wconf 87' lang='lat' dir='ltr'>antiqui</span> <span class='ocrx_word' id='word_1_161' title='bbox 786 1884 908 1930; x_wconf 84' lang='lat' dir='ltr'>reges</span> <span class='ocrx_word' id='word_1_162' title='bbox 938 1867 1059 1914; x_wconf 93' lang='lat' dir='ltr'>bello</span> <span class='ocrx_word' id='word_1_163' title='bbox 1089 1870 1273 1917; x_wconf 89' lang='lat' dir='ltr'>domitis</span> <span class='ocrx_word' id='word_1_164' title='bbox 1302 1872 1450 1935; x_wconf 85' lang='lat' dir='ltr'>genti-</span> 
     </span>
     <span class='ocr_line' id='line_1_25' title="bbox 173 1937 1446 2003; baseline 0.005 -19"><span class='ocrx_word' id='word_1_165' title='bbox 173 1937 255 1984; x_wconf 85' lang='lat' dir='ltr'>bus</span> <span class='ocrx_word' id='word_1_166' title='bbox 274 1973 286 1995; x_wconf 87' lang='lat'><em>‚</em></span> <span class='ocrx_word' id='word_1_167' title='bbox 328 1951 403 1985; x_wconf 90' lang='lat' dir='ltr'>aut</span> <span class='ocrx_word' id='word_1_168' title='bbox 433 1939 797 2002; x_wconf 84' lang='lat' dir='ltr'>prosperitatibus</span> <span class='ocrx_word' id='word_1_169' title='bbox 834 1940 1103 1988; x_wconf 89' lang='lat' dir='ltr'>summarum</span> <span class='ocrx_word' id='word_1_170' title='bbox 1123 1959 1272 1989; x_wconf 84' lang='lat' dir='ltr'>rerum</span> <span class='ocrx_word' id='word_1_171' title='bbox 1306 1945 1446 2003; x_wconf 84' lang='lat' dir='ltr'>elati,</span> 
     </span>
     <span class='ocr_line' id='line_1_26' title="bbox 166 2009 1447 2075; baseline 0.005 -19"><span class='ocrx_word' id='word_1_172' title='bbox 166 2009 396 2057; x_wconf 81' lang='lat' dir='ltr'>montium</span> <span class='ocrx_word' id='word_1_173' title='bbox 431 2012 559 2058; x_wconf 86' lang='lat' dir='ltr'>venis</span> <span class='ocrx_word' id='word_1_174' title='bbox 599 2013 673 2059; x_wconf 88' lang='lat' dir='ltr'>vel</span> <span class='ocrx_word' id='word_1_175' title='bbox 701 2013 820 2075; x_wconf 86' lang='lat' dir='ltr'>apud</span> <span class='ocrx_word' id='word_1_176' title='bbox 856 2025 1082 2060; x_wconf 84' lang='lat' dir='ltr'>extremos</span> <span class='ocrx_word' id='word_1_177' title='bbox 1113 2014 1235 2061; x_wconf 85' lang='lat' dir='ltr'>orbis</span> <span class='ocrx_word' id='word_1_178' title='bbox 1272 2015 1447 2063; x_wconf 83' lang='lat' dir='ltr'>incolas</span> 
     </span>
     <span class='ocr_line' id='line_1_27' title="bbox 170 2082 1446 2149; baseline 0.005 -21"><span class='ocrx_word' id='word_1_179' title='bbox 170 2082 452 2144; x_wconf 79' lang='lat' dir='ltr'>&#39;perscrutatis</span> <span class='ocrx_word' id='word_1_180' title='bbox 471 2085 647 2132; x_wconf 82' lang='lat' dir='ltr'>excisos</span> <span class='ocrx_word' id='word_1_181' title='bbox 663 2085 918 2149; x_wconf 58' lang='lat' dir='ltr'>eressosque</span> <span class='ocrx_word' id='word_1_182' title='bbox 937 2121 950 2143; x_wconf 86' lang='lat'>‚</span> <span class='ocrx_word' id='word_1_183' title='bbox 971 2086 1072 2132; x_wconf 82' lang='lat' dir='ltr'>Diis</span> <span class='ocrx_word' id='word_1_184' title='bbox 1093 2085 1258 2149; x_wconf 84' lang='lat' dir='ltr'>superis</span> <span class='ocrx_word' id='word_1_185' title='bbox 1276 2088 1321 2133; x_wconf 84' lang='lat' dir='ltr'>in</span> <span class='ocrx_word' id='word_1_186' title='bbox 1340 2090 1446 2136; x_wconf 87' lang='lat' dir='ltr'>reli-</span> 
     </span>
     <span class='ocr_line' id='line_1_28' title="bbox 173 2155 1446 2222; baseline 0.007 -22"><span class='ocrx_word' id='word_1_187' title='bbox 173 2155 309 2217; x_wconf 85' lang='lat' dir='ltr'>gione</span> <span class='ocrx_word' id='word_1_188' title='bbox 348 2156 566 2205; x_wconf 80' lang='lat' dir='ltr'>dicarunt.</span> <span class='ocrx_word' id='word_1_189' title='bbox 610 2159 683 2204; x_wconf 81' lang='lat' dir='ltr'>Est</span> <span class='ocrx_word' id='word_1_190' title='bbox 733 2171 881 2205; x_wconf 84' lang='lat' dir='ltr'>autem</span> <span class='ocrx_word' id='word_1_191' title='bbox 920 2158 1137 2205; x_wconf 84' lang='lat' dir='ltr'>obeliscus</span> <span class='ocrx_word' id='word_1_192' title='bbox 1183 2159 1446 2222; x_wconf 86' lang='lat' dir='ltr'>asperrimus</span> 
     </span>
     <span class='ocr_line' id='line_1_29' title="bbox 173 2229 1447 2297; baseline 0.006 -23"><span class='ocrx_word' id='word_1_193' title='bbox 173 2229 305 2290; x_wconf 78' lang='lat' dir='ltr'>lapis,</span> <span class='ocrx_word' id='word_1_194' title='bbox 328 2230 373 2276; x_wconf 91' lang='lat' dir='ltr'>in</span> <span class='ocrx_word' id='word_1_195' title='bbox 397 2229 579 2295; x_wconf 86' lang='lat' dir='ltr'>figuram</span> <span class='ocrx_word' id='word_1_196' title='bbox 601 2244 728 2279; x_wconf 83' lang='lat' dir='ltr'>metae</span> <span class='ocrx_word' id='word_1_197' title='bbox 747 2232 969 2294; x_wconf 80' lang='lat' dir='ltr'>cujusdam</span> <span class='ocrx_word' id='word_1_198' title='bbox 996 2233 1146 2280; x_wconf 75' lang='lat' dir='ltr'>sensim</span> <span class='ocrx_word' id='word_1_199' title='bbox 1171 2236 1223 2280; x_wconf 78' lang='lat' dir='ltr'>ad</span> <span class='ocrx_word' id='word_1_200' title='bbox 1244 2237 1447 2297; x_wconf 88' lang='lat' dir='ltr'>proceri-</span> 
     </span>
     <span class='ocr_line' id='line_1_30' title="bbox 173 2305 1443 2370; baseline 0.003 -20"><span class='ocrx_word' id='word_1_201' title='bbox 173 2316 308 2350; x_wconf 83' lang='lat' dir='ltr'>tatem</span> <span class='ocrx_word' id='word_1_202' title='bbox 325 2305 592 2370; x_wconf 81' lang='lat' dir='ltr'>consurgens</span> <span class='ocrx_word' id='word_1_203' title='bbox 608 2307 821 2353; x_wconf 76' lang='lat' dir='ltr'>excelsam</span> <span class='ocrx_word' id='word_1_204' title='bbox 838 2323 850 2361; x_wconf 81' lang='lat'>3</span> <span class='ocrx_word' id='word_1_205' title='bbox 871 2319 1006 2369; x_wconf 86' lang='lat' dir='ltr'>utque</span> <span class='ocrx_word' id='word_1_206' title='bbox 1021 2307 1194 2353; x_wconf 82' lang='lat' dir='ltr'>radium</span> <span class='ocrx_word' id='word_1_207' title='bbox 1213 2308 1412 2354; x_wconf 83' lang='lat' dir='ltr'>imitetur</span> <span class='ocrx_word' id='word_1_208' title='bbox 1427 2344 1443 2367; x_wconf 83' lang='lat'>,</span> 
     </span>
     <span class='ocr_line' id='line_1_31' title="bbox 173 2377 1512 2444; baseline 0.007 -24"><span class='ocrx_word' id='word_1_209' title='bbox 173 2377 457 2437; x_wconf 81' lang='lat' dir='ltr'>gracilescens</span> <span class='ocrx_word' id='word_1_210' title='bbox 478 2415 492 2437; x_wconf 90' lang='lat'>‚</span> <span class='ocrx_word' id='word_1_211' title='bbox 515 2380 733 2443; x_wconf 85' lang='lat' dir='ltr'>paulisper</span> <span class='ocrx_word' id='word_1_212' title='bbox 756 2379 900 2442; x_wconf 81' lang='lat' dir='ltr'>specie</span> <span class='ocrx_word' id='word_1_213' title='bbox 931 2381 1140 2444; x_wconf 76' lang='lat' dir='ltr'>quadrata</span> <span class='ocrx_word' id='word_1_214' title='bbox 1163 2382 1207 2426; x_wconf 84' lang='lat' dir='ltr'>in</span> <span class='ocrx_word' id='word_1_215' title='bbox 1227 2382 1442 2428; x_wconf 79' lang='lat' dir='ltr'>verticem</span> <span class='ocrx_word' id='word_1_216' title='bbox 1504 2378 1512 2384; x_wconf 76' lang='grc'><em>’</em></span> 
     </span>
     <span class='ocr_line' id='line_1_32' title="bbox 171 2451 1442 2520; baseline 0.005 -24"><span class='ocrx_word' id='word_1_217' title='bbox 171 2451 412 2513; x_wconf 70' lang='grc' dir='ltr'>Ρτοάιιὲὶιιε</span> <span class='ocrx_word' id='word_1_218' title='bbox 437 2455 667 2519; x_wconf 79' lang='lat' dir='ltr'>angustum</span> <span class='ocrx_word' id='word_1_219' title='bbox 684 2491 698 2515; x_wconf 92' lang='lat'>,</span> <span class='ocrx_word' id='word_1_220' title='bbox 719 2472 851 2502; x_wconf 77' lang='lat' dir='ltr'>manu</span> <span class='ocrx_word' id='word_1_221' title='bbox 879 2455 1110 2520; x_wconf 79' lang='lat' dir='ltr'>laevigatus</span> <span class='ocrx_word' id='word_1_222' title='bbox 1131 2455 1302 2505; x_wconf 75' lang='lat' dir='ltr'>artifici.</span> <span class='ocrx_word' id='word_1_223' title='bbox 1334 2459 1442 2504; x_wconf 87' lang='lat' dir='ltr'>For-</span> 
     </span>
    </p>
   </div>
  </div>
 </body>
</html>
