1626 2917
182 216 278 261 *160
388 214 739 261 AMMIANt
785 215 1267 264 MARCELLINI

184 338 286 368 cum
325 321 677 379 Alamannorum
717 337 856 384 pagos
898 321 1074 386 aliquos
1113 323 1196 369 effe
1238 335 1463 386 reputaret

185 393 393 448 hostiles,
430 393 478 438 ὃ(
511 390 692 438 ausuros
724 393 963 450 immania,
996 394 1041 439 ni
1077 394 1156 457 ipsi
1190 412 1373 458 quoque
1407 394 1463 442 ad

185 481 437 517 ceterorum
471 466 769 514 sternerentur
805 468 1039 531 exempla:
1061 469 1253 515 haerebat
1271 469 1429 516 anxius
1447 503 1463 525 ‚

183 558 273 605 qua
299 541 369 598 vi,
395 557 480 603 qua
506 540 761 597 celeritate,
787 558 887 589 cum
918 543 1106 603 primum
1141 543 1256 590 ratio
1284 544 1463 605 copiam

181 613 399 661 tribuisset
414 649 427 670 ,
447 629 628 660 rumore
647 613 871 676 praecurso
892 626 1027 660 terras
1047 631 1205 661 eorum
1227 616 1462 662 invaderet

183 686 454 749 repentinus.
484 686 693 749 Seditque
718 687 895 733 tandem
929 687 1070 732 multa
1099 689 1147 735 δέ
1179 689 1301 735 varia
1331 689 1462 752 cogi·

182 758 321 813 tanti,
341 757 385 804 id
415 771 585 805 tentare
599 794 611 816 ,
637 760 763 822 quod
781 759 889 804 utile
909 760 1123 822 probavit
1142 775 1345 809 eventus.
1366 763 1460 807 Ha-

181 833 443 878 riobaudem
465 845 701 879 vacantem
724 833 950 880 tribunum
973 832 1072 879 fidei
1098 834 1461 897 fortitudinisque

184 919 329 966 notae,
361 906 488 953 nullo
521 905 735 963 conscio,
768 906 1004 969 legationis
1038 906 1180 969 specie
1211 908 1266 954 ad
1294 909 1462 953 Horta-

181 978 299 1023 rium
328 977 501 1024 miserat
527 995 676 1041 regem
703 976 788 1039 jam
819 993 1048 1040 pacatum,
1074 992 1123 1024 ut
1150 979 1313 1026 exinde
1332 979 1461 1026 facile

179 1054 236 1099 ad
258 1052 488 1100 collimitia
508 1054 759 1117 progreffus
777 1070 935 1100 eorum
949 1090 962 1112 ,
994 1054 1039 1100 in
1059 1071 1175 1118 quos
1195 1068 1321 1102 erant
1340 1073 1461 1104 arma

181 1126 387 1189 protinus
406 1127 759 1182 commovenda,
780 1127 922 1173 scitari
943 1127 1089 1189 poffit,
1108 1129 1217 1190 quid
1239 1129 1460 1174 moliren-

181 1214 284 1256 tur,
307 1198 521 1245 sermonis
551 1198 768 1245 barbarici
797 1216 1008 1261 perquam
1051 1216 1225 1262 gnarus.
1260 1201 1370 1260 Quo
1401 1198 1458 1245 fi·

177 1272 334 1318 denter
351 1270 405 1316 ad
420 1271 516 1316 haec
535 1271 746 1331 patranda
769 1271 956 1333 digresso
973 1306 985 1326 ,
1008 1271 1097 1332 ipse
1117 1272 1224 1319 anni
1247 1284 1454 1334 tempore

180 1355 474 1406 opportuno,
497 1343 552 1388 ad
577 1341 911 1404 expeditionem
949 1342 1149 1404 undique
1179 1341 1317 1388 milite
1345 1358 1461 1388 con-

179 1429 354 1463 vocato
380 1415 632 1478 profestus,
660 1415 705 1460 id
731 1414 848 1460 inter
880 1413 1103 1475 potifiima
1129 1428 1300 1461 mature
1331 1414 1462 1462 duxit

180 1488 479 1551 implendum,
499 1500 548 1534 ut
567 1501 669 1534 ante
698 1487 970 1550 proeliorum
1002 1486 1229 1534 fervorem
1257 1485 1462 1533 civitates

181 1563 328 1608 multo
360 1574 461 1608 ante
486 1561 650 1609 excisas
676 1560 904 1616 introiret,
936 1560 1218 1623 receptasque
1249 1576 1461 1606 commu·

182 1635 320 1681 niret:
339 1635 499 1680 horrea
518 1634 624 1697 quin
645 1634 777 1680 etiam
797 1632 1037 1678 exstrueret
1057 1648 1140 1695 pro
1157 1632 1362 1688 incentis,
1380 1629 1460 1677 ubi

182 1707 320 1754 condi
352 1706 494 1770 poffet
522 1722 732 1763 annona,
752 1723 778 1751 a
808 1704 1029 1750 Britannis
1062 1704 1180 1751 sueta
1212 1702 1457 1750 transferri.

183 1782 238 1825 Et
257 1792 495 1843 utrumque
518 1778 761 1842 perfe&um
786 1777 847 1824 est
863 1776 934 1840 spe
954 1777 1157 1824 omnium
1183 1777 1326 1825 citius.
1356 1793 1458 1823 nam

182 1854 232 1899 &
263 1854 423 1900 horrea
448 1853 600 1900 veloci
627 1868 764 1914 opere
788 1851 1095 1907 surrexerunt,
1118 1849 1459 1896 alimentorum-

182 1942 271 1989 que
291 1926 338 1971 in
367 1925 520 1972 iisdem
550 1925 675 1972 satias
697 1924 908 1971 condita:
928 1925 977 1970 ὃ(
997 1923 1202 1969 civitates
1227 1934 1459 1983 occupatae

185 1999 284 2043 sunt
304 1997 489 2059 septem,
507 1999 657 2044 Castra
677 1996 907 2054 Herculis,
926 1995 1335 2058 Quadriburgium,
1354 1995 1458 2041 Tri-

180 2070 380 2125 cefimae,
402 2069 647 2116 Novefium
661 2105 674 2127 ,
694 2071 877 2126 Bonna,
911 2071 1257 2123 Antunnacum,
1278 2068 1327 2113 &
1347 2066 1457 2112 Bin-

186 2143 262 2205 gio
278 2161 287 2190 ε
303 2143 379 2190 ubi
398 2143 502 2189 laeto
524 2144 720 2206 quodam
739 2154 906 2189 eventu
926 2141 1056 2187 etiam
1078 2139 1328 2186 Florentius
1346 2156 1460 2202 prae·

189 2215 325 2262 seems
348 2216 550 2278 apparuit
577 2215 750 2271 subito,
772 2227 940 2278 partem
969 2213 1160 2260 militum
1188 2213 1379 2270 ducens,
1408 2215 1459 2260 &

184 2301 516 2336 commeatuum
538 2288 762 2351 perferens
784 2288 962 2351 copiam
992 2285 1281 2331 sufficientem
1310 2284 1459 2331 usibus

185 2362 349 2426 longis.
367 2362 470 2408 Post
485 2363 579 2409 haec
598 2363 848 2424 impetrata,
868 2361 1071 2417 restabat,
1091 2360 1292 2423 adigente
1308 2358 1458 2406 neces-

190 2438 360 2482 sitatum
382 2437 572 2483 articuio
589 2473 603 2493 ‚
626 2428 899 2500 receptarum
929 2435 1104 2481 urbium
1135 2435 1303 2482 moenia
1331 2450 1458 2496 repa-

189 2508 303 2565 rari,
337 2508 465 2576 nullo
497 2510 625 2559 etiam
656 2522 750 2556 tum
786 2509 1136 2556 interturbante:
1166 2508 1299 2572 idque
1328 2505 1458 2555 claris
