1626 2917
280 123 379 173 DE
414 121 960 171 CONSTANTINO
995 123 1060 170 M,
1097 136 1211 171 ETC.
1310 132 1408 188 299

122 227 348 283 Sirmium.
375 230 551 277 Sublata
573 229 677 276 inde
696 246 841 276 uxore
871 245 924 276 ac
943 227 1040 276 filio
1071 231 1120 277 &
1155 228 1371 276 thesauris
1391 266 1408 287 ‚

123 302 314 349 tetendit
339 303 393 349 ad
421 303 611 350 Daciam
635 321 646 350 ε
671 303 905 350 Valentem
938 303 1096 349 ducem
1132 302 1283 348 limitis
1304 303 1411 349 Cae-

122 372 262 423 sarem
282 374 401 422 fecit.
426 375 531 422 Inde
549 374 668 438 apud
688 373 1064 436 Hadrianopolim
1079 409 1092 430 ‚
1111 373 1318 421 Thraciae
1337 373 1408 420 ci·

123 445 311 494 vitatem
325 483 337 505 ,
354 465 432 511 per
447 447 681 495 Valentem
703 446 890 495 colleeia
908 445 1078 510 ingenti
1101 446 1414 505 multitudine,

124 521 299 584 legatos
330 521 385 567 ad
410 519 753 568 Constantinum
784 520 838 566 de
869 535 977 582 pace
1012 518 1127 565 mitit
1162 519 1277 582 apud
1324 519 1417 565 >hi-

124 594 278 656 lippos
308 593 603 641 constitutum
624 611 635 640 ε
656 593 818 657 quibus
838 591 995 639 frustra
1015 591 1198 639 remiffis
1220 629 1234 649 ,
1256 592 1332 638 itet
1372 609 1419 638 m

122 678 334 728 reparato
373 665 493 712 bello
516 701 531 722 ‚
563 665 610 713 in
644 682 806 728 campo
838 663 1089 712 Mardiense
1122 664 1177 710 ab
1215 678 1418 726 utroque

126 738 418 786 concurritur
441 774 454 796 ‚
486 741 536 786 δε
572 739 673 802 post
704 738 890 784 dubium
914 754 964 784 ac
994 737 1254 783 diuturnum
1291 753 1420 798 proee-

127 806 237 856 lium
258 844 272 868 ,
295 809 455 856 Licinii
482 810 682 873 partibus
714 808 938 857 inclinatis
961 808 1134 872 profuit
1166 808 1310 856 noctis
1335 825 1420 855 au·-

127 882 305 930 xiiium.
340 883 541 931 Licinius
573 884 623 931 &
654 883 849 942 Valens,
890 883 1120 930 credentes
1157 881 1423 930 Constanti-

129 971 264 1012 num,
294 956 423 1016 quod
449 957 499 1003 δε
524 971 684 1003 verum
714 967 832 1007 erat,
852 955 906 1001 ad
928 954 1284 1016 persequendum
1315 954 1423 1000 lon-

127 1027 229 1093 gius
254 1045 278 1074 a
304 1024 530 1092 Byz'antio
557 1028 892 1091 processurum,
917 1027 1024 1074 flexi
1052 1027 1099 1073 in
1133 1040 1305 1090 partem
1341 1028 1425 1072 Be-

128 1117 272 1151 roeam
300 1101 635 1150 concesserunt.
669 1105 733 1148 Ita
766 1099 1090 1148 Constantinus
1134 1099 1427 1148 vehementer

128 1171 181 1223 in
224 1172 442 1221 ulteriora
481 1174 694 1225 festinans
715 1208 727 1227 ,
757 1171 1052 1236 deprehendit
1091 1170 1315 1219 Licinium
1350 1187 1426 1217 rea

132 1248 330 1299 mansisse
359 1249 462 1312 post
495 1261 701 1313 tergum:
733 1247 925 1311 fatigatis
944 1247 1066 1294 bello
1091 1246 1316 1294 &itinere
1337 1245 1427 1292 mi‘

133 1320 304 1372 litibus,
325 1321 480 1369 Miffus
503 1322 662 1369 deinde
690 1320 958 1368 Mestrianus
978 1320 1147 1382 legatus
1167 1335 1322 1380 pacem
1344 1334 1427 1380 pe·-

135 1393 234 1449 tiit,
269 1393 449 1441 Licinio
485 1393 740 1458 postulante
768 1395 817 1442 &
842 1392 1115 1456 pollicente,
1145 1391 1185 1437 se
1214 1390 1429 1452 imperata

136 1466 374 1519 faiiurum.
395 1470 568 1516 Denuo
584 1506 599 1527 ,
620 1469 732 1517 ficut
753 1483 856 1516 ante
872 1466 1127 1514 mandatum
1154 1464 1241 1523 est,
1261 1465 1430 1512 Valens

137 1541 343 1604 privatus
369 1541 498 1589 fieret
522 1559 532 1588 :
563 1557 658 1605 quo
688 1541 806 1588 facto
833 1558 921 1604 pax
951 1540 1006 1586 ab
1035 1538 1255 1587 ambobus
1276 1536 1431 1584 firma-

139 1625 187 1661 ta
212 1614 297 1673 est,
329 1626 379 1662 ut
405 1614 609 1662 Licinius
632 1614 869 1661 Orientem
889 1648 904 1671 ,
935 1612 1080 1660 Asiam
1103 1647 1117 1669 ‚
1147 1610 1391 1658 Thraciam
1410 1645 1429 1668 ,

141 1685 351 1733 Moesiam
377 1721 392 1744 ‚
424 1686 649 1732 minorem
684 1683 917 1748 Scythiam
959 1682 1213 1745 poffideret.
1250 1681 1433 1728 Deinde

137 1758 345 1809 reversus
374 1759 602 1807 Serdicam
628 1757 954 1806 Constantinus
989 1757 1079 1802 hoc
1110 1773 1211 1803 cum
1249 1754 1433 1805 Licinio

139 1833 320 1882 ab'sente
352 1833 585 1882 constituit
607 1869 622 1892 ‚
653 1845 702 1880 ut
732 1830 813 1879 filii
850 1830 1138 1879 Constantini
1167 1830 1350 1892 Crispus
1381 1831 1434 1877 δε

139 1905 495 1963 Constantinus,
523 1905 640 1953 filius
680 1906 815 1952 etiam
858 1903 1025 1954 Licinii
1057 1901 1257 1954 Licinius
1285 1901 1438 1949 Caesa-

142 1994 213 2025 r&
239 1977 426 2036 fierent,
446 1980 498 2031 δέ,
523 1979 583 2026 fic
608 1978 663 2025 ab
681 1991 875 2041 utroque
905 1976 1199 2024 concorditer
1227 1990 1437 2039 regnare-

145 2064 235 2099 tur.
257 2054 409 2115 ltaque
428 2050 754 2100 Constantinus
782 2052 830 2098 &
851 2049 1049 2097 Licinius
1082 2048 1210 2095 simul
1230 2047 1440 2095 consules

148 2122 269 2173 facii.
301 2127 351 2172 In
384 2123 588 2172 OrIentis
620 2122 822 2186 partibus
855 2119 1034 2169 Licinio
1053 2155 1067 2178 ‚
1097 2117 1397 2166 Constantino
1416 2151 1436 2174 ,

148 2196 384 2258 repentina
401 2196 522 2244 rabie
552 2195 782 2242 suscitatus
805 2192 1003 2240 Licinius
1031 2206 1188 2238 omnes
1220 2188 1434 2236 Christia-

150 2286 237 2318 nos
257 2287 281 2317 a
300 2271 466 2333 palatio
484 2270 601 2333 juffit
619 2268 798 2332 expelli.
820 2269 934 2314 Mox
956 2266 1123 2313 bellum
1145 2265 1262 2311 inter
1290 2263 1436 2325 ipsum

151 2341 375 2396 Licinium
423 2344 474 2391 &
519 2341 866 2389 Constantinum
915 2340 1133 2387 efferbuit.
1174 2342 1283 2384 Item
1332 2352 1436 2383 cum

151 2415 474 2472 Constantinus
502 2415 816 2470 Theffalonica
845 2414 975 2475 estet,
996 2414 1140 2468 Gothi
1174 2428 1254 2478 per
1283 2410 1439 2481 uegit-2
