1626 2917
314 210 535 257 RERUM
569 210 913 257 GESTARUM
942 212 1048 259 LIB.
1078 213 1206 260 XXI.
1307 230 1395 275 251

118 315 209 364 leni
230 315 375 363 futura
401 316 724 378 praemonstret.
756 319 889 365 Amat
907 317 1026 372 enim
1047 318 1299 383 benignitas
1319 337 1405 366 nu-

117 390 254 436 ·minis
271 425 283 443 .,
303 389 374 436 seu
395 390 520 451 quod
543 405 769 437 merentur
794 391 1028 448 homines,
1047 391 1117 438 seu
1145 392 1273 455 quod
1301 404 1406 439 tan-

117 462 237 525 gitur
255 479 410 508 eorum
431 460 663 508 affectione
679 498 692 518 ‚
715 462 780 508 his
802 481 987 527 quoque
1008 464 1175 512 artibus
1194 466 1406 527 prodere,

117 537 513 601 quae'impendent.
550 538 671 585 bnis
702 538 805 584 item
835 539 1054 600 pecudum
1075 540 1229 587 attenti
1252 540 1407 587 fatidi-

117 612 213 668 cis,
240 610 283 656 in
310 610 475 672 species
504 610 715 658 converti
747 610 876 672 suetis
901 611 1179 670 innumeras,
1198 613 1407 660 acciden-

118 685 182 730 tia
209 681 364 729 sciunt.
395 681 537 744 Cujus
565 682 811 744 disciplinae
831 684 976 748 Tages
1007 685 1193 731 nomine
1220 684 1408 748 quidam

119 755 399 808 monstrator
428 756 514 812 est3
541 769 588 800 ut
615 754 894 815 fabulantur,
920 757 966 802 in
991 757 1179 804 Etruriae
1206 757 1408 820 partibus

120 827 338 875 emerfiffe
362 827 505 873 subito
539 828 653 874 visus
689 845 711 874 e
739 841 868 876 terra.
904 829 1128 891 Aperiunt
1150 841 1257 876 tunc
1290 846 1411 893 quo-

120 917 212 966 que
236 914 450 953 ventura.
473 919 573 948 cum
598 902 1039 950 aestuant'hominum
1060 903 1223 960 corda,
1242 903 1314 949 sed
1333 903 1410 950 lo-

121 989 324 1040 quuntur
353 976 521 1022 divina.
545 975 625 1022 Sol
652 975 771 1022 enim
800 976 880 1035 (ut
901 973 1026 1037 ajunt
1047 975 1258 1040 physici)
1283 992 1412 1027 mens

122 1049 308 1106 mundi,
328 1050 498 1096 nostras
532 1063 700 1095 mentes
731 1066 785 1096 ex
816 1049 902 1095 sese
933 1048 1058 1097 velut
1086 1049 1298 1097 scintillas
1325 1048 1411 1095 dif-

123 1121 380 1180 funditans,
409 1139 508 1168 cum
535 1139 606 1169 eas
636 1122 886 1169 incenderit
913 1122 1250 1182 vehementius,
1273 1121 1412 1169 futuri

123 1193 324 1241 conscias
347 1195 506 1242 reddit.
538 1195 673 1241 Unde
692 1194 880 1257 Sibyllae
901 1192 1062 1240 crebro
1091 1192 1132 1240 se
1163 1193 1318 1241 dicunt
1338 1210 1410 1240 ar·

123 1267 254 1324 dere,
273 1279 474 1313 torrente
508 1266 551 1312 vi
581 1284 736 1329 magna
756 1265 1050 1313 flammarum.
1079 1266 1224 1313 Multa
1244 1263 1414 1329 fignifi-

124 1355 227 1389 cant
247 1340 374 1403 super
390 1341 455 1387 his
476 1341 669 1403 crepitus
689 1356 860 1386 vocum
873 1375 885 1395 ,
900 1341 948 1387 &
963 1340 1248 1387 occurrentia
1267 1341 1413 1403 signa,

125 1414 327 1460 tonitrua
344 1413 451 1476 quin
471 1412 603 1460 etiam
625 1415 671 1460 &
692 1411 928 1475 fulgura&
947 1411 1151 1470 fulmina,
1169 1412 1416 1475 itidemque

129 1485 316 1531 siderum
341 1484 462 1532 suici.
481 1486 776 1532 Somniorum
798 1500 945 1532 autem
966 1497 1058 1533 rata
1076 1483 1183 1533 fides
1205 1486 1256 1533 &
1277 1485 1417 1531 indu-

127 1556 320 1604 bitabilis
343 1554 491 1614 foret,
521 1557 566 1603 ni
585 1557 904 1604 ratiocinantes
924 1555 1177 1618 conjeEtura
1204 1556 1415 1603 falleren-

129 1641 216 1675 tur.
243 1630 556 1692 interdumque
573 1665 586 1687 ,
609 1641 659 1676 ut
684 1629 943 1677 Aristoteles
963 1628 1150 1676 affirmat
1166 1664 1179 1687 ‚
1207 1640 1302 1675 tum
1327 1627 1416 1675 fixa

128 1701 231 1749 sunt
266 1704 316 1749 &
353 1702 550 1761 stabilia,
587 1721 688 1751 curn
717 1702 953 1750 animantis
985 1702 1116 1749 altius
1146 1701 1415 1765 quiescentis

131 1775 327 1839 ocularis
358 1776 527 1839 pupilla
560 1776 772 1823 neutrobi
800 1775 1036 1835 inclinata,
1057 1775 1286 1822 reffiffime
1316 1793 1417 1822 cer-

128 1849 210 1897 nit.
245 1850 298 1894 Et
315 1849 419 1912 quia
443 1849 637 1896 vanities
659 1850 900 1913 aliquoties
921 1847 1093 1912 plebeja
1120 1848 1298 1911 strepit,
1319 1849 1420 1896 haec

129 1922 336 1983 imperite
379 1923 610 1970 muffando
625 1959 640 1980 ,
677 1924 707 1969 fi
746 1922 850 1969 effet
893 1921 1203 1984 praesentiendi
1252 1921 1419 1968 notitia

130 1995 335 2059 quaedam
352 2030 366 2052 ‚
387 2013 468 2043 cur
488 1995 564 2043 ille
583 1998 625 2042 se
646 1996 848 2043 casurum
869 1995 915 2041 in
937 1994 1083 2053 bello,
1099 1993 1175 2040 vel
1195 1994 1308 2041 alius
1326 1995 1419 2043 hoc

131 2068 175 2115 se
210 2068 426 2129 pass'urum
463 2067 722 2131 ignoravit,
755 2080 830 2117 aut
870 2067 1017 2114 illud?
1069 2066 1254 2114 sufficiet
1292 2067 1382 2114 dici
1402 2093 1421 2126 5

134 2141 260 2201 quod
281 2144 328 2188 ὅ(
348 2143 659 2205 grammaticus
679 2143 858 2190 locutus
882 2140 1104 2188 interdum
1123 2140 1185 2187 est
1202 2140 1417 2200 barbare,

135 2213 188 2259 &
211 2211 392 2258 absurde
414 2213 577 2261 cecinit
605 2215 823 2274 musicus,
843 2216 892 2262 δι
914 2211 1144 2278 ignoravit
1169 2213 1420 2259 remedium

135 2284 363 2332 medicus:
383 2288 432 2334 δε
450 2303 544 2333 non
560 2287 663 2333 ideo
685 2304 768 2334 nec
785 2286 1099 2351 grammatica,
1119 2303 1202 2334 nec
1223 2286 1385 2334 mufica
1399 2320 1418 2345 ,

136 2373 220 2406 nec
238 2357 457 2405 medicina
479 2359 677 2407 subsistit.
703 2361 836 2409 Unde
857 2360 1067 2423 praeclare
1096 2359 1185 2407 hoc
1205 2374 1418 2422 quoque,

136 2443 189 2477 ut
208 2429 316 2487 alia,
338 2433 514 2480 Tullius
529 2469 542 2492 ,
566 2438 701 2497 Signa
732 2436 1025 2502 ostenduntur,
1055 2432 1143 2492 ait,
1170 2452 1198 2478 a
1220 2435 1330 2481 Diis
1361 2450 1422 2478 re·

137 2521 226 2551 rum
239 2503 500 2564 staturarum.
531 2510 585 2556 In
609 2511 678 2556 his
691 2507 744 2574 st
766 2509 859 2572 quis
883 2510 1101 2569 erraverit,
1125 2525 1212 2554 non
1228 2508 1418 2553 Deorum
