1626 2917
229 188 324 223 xlv
459 176 835 223 AAMJ.<³,’·.'I
874 177 1379 223 MARCELLINI

229 286 365 331 Rom.
398 284 447 330 δε
479 285 671 332 maxime
701 282 962 332 Nobilitatis
995 283 1115 343 otia,
1139 285 1363 348 malasque
1391 293 1509 330 artes

231 350 542 411 reprehendit,
559 350 769 396 doc‘lsirzas
783 383 796 405 ,
815 347 902 405 ait,
927 366 973 396 uc
993 369 1147 396 venena
1171 352 1374 416 detgstari,
1398 363 1508 411 pro-

231 415 367 461 duc‘lo
398 414 443 460 in
468 430 566 460 eam
597 430 688 459 rem
707 413 900 460 Socratis
924 415 1065 460 nobili
1088 415 1227 468 diez-0,
1249 415 1347 478 qui,
1372 430 1394 460 e
1416 412 1509 458 vita

233 478 447 543 postridie
476 479 733 525 discessurus
748 513 758 533 ‚
780 478 947 540 aliquid
976 480 1163 541 amplius
1185 480 1294 525 scire
1314 477 1510 540 optavit.

297 544 384 591 Sed
412 547 460 591 &
481 543 678 590 solemne
705 542 766 589 exst
781 547 1040 602 Ammiano,
1062 546 1174 591 bene
1196 546 1270 592 vel
1297 543 1410 589 male
1437 558 1509 605 ge·

232 608 341 656 stam
381 608 703 669 rempublicam
740 608 988 665 decumae,
1020 623 1094 656 aut
1129 608 1397 673 ignorantiae
1429 608 1510 652 ad·

231 673 438 722 scribere.
474 677 622 734 ltaque
639 674 836 734 peritiam
859 674 1062 719 Gratiani
1086 674 1132 720 in
1156 674 1244 720 fine
1269 675 1346 721 lib.
1366 672 1511 720 XXX

230 739 407 793 laudat,
429 752 477 784 ut
496 737 602 784 alibi
622 737 823 785 Valentis
842 737 996 783 rudem
1016 741 1064 786 &
1085 740 1198 785 male
1216 738 1510 785 informatum

230 804 428 851 animum
444 837 457 856 ,
483 815 622 865 atque
637 838 652 859 ‚
678 813 726 848 ut
751 802 826 849 ille
857 804 1052 864 appellat
1067 840 1081 860 ‚
1103 805 1480 865 inconficmmamm
1497 835 1513 856 ‚

230 880 378 915 notat.
416 870 484 914 Ex
520 868 603 915 hac
635 868 797 915 mentis
831 867 1128 916 inclinatione
1163 870 1213 915 &
1245 869 1514 931 proposito,

233 931 604 981 Valentinianum
641 935 753 994 Imp.
787 946 890 980 ante
925 933 1128 980 Gratiani
1168 933 1515 989 assumtionem,

231 998 295 1046 sic
321 1014 404 1060 pro
429 1014 486 1045 eo
511 998 630 1060 apud
651 997 813 1045 milites
836 997 1129 1059 spondentem
1161 998 1362 1044 inducit:
1395 999 1514 1059 Quo·

235 1067 353 1117 niam
383 1066 640 1110 humanitate
673 1061 717 1109 δ’
737 1065 897 1128 studiis
932 1065 1249 1125 disciplinarum
1278 1065 1512 1124 sollertium

234 1132 450 1190 expolitus
465 1163 479 1187 ,
498 1131 667 1174 librabit
677 1127 901 1192 fifflagiis
920 1132 1042 1190 puris
1066 1133 1209 1176 merita
1238 1132 1330 1175 teile
1347 1129 1514 1189 secusve

233 1197 430 1262 gestorum
449 1213 465 1240 .·
480 1194 643 1253 faciet,
671 1211 719 1239 ιιι
737 1195 881 1254 sciant
899 1195 949 1254 s}
976 1197 1075 1240 boni
1099 1197 1276 1255 intelligi
1305 1194 1399 1241 &c.
1442 1194 1512 1238 Eo

231 1260 431 1323 pertinet
446 1293 460 1317 ,
479 1259 605 1321 quod
624 1259 677 1304 de
698 1256 851 1305 Orfito
874 1258 999 1306 Praef.
1020 1261 1076 1304 V.
1097 1259 1155 1305 fic
1175 1258 1347 1305 scribit:
1366 1261 1518 1304 Forma

222 1325 339 1392 fiam
370 1327 622 1387 negotiorum
656 1326 808 1384 oppido
841 1341 1026 1385 gnarus,
1052 1326 1135 1384 sed
1154 1325 1374 1384 splendore
1411 1327 1516 1370 libe-

214 1388 390 1438 ‘falimn
410 1389 687 1434 dot-binarum
706 1391 844 1434 minus
858 1423 871 1443 ,
888 1408 1010 1448 quam
1029 1392 1203 1434 nobilem
1223 1393 1406 1435 decuerat
1419 1423 1432 1445 ,
1449 1391 1517 1436 in-

224 1457 409 1522 stitutus.
430 1453 594 1514 Culpat
611 1452 742 1500 etiam
764 1453 810 1498 in
831 1452 949 1498 libro
968 1455 1107 1500 XXX
1128 1453 1380 1500 Modestum
1400 1454 1516 1501 Prae-

235 1519 408 1567 fecium
438 1517 693 1573 Praetorio,
724 1522 836 1580 quod
853 1519 1084 1584 fichagreste
1117 1522 1351 1581 ingenium,
1386 1524 1517 1567 nullis

237 1587 448 1650 vetustatis
475 1583 714 1629 lec‘t'ionibus
742 1586 971 1645 expolitum
989 1619 1004 1640 ,
1033 1586 1248 1630 habuerit:
1291 1586 1339 1631 &
1369 1585 1519 1631 Nobi-

236 1651 408 1696 litatem
443 1649 696 1695 Romanam
727 1664 821 1694 non
858 1649 991 1694 semel
1023 1647 1192 1710 carpit,
1223 1648 1350 1712 quod
1377 1666 1400 1695 a
1431 1650 1519 1695 do-

240 1714 394 1762 {trinis
427 1713 601 1771 aliena,
632 1715 682 1760 &
714 1716 1018 1774 inperpetuum
1045 1713 1189 1776 clausis
1221 1718 1336 1775 apud
1359 1732 1425 1760 eos
1441 1717 1518 1776 fic-

237 1785 476 1845 pulc-rorum
505 1780 586 1824 ritu
617 1781 896 1833 bibliothecis,
916 1778 1052 1825 malas
1085 1778 1169 1825 otii
1198 1792 1312 1825 artes
1345 1791 1517 1826 tantum

242 1846 445 1909 agitaret.
477 1844 595 1903 Quae
621 1843 774 1889 omnia
795 1844 920 1890 varie
945 1843 1085 1906 sparsa
1109 1846 1158 1891 δε
1187 1843 1371 1891 collecta
1387 1880 1400 1903 ,
1419 1861 1519 1891 mo-

243 1926 316 1957 res
343 1909 632 1972 animumque
651 1911 894 1956 Marcellini
917 1909 1042 1957 velut
1067 1909 1127 1955 ob
1147 1909 1307 1956 oculos
1335 1909 1518 1974 legenti-

242 1976 329 2024 bus
355 1986 548 2038 ponunt.

311 2041 612 2104 Synchronos
633 2037 788 2086 habuit
816 2037 1014 2102 (praeter
1043 2037 1156 2086 alios
1176 2039 1342 2085 multos
1358 2076 1374 2098 ,
1401 2055 1520 2103 quo-

243 2122 347 2155 rum
383 2103 554 2168 ingenii
583 2120 719 2166 opera
748 2104 880 2151 nobis
908 2104 1007 2151 sunt
1038 2102 1229 2168 ignota)
1253 2105 1335 2150 hos
1358 2113 1523 2150 monu-=

245 2182 502 2220 mentorum
522 2168 779 2216 exstantium
806 2168 950 2232 gloria
973 2168 1185 2216 florentes
1207 2186 1216 2215 :
1245 2185 1298 2215 ex
1327 2168 1523 2228 Latinis,

247 2235 533 2284 Ambrosium
555 2269 568 2294 ,
598 2235 814 2281 Severum
853 2234 1096 2298 Sulpicium
1119 2270 1131 2289 ,
1170 2235 1488 2297 Symmachum
1505 2269 1522 2293 ‚

245 2300 557 2357 Macrobium,
586 2299 836 2346 Ausonium
856 2335 870 2358 ,
895 2304 1059 2362 (quem
1083 2299 1230 2345 Graeci
1249 2334 1261 2356 ,
1283 2301 1331 2347 &
1358 2299 1522 2346 Codex

247 2378 436 2429 uterque
465 2368 718 2412 Auxonium
753 2365 1015 2426 appellant)
1051 2364 1151 2410 Sex.
1186 2364 1337 2410 Aurel.
1367 2365 1524 2413 vieto-

251 2447 343 2478 rem
364 2463 378 2487 ,
415 2430 716 2491 Eutropium,
746 2427 913 2476 Rufum
954 2428 1152 2485 Festum,
1189 2429 1350 2477 Julium
1385 2429 1523 2476 Vale-

252 2496 370 2545 rium
385 2531 400 2559 ,
419 2495 682 2560 Vegetium:
706 2511 762 2543 ex
785 2493 984 2556 Graecis,
1010 2493 1232 2556 Bafilium,
1253 2494 1525 2559 Gregorium
