1626 2917
313 190 536 238 RERUM
573 190 917 239 GESTARUM
955 193 1056 240 LIB.
1087 191 1260 241 XXIV.
1399 209 1419 258 3

141 311 230 362 que
248 297 360 345 latus
391 297 580 345 instituit
599 298 944 361 procedentium
965 299 1206 348 ordinatim
1222 337 1236 357 ,
1261 318 1318 349 ne
1337 319 1426 366 qua

140 374 194 419 vi
224 371 362 420 subita
379 386 641 437 raperentur
655 409 668 431 ‚
694 386 744 420 ut
763 373 876 436 saepe
897 372 1088 438 contigit
1109 410 1123 432 ‚
1143 375 1425 438 improtetsta.

140 447 298 493 Claffis
322 461 486 504 autem,
505 447 609 494 licet
624 464 702 510 per
720 447 887 494 flumen
908 448 1129 496 ferebatur
1146 450 1323 497 assiduis
1343 450 1425 497 fle-

141 520 270 566 xibus
300 519 550 566 tortuosum
570 555 583 577 ,
615 536 698 566 nec
727 520 942 578 residere,
960 537 1042 567 nec
1069 538 1342 583 praecurrere
1371 523 1423 569 sia

139 592 342 642 nebatur.
373 592 565 640 Emenso
598 593 746 658 itaque
775 594 932 641 itinere
963 595 1119 653 bidui,
1141 614 1283 660 prope
1302 597 1425 646 civi·

137 679 274 713 tatem
294 667 502 714 venimus
526 668 699 714 Duram
725 667 961 725 desertam,
988 670 1260 733 marginibus
1280 672 1423 718 amnis

136 739 406 804 impositam.
428 744 476 786 ln
503 758 595 804 quo
616 741 724 787 loco
745 759 898 805 greges
923 759 1165 790 cervorum
1185 745 1334 807 plures
1355 745 1426 791 in-

137 813 265 859 venti
286 812 408 869 sunt,
426 829 622 876 quorum
643 813 718 859 alii
739 813 911 860 confixi
932 814 1159 862 missilibus
1176 852 1189 874 ,
1209 817 1284 863 alii
1306 834 1425 879 pon-

138 886 318 934 deribus
343 886 434 934 elisi
463 904 688 933 remorum
711 922 724 945 ‚
749 887 804 933 ad
830 886 1071 933 satietatem
1101 904 1258 935 omnes
1285 907 1425 952 pave-

135 973 241 1006 runt
261 978 272 1007 ε
299 977 397 1022 pars
416 960 608 1006 maxima
634 972 787 1006 natatu
808 961 992 1019 assueta,
1015 962 1164 1009 veloci
1185 963 1320 1010 alveo
1342 982 1425 1027 pe·

135 1047 313 1080 netrato
334 1069 346 1090 ,
376 1033 616 1080 incohibili
644 1032 772 1080 cursu
795 1034 935 1080 evafit
956 1035 1010 1080 ad
1039 1034 1302 1084 solitudines
1336 1056 1422 1085 no-

136 1120 215 1153 tas.
241 1107 354 1153 Exin
382 1106 555 1152 dierum
586 1118 783 1168 quatuor
806 1105 966 1153 itinere
992 1107 1082 1154 levi
1112 1110 1320 1171 pera&0‚
1342 1129 1424 1159 ve-

135 1180 258 1242 spera
287 1181 523 1227 incedente
556 1196 661 1227 cum
691 1180 907 1242 expeditis
939 1181 1063 1229 mille
1094 1182 1311 1246 impositis
1341 1202 1424 1232 na-

134 1254 268 1302 vibus
287 1290 300 1312 ‚
322 1255 593 1302 Lucillianus
619 1272 772 1302 comes
801 1255 1020 1319 imperitia
1056 1274 1253 1320 praeceps
1282 1260 1425 1307 mitti-

133 1338 208 1372 tur
238 1327 441 1374 Anathan
473 1328 800 1374 munimentum
838 1343 1203 1393 expugnaturus:
1230 1333 1354 1395 quod
1372 1344 1423 1379 ut

133 1399 340 1462 pleraque
387 1400 472 1446 alia
503 1399 816 1446 circumluitur
861 1400 1044 1447 fluentis
1080 1402 1330 1464 Euphratis.
1366 1406 1425 1450 Et

132 1474 324 1520 navibus
341 1511 353 1531 ‚
373 1487 422 1520 ut
438 1487 709 1536 praeceptum
732 1474 793 1521 est
808 1511 822 1532 ‚
846 1492 924 1536 per
956 1490 1219 1538 opportuna
1247 1479 1420 1543 disper-'-

131 1547 210 1604 fis,
232 1547 513 1594 obsidebatur
532 1546 694 1604 insula,
714 1547 928 1595 nebulosa
955 1550 1088 1595 noste
1116 1551 1418 1600 obumbrante

133 1619 348 1682 impetum
382 1619 719 1667 clandestinum.
751 1621 837 1666 Sed
867 1621 1104 1684 postquam
1138 1623 1321 1671 advenit
1341 1626 1422 1674 lux

133 1706 253 1740 certa
269 1730 282 1751 ‚
298 1707 507 1758 aquatum
524 1693 707 1757 quidam
735 1694 951 1757 egressus,
975 1695 1078 1742 vifis
1104 1696 1254 1744 subito
1279 1699 1420 1746 hosti-

134 1767 218 1814 bus
239 1766 442 1813 ululabili
470 1767 664 1813 clamore
694 1766 866 1813 sublato
888 1802 899 1824 ‚
922 1767 1099 1815 excitos
1131 1770 1419 1820 tumultuosis

133 1839 329 1888 vocibus
355 1852 712 1904 propugnatores
751 1838 958 1887 armavit.
998 1841 1053 1887 Et
1092 1859 1203 1889 mox
1239 1843 1418 1907 specula

132 1912 325 1975 quadam
355 1912 555 1959 altiffima
586 1911 826 1974 explorato
858 1912 938 1958 situ
974 1912 1254 1973 castrorum,
1281 1934 1418 1980 quam

132 1983 330 2031 ocissime
345 2001 446 2031 cum
465 1984 647 2031 duarum
665 1985 870 2048 praefidio
882 1984 1064 2032 navium
1079 2003 1253 2035 amnem
1269 1989 1414 2054 supera

132 2070 250 2103 meat
269 2059 514 2119 Imperator
534 2093 546 2115 ‚
569 2075 691 2121 pone
715 2058 1001 2121 sequentibus
1028 2060 1217 2124 navigiis
1237 2065 1416 2123 multis,

132 2146 232 2194 quae
249 2130 547 2178 obsidionales
562 2131 786 2180 machinas
803 2133 1097 2181 advehebant.
1113 2136 1295 2200 Jamque
1317 2156 1415 2186 mu·

130 2205 192 2251 ris
205 2204 529 2270 propinquans,
548 2224 648 2254 cum
662 2224 755 2254 non
771 2207 932 2270 absque
946 2208 1273 2257 discriminibus
1294 2212 1415 2259 mul-
1442 2270 1445 2271 ⁷

131 2278 187 2324 tis
209 2279 504 2327 consideraret
532 2280 615 2326 esse
635 2282 916 2335 certandum,
943 2281 1146 2328 sermone
1167 2300 1268 2331 cum
1292 2286 1414 2345 leni,

130 2362 225 2395 tum
246 2351 401 2414 aspero
424 2355 474 2400 &
490 2353 654 2400 minaci
674 2354 938 2400 hortabatur
958 2353 1013 2400 ad
1035 2354 1310 2403 deditionem
1336 2359 1412 2405 de·-

130 2420 328 2469 fensores
357 2440 368 2470 :
406 2425 485 2488 qui
521 2426 581 2471 ad‘
612 2425 894 2488 colloquium
939 2424 1081 2487 petito
1128 2428 1366 2474 Hormisda
1394 2463 1409 2486 ‚

129 2496 349 2560 promissis
381 2495 473 2561 ejus
506 2502 555 2548 &
580 2499 842 2562 juramentis
876 2500 1006 2549 illecti
1027 2500 1208 2619 ,Amulta
1245 2501 1322 2548 fibi
1353 2502 1407 2549 de

1039 2614 1043 2615 γ
1115 2589 1139 2618 2,
