1626 2917
236 217 322 265 186
446 217 777 264 AMMIANI
825 217 1279 272 MARCELLINI

292 395 324 439 l.
363 329 550 444 Hoc
570 387 738 436 miserae
759 388 1013 436 nostrorum
1028 391 1301 456 captivitatis
1329 404 1498 440 eventu

228 482 307 511 rex
331 465 457 512 laetus
477 501 490 522 ,
518 462 816 526 successusque
841 464 1082 525 opperiens
1101 466 1255 514 similes
1274 502 1287 526 ,
1311 466 1499 531 egressus

226 538 388 585 exinde
427 537 724 601 paulatimque
753 537 966 584 incedens
985 574 1002 596 ,
1040 539 1245 587 Amidam
1267 541 1335 587 die
1363 541 1500 588 tertio

226 610 368 658 venit.
395 613 598 675 Cumque
619 611 812 673 primum
840 627 1001 658 aurora
1023 611 1214 677 fulgeret
1232 649 1244 671 ‚
1265 613 1469 660 universa
1487 649 1502 671 ‚

225 701 326 747 quae
347 684 491 732 videri
507 694 730 747 poterant,
747 682 880 729 armis
896 683 1169 732 stellantibus
1191 685 1503 744 coruscabant,

227 775 279 804 ac
323 756 490 804 ferreus
532 755 754 819 equitatus
801 772 986 818 campos
1021 757 1229 820 opplevit
1262 761 1310 805 &
1350 758 1503 805 colles.

226 828 421 876 Insidens
451 840 594 875 autern
625 843 774 892 equo,
797 844 899 875 ante
928 828 1041 876 alios
1071 828 1228 877 celsior
1251 829 1341 893 ipse
1370 830 1504 893 praei-

226 900 302 947 bat
332 900 579 964 agminibus
601 899 771 946 cunCtis
789 935 803 959 ,
831 915 1013 947 aureum
1046 901 1202 964 capitis
1222 901 1395 948 arietini
1422 900 1504 962 sig-

227 987 429 1020 mentum
472 972 795 1020 interstin&um
841 971 1003 1035 lapillis
1036 989 1121 1035 pro
1156 972 1401 1019 diademate
1430 988 1506 1035 ge-

228 1047 345 1094 stans
377 1082 390 1105 ,
438 1046 678 1108 multiplici
712 1046 883 1093 vertice
916 1046 1182 1110 dignitatum
1228 1048 1277 1094 &
1310 1047 1508 1110 gentium

227 1118 506 1165 diversarum
543 1117 761 1165 comitatu
792 1117 1002 1165 sublimis.
1037 1119 1232 1183 Satisque
1266 1135 1369 1165 eum
1398 1135 1508 1166 con·

230 1189 367 1236 stabat
400 1187 639 1252 colloquio
671 1200 800 1234 tenus
829 1188 1083 1237 defensores
1118 1190 1338 1237 moenium
1364 1202 1510 1237 tenta-

231 1277 381 1310 turum
416 1297 428 1316 ‚
464 1261 676 1308 aliorsum
722 1262 945 1308 Antonini
985 1264 1172 1310 consilio
1216 1263 1510 1312 festinantem.

231 1337 402 1382 Verum
424 1332 603 1381 coeleste
623 1350 787 1380 numen
808 1369 822 1391 ‚
848 1347 898 1380 ut
915 1336 1132 1382 Romanae
1151 1337 1212 1383 rei
1229 1337 1369 1384 totius
1402 1354 1510 1383 aeru-

227 1425 354 1455 mnas
394 1407 508 1454 intra
531 1406 672 1453 ·unius
708 1406 904 1470 regionis
933 1408 1223 1454 concluderet
1258 1409 1473 1455 ambitum
1495 1444 1510 1468 ,

230 1481 435 1545 adegerat
454 1480 500 1526 in
524 1479 786 1527 immensum
809 1479 850 1526 se
877 1480 1168 1527 extollentem
1191 1516 1204 1539 ,
1232 1482 1510 1528 credentem-

229 1571 335 1618 que,
349 1552 476 1616 quod
487 1551 584 1599 viso
604 1551 747 1598 statim
767 1552 924 1599 obseffi
943 1569 1100 1600 omnes
1116 1567 1236 1600 metu
1256 1554 1512 1609 exanimati,

229 1626 451 1689 supplices
492 1625 701 1672 venirent
740 1625 787 1672 in
818 1641 984 1688 preces.
1016 1626 1163 1673 Portis
1193 1626 1513 1689 obequitabat,

231 1700 478 1747 comitante
500 1699 693 1746 cohorte
711 1698 848 1762 regali
872 1716 884 1746 ε
905 1698 983 1762 qui
1004 1699 1107 1744 dum
1129 1698 1169 1745 se
1193 1715 1335 1763 prope
1361 1699 1511 1748 confi-

234 1772 411 1819 dentius
439 1771 618 1830 inserit,
659 1783 710 1818 ut
738 1772 869 1817 etiam
902 1770 1058 1818 vultus
1079 1769 1172 1831 ejus
1196 1771 1328 1833 possit
1362 1786 1513 1835 aperte

232 1845 483 1910 cognosci3
515 1845 680 1909 sagittis
708 1842 1029 1908 missilibusque
1060 1844 1216 1890 ceteris
1245 1845 1306 1890 ob
1348 1845 1511 1892 decora

232 1920 395 1983 petitus
416 1919 601 1983 insignia
618 1954 632 1977 ,
651 1918 911 1976 corruisset,
935 1917 981 1963 ni
1007 1917 1196 1980 pulvere
1222 1916 1514 1978 iaculantium

233 1993 455 2039 adimente
479 1991 765 2054 conspeEtum
780 2027 794 2047 ‚
815 2003 937 2054 parte
953 1989 1202 2036 indumenti
1221 1991 1402 2054 tragulae
1422 1991 1513 2037 iem

235 2063 401 2111 discissa
423 2099 436 2121 ,
457 2063 656 2110 editurus
678 2062 830 2125 postea
852 2062 1009 2124 strages
1028 2061 1279 2107 innumeras
1302 2061 1513 2111 evasisset.

235 2136 355 2183 Hinc
383 2136 504 2198 quast
527 2135 575 2182 in
597 2134 830 2198 sacrilegos
850 2134 1008 2181 violati
1026 2133 1210 2179 saeviens
1241 2134 1423 2196 templi,
1445 2147 1514 2180 te-

236 2222 547 2272 meratumque
575 2221 645 2256 tot
671 2224 824 2271 regum
854 2209 903 2255 &
930 2206 1126 2270 gentium
1148 2207 1383 2254 dominum
1403 2223 1515 2270 prae·

238 2282 390 2329 dicans
410 2317 422 2340 ‚
443 2282 648 2328 eruendae
671 2280 793 2328 urbis
822 2292 1033 2343 apparatu
1062 2280 1224 2327 nisibus
1253 2281 1421 2345 magnis
1440 2280 1513 2327 in-

239 2355 378 2402 stabat
397 2373 408 2402 2
430 2357 478 2403 &
496 2355 727 2402 orantibus
752 2353 983 2417 potissimis
1003 2354 1210 2413 ducibus,
1232 2371 1284 2401 ne
1306 2353 1511 2418 profusus

238 2428 285 2474 in
304 2426 414 2474 iram
442 2444 464 2473 a
491 2427 696 2490 gloriosis
727 2425 984 2474 descisceret
1011 2427 1197 2488 coe-ptis,
1216 2427 1303 2474 leni
1325 2428 1514 2474 summa-

240 2516 336 2550 tum
360 2500 581 2566 petitione
603 2501 797 2565 placatus
812 2536 827 2560 ,
857 2499 1066 2564 postridie
1088 2516 1271 2564 quoque
1288 2499 1415 2563 super
1434 2499 1514 2545 de-
