1626 2917
162 185 244 233 152
361 169 1222 218 AMMIANIMARCEI.L1N1

158 289 290 323 raret.
318 276 409 323 Vix
431 277 534 322 dum
559 275 738 338 populis
761 276 996 323 hostilibus
1022 278 1161 326 stratis
1182 316 1193 336 ‚
1217 278 1431 343 gregatim

155 362 463 412 peremtorum
505 347 845 395 necestitudines
886 350 1164 396 ducebantur
1193 351 1434 399 humilibus

156 425 365 470 extractae
397 424 608 485 tuguriis,
644 423 784 470 :etatis
819 423 1034 486 sexusque
1063 425 1331 487 promiscui:
1360 427 1434 484 &,

155 495 267 542 fastu
289 497 395 542 vitae
418 495 582 558 prioris
604 496 776 542 abolito
795 533 806 551 ,
823 497 876 542 ad
891 495 1169 544 infimitatem
1191 497 1435 560 obsequio-

155 586 256 616 rum
278 585 441 615 venere
467 568 726 614 servilium:
756 569 806 615 &
843 569 1009 634 exigito
1045 570 1262 632 temporis
1295 570 1437 616 inter-

156 642 283 688 vallo
325 640 514 687 decurso
537 676 550 697 ,
580 639 795 687 caesorum
829 658 1035 705 aggeres,
1070 643 1120 689 &
1152 642 1437 706 captivorum

157 712 333 776 agmina
369 713 679 759 cernebantur.
700 712 916 760 Incitante
942 712 1094 776 itaque
1127 715 1308 763 fervore
1341 731 1438 762 cer-

157 783 376 830 taminum
393 820 406 840 ,
425 783 659 848 fructuque
689 783 905 831 vincendi
927 821 942 842 ,
964 784 1296 833 consurrefitum
1317 786 1439 833 estin

157 857 404 920 perniciem
426 873 585 904 eorum
601 893 614 912 ,
634 856 711 921 qui
733 856 963 903 deseruere
995 857 1156 919 proelia
1176 893 1190 915 ,
1211 858 1286 904 vel
1309 857 1352 904 in
1371 869 1439 903 tu·

159 930 296 993 guriis
312 931 533 979 latitantes
549 932 903 979 occultabantur.
919 933 1031 989 Hos,
1051 949 1151 979 cum
1171 931 1222 977 ad
1241 932 1340 979 loca
1357 947 1439 977 ve-

157 1003 288 1050 niffet
306 1004 466 1052 avidus
483 1004 697 1051 barbarici
717 1004 938 1069 sanguinis
959 1006 1084 1054 miles
1106 1042 1118 1062 ‚
1137 1004 1325 1067 disjectis
1341 1003 1440 1052 cul-

157 1076 243 1125 mis
278 1078 453 1125 levibus
477 1078 799 1124 obtruncabat:
818 1094 900 1124 nec
915 1095 1184 1141 quemquam
1206 1078 1299 1125 casa
1319 1113 1333 1135 ,
1364 1076 1441 1123 vel

158 1152 358 1199 trabibus
373 1153 604 1216 compasta
616 1150 883 1208 firmiffimis,
895 1151 1101 1214 periculo
1115 1151 1273 1198 mortis
1289 1164 1440 1197 extra-

157 1227 240 1274 xit.
264 1226 479 1290 Denique
508 1243 610 1273 cum
637 1225 1021 1272 inflammarentur
1045 1225 1197 1273 omnia
1221 1262 1234 1283 ‚
1267 1224 1440 1272 nullus-

157 1317 250 1364 que
282 1301 417 1347 latere
451 1299 536 1359 jam
567 1299 741 1360 posset,
765 1299 933 1344 cunEiis
967 1298 1075 1344 vitae
1110 1298 1320 1358 praefidiis
1350 1298 1441 1346 cir-

158 1374 389 1431 cumcisis,
419 1389 494 1421 aut
515 1373 733 1419 obstinate
765 1372 860 1434 igni
891 1372 1063 1436 peribat
1083 1372 1309 1420 absumtus
1328 1407 1341 1427 ‚
1362 1383 1440 1420 aut

156 1448 420 1495 incendium
446 1448 591 1494 vitans
611 1446 885 1510 egressusque
901 1479 914 1501 ‚
945 1463 1040 1493 uno
1065 1446 1284 1509 supplicio
1305 1446 1445 1493 decli-

158 1536 269 1570 nato
287 1559 300 1576 ‚
322 1521 443 1567 ferro
464 1520 737 1567 sternebatur
755 1519 920 1568 hostili.
944 1519 1175 1581 Fugientes
1197 1531 1343 1566 tamen
1363 1517 1444 1564 ali·

160 1596 240 1657 qui
259 1595 344 1642 tela
369 1592 774 1656 incendiorumque
798 1592 1148 1656 magnitudinem
1166 1627 1179 1650 ‚
1203 1591 1345 1639 amnis
1367 1589 1443 1638 vi-

160 1669 251 1716 cini
274 1668 314 1715 se
343 1668 604 1716 commisere
635 1667 888 1732 gurgitibus
907 1703 920 1725 ‚
965 1667 1121 1729 peritia
1158 1666 1294 1714 nandi
1324 1666 1442 1729 ripas

160 1743 399 1789 ulteriores
434 1759 660 1805 occupare
686 1741 808 1803 posse
845 1741 1094 1805 sperantes:
1123 1758 1317 1804 quorum
1340 1740 1442 1803 ple-

161 1817 291 1870 rique
313 1816 520 1863 submersi
555 1816 698 1863 necati
721 1815 818 1862 sunt
833 1851 846 1874 ‚
871 1814 946 1862 alii
969 1813 1121 1870 iaculis
1140 1814 1309 1876 periere
1325 1829 1442 1861 con-

160 1888 240 1935 fixi
263 1889 402 1934 :adeo
421 1900 471 1935 ut
485 1925 496 1943 ,
515 1888 692 1935 abunde
716 1905 879 1936 cruore
901 1885 1088 1944 diffuso,
1105 1899 1277 1933 meatus
1295 1885 1444 1932 flumi-

159 1959 230 2005 nis
249 1959 468 2021 spumaret
486 1957 707 2006 immensi:
727 1959 786 2006 ita
808 1974 888 2020 per
906 1957 1175 2004 elementum
1197 1968 1441 2018 utrumque

160 2032 377 2078 Sarmatas
395 2030 674 2079 vincentium
694 2030 758 2077 ira
785 2029 1015 2094 virtusque
1043 2029 1226 2076 delevit.
1255 2029 1439 2076 Placue-

159 2117 230 2150 rat
257 2103 390 2166 igitur
405 2139 417 2161 ‚
438 2103 536 2167 post
570 2104 692 2151 bunc
708 2121 856 2151 rerum
877 2103 1086 2151 ordinem
1104 2102 1273 2150 cunetis
1305 2101 1440 2150 adimi

160 2176 281 2240 spem
310 2193 491 2223 omnem
530 2177 729 2239 vitaeque
758 2177 992 2224 solatium:
1014 2177 1064 2223 &
1096 2175 1194 2235 post
1222 2176 1332 2222 lares
1369 2175 1441 2221 in-

161 2248 320 2296 censos
340 2248 571 2311 raptasque
586 2247 792 2308 familias,
811 2248 984 2313 navigia
1009 2245 1118 2309 jussa
1139 2247 1237 2294 sunt
1255 2246 1442 2309 colligi,

160 2321 218 2368 ad
236 2321 512 2383 indagandos
529 2357 541 2378 ‚
558 2339 672 2384 quos
694 2339 717 2368 a
749 2322 1007 2371 nostrorum
1026 2321 1120 2367 acie
1140 2320 1332 2367 ulterior
1352 2319 1443 2365 dis-

161 2408 371 2443 creverat
410 2393 518 2459 ripa.
543 2395 788 2457 Statimque
805 2431 818 2453 ‚
848 2412 903 2441 ne
923 2392 1124 2441 alacritas
1151 2391 1443 2452 intepesceret

160 2480 461 2534 pugnatorum
480 2503 494 2528 ‚
522 2466 718 2533 impositi
741 2467 946 2516 lintribus
963 2483 1041 2531 per
1059 2465 1206 2518 abdita
1227 2464 1347 2513 ducti
1369 2479 1446 2514 ve·
